3256 5400
180 220 244 281 670
689 215 749 277 ΕΡ.
769 216 822 277 ΔΙ)
844 212 1018 278 Articuli

181 375 308 451 laboro;
331 373 389 439 etsi
411 371 597 458 scripseram
620 369 660 435 ad
680 378 712 435 te
734 380 808 436 tunc
825 370 939 437 stulte:
965 368 1094 446 ..nibil
1116 369 1291 438 molius.”
1335 371 1525 440 Curandum

181 470 265 537 euim
288 488 351 533 non
380 474 436 530 est.
478 469 579 549 Atque
610 461 686 537 boc,
720 464 784 538 „in
812 465 916 530 omni
944 470 1027 530 vita
1049 485 1385 552 suaquemquea
1407 476 1525 532 recta

181 559 430 628 conscientia
461 566 698 623 traversum
730 578 900 641 unguem
941 579 1021 624 non
1055 550 1220 644 'oportet
1247 558 1524 634 discedere”,

182 655 276 725 viden
299 673 392 739 quam
415 650 630 733 φιλοσόφωςτ
662 652 710 716 An
743 660 777 716 tu
805 671 862 717 nos
890 651 1007 717 frustra
1031 651 1194 718 existimas
1215 653 1294 719 baec
1314 654 1348 719 in
1370 653 1525 721 manibus

160 747 321 814 »baberet
355 749 523 824 Aadigbac
552 754 582 809 te
612 744 746 819 nollem,
786 743 872 831 quod
898 745 976 811 nibil
1007 756 1086 810 erat.
1142 745 1250 813 Redeo
1280 746 1365 812 enim
1407 769 1525 814 rursus

181 841 303 908 eodem.
348 838 569 925 Quidquamne
598 858 649 903 me
670 848 761 923 putas
783 859 895 903 curare
916 839 949 904 in
971 840 1085 921 †toto,
1115 841 1176 906 nisi
1197 851 1231 907 ut
1260 841 1289 906 ei
1319 862 1359 907 ne
1392 840 1525 907 desim?

179 935 215 1002 ld
236 955 296 1019 ago
318 932 449 1006 scilicet,
479 941 516 996 ut
535 930 649 997 iudicia
671 931 780 997 videar
803 935 925 997 tenerel
964 935 1027 1014 Μή
1053 934 1119 1017 γὰρ
1142 938 1264 1012 αὐτοῖς.
1307 935 1437 1002 Vellem
1459 946 1525 1000 tam

179 1028 350 1095 domestica
385 1026 469 1092 lerre
498 1045 624 1111 possem
657 1046 751 1111 quam
782 1026 841 1091 ista
868 1037 1080 1093 contemnere.
1134 1031 1227 1095 Putas
1249 1040 1354 1095 autem
1387 1051 1442 1095 me
1466 1052 1525 1096 vo-

180 1123 275 1188 luisse
304 1119 435 1205 aliquid,
473 1116 560 1205 quod
589 1117 764 1205 perfectum
793 1140 856 1185 non
886 1120 950 1185 sitl
986 1126 1054 1187 Non
1087 1121 1160 1187 licet
1188 1122 1306 1188 scilieet
1327 1126 1523 1190 sententiam

146 1235 286 1288 usuam3
318 1213 374 1280 sed
406 1223 510 1278 166166
542 1222 712 1298 quactum
741 1222 808 1279 acta
837 1224 930 1289 suot,
966 1237 1032 1280 non
1053 1235 1181 1302 possum
1205 1237 1268 1282 nou
1290 1217 1450 1302 probare;
1493 1228 1524 1283 et

180 1319 374 1373 tamennon
401 1327 513 1373 curare
542 1304 672 1392 pulchre
702 1326 846 1392 possum,
881 1307 971 1373 sicuti
1005 1307 1097 1374 facio.
1147 1308 1211 1375 Sed
1245 1309 1382 1375 nimium
1421 1309 1525 1376 multa

178 1400 219 1467 de
240 1401 343 1486 augis.

634 1562 718 1624 XXI.
762 1557 818 1642 (d.
844 1563 877 1625 tl.
900 1563 932 1626 C.
954 1561 1050 1630 709.)

662 1682 805 1746 CICERO
827 1684 972 1749 ATTICO
996 1687 1027 1748 S.

149 1842 174 1884 rs
272 1820 298 1880 1.
321 1813 368 1880 dd
389 1812 524 1877 Hirtium
546 1809 696 1877 dederam
717 1811 881 1898 epistolam
904 1832 979 1876 sane
1001 1812 1169 1898 grandem,
1206 1835 1299 1901 quam
1322 1805 1522 1903 scripseram

179 1909 325 1996 proxime
347 1907 378 1971 in
401 1906 587 1971 Tusculano.
638 1905 735 1978 Huic,
772 1914 952 1992 quamtum
975 1907 1051 1971 mibi
1073 1908 1204 1981 misisti,
1228 1910 1404 1976 rescribam
1430 1912 1521 1978 alias.

178 2008 266 2070 Nune
286 2003 396 2083 lalias
418 1999 511 2065 malo.
565 2003 595 2064 2.
619 1999 702 2077 Quid
725 2019 852 2085 possum
875 1998 914 2065 de
936 2006 1117 2088 Torquato,
1152 2002 1213 2067 nisi
1235 2003 1355 2089 aliquid
1377 2026 1396 2067 a
1421 2005 1523 2071 Dola-

178 2096 280 2163 bella?
312 2092 405 2173 Quod
435 2094 528 2158 simul
557 2113 609 2166 ac,
646 2093 795 2158 continuo
825 2093 939 2159 scietis.
983 2094 1211 2181 Exspectabam
1234 2097 1329 2162 bodie
1352 2108 1409 2163 aot
1432 2119 1524 2163 sum-

178 2211 265 2256 mum
286 2209 356 2255 cras
378 2186 479 2252 abeo
501 2185 697 2263 tabellarios;
721 2187 776 2272 qui
798 2187 950 2252 simulac
972 2190 1130 2264 venerint,
1154 2191 1317 2257 mittentur
1338 2192 1379 2256 ad
1402 2202 1450 2257 te.
1495 2199 1523 2258 A

140 2309 170 2353 ao
180 2284 298 2362 Quinto
326 2291 486 2367 exspecto.
543 2278 745 2346 Proficiscens
774 2281 858 2346 enim
888 2302 905 2345 e
940 2283 1116 2349 Tusculano
1152 2304 1212 2349 rrx.
1240 2285 1332 2354 Kal..
1371 2296 1409 2351 ut
1441 2286 1524 2361 scis,

179 2377 250 2442 misi
278 2374 317 2440 ad
349 2396 421 2439 eum
453 2373 644 2439 tabellarios.
699 2378 730 2439 3.
759 2378 866 2447 Nune,
903 2373 943 2438 ad
975 2395 1044 2439 rem
1072 2386 1108 2442 ut
1134 2377 1283 2453 redeam,
1319 2377 1525 2444 inhibere

177 2471 255 2537 illud
276 2480 380 2542 mum,
415 2466 500 2553 quod
523 2466 613 2531 valde
635 2465 711 2531 mibi
733 2466 903 2539 arriserat,
926 2467 1131 2535 vehementer
1152 2470 1306 2557 displicet.
1349 2476 1407 2538 Est
1432 2473 1524 2537 enim

178 2563 310 2630 verbum
333 2570 430 2627 totum
453 2561 621 2625 nauticum.
680 2563 878 2645 Quamquam
899 2561 932 2626 id
953 2563 1083 2648 quidem
1104 2564 1261 2643 sciebam
1299 2565 1356 2629 sed
1378 2564 1526 2630 arbitra-

178 2658 236 2722 bar
257 2655 402 2722 sustineri
432 2674 552 2727 remos,
584 2674 655 2718 eom
681 2652 826 2718 inhibere
858 2667 961 2721 essent
988 2658 1124 2743 remiges
1152 2659 1239 2724 iussi.
1297 2659 1333 2724 ld
1355 2680 1424 2725 non
1448 2681 1525 2724 esse

140 2749 335 2818 areiusmodi
357 2748 451 2813 didici
474 2747 562 2819 beri,
595 2768 665 2811 oum
692 2746 732 2811 ad
760 2747 866 2811 villam
890 2759 1030 2816 nostram
1051 2753 1139 2818 navis
1161 2753 1383 2839 appellerotur.
1447 2758 1524 2819 lton

178 2844 262 2910 enim
289 2843 456 2914 sustinent,
490 2841 546 2906 sed
574 2841 637 2905 alio
667 2840 764 2906 modo
790 2840 956 2927 remigant.
1011 2844 1047 2909 ld
1075 2848 1114 2910 ab
1136 2852 1240 2933 ἐποχῇ
1260 2847 1522 2913 remotissimum

178 2949 235 3003 est.
280 2939 387 3014 Quare
420 2934 530 3009 socies,
564 2946 599 2998 ut
620 2935 662 2999 ita
685 2935 723 3000 sit
744 2936 777 3000 in
799 2932 898 3007 libro,
937 2938 1200 3023 quemadmodum
1223 2941 1291 3007 fuit.
1333 2942 1432 3006 Dices
1456 2941 1525 3006 hoc

177 3030 261 3104 idem
291 3029 443 3106 Varroni,
480 3029 508 3094 si
535 3028 618 3094 forte
648 3028 788 3093 mutavit.
840 3033 903 3094 Neo
933 3042 980 3096 est
1001 3033 1111 3098 melius
1140 3034 1325 3121 quidquam,
1358 3056 1459 3121 quam
1484 3045 1525 3101 ut

177 3123 343 3190 Lucullus:

140 3266 167 3306 so
346 3247 500 3309 Sustineat
521 3265 665 3316 curmae,
687 3255 721 3306 ut
742 3246 828 3307 bonu'
849 3267 934 3328 saepe
955 3249 1109 3329 agitator,
1132 3253 1296 3332 equosque!

177 3389 362 3454 semperque
390 3365 564 3433 Carneades
597 3367 764 3449 προβολήν
792 3366 905 3452 pugilis
935 3375 966 3430 et
987 3368 1197 3432 retentionem
1218 3370 1347 3454 aurigae
1371 3370 1520 3438 similem

176 3462 249 3527 facit
270 3467 383 3547 ἐποχῇ.
432 3460 579 3526 lubibitio
607 3453 712 3525 autom
741 3463 896 3545 remigum
925 3471 1045 3526 motum
1069 3461 1162 3529 babet
1184 3472 1215 3527 et
1235 3464 1519 3531 vehementiorem

176 3554 303 3642 quidem
326 3555 539 3638 remigationis
561 3575 672 3618 navem
695 3554 905 3619 convertentis
927 3553 965 3618 ad
987 3556 1127 3640 puppim.
1170 3556 1281 3632 Vides,
1304 3568 1424 3644 quanto
1448 3561 1518 3626 boc

247 3775 272 3822 1.
302 3772 367 3821 nibil
393 3774 462 3822 enim
485 3773 577 3821 melius
601 3772 751 3821 curandum
769 3779 807 3823 est
825 3772 847 3822 1.
869 3798 900 3809 -
937 3774 964 3824 2.
983 3773 1066 3837 Atqui
1084 3775 1116 3824 Y.
1206 3773 1291 3837 reato}
1311 3783 1409 3827 nostro
1428 3779 1453 3828 1.
1479 3805 1512 3818 -

179 3844 206 3894 3.
232 3852 411 3893 transversum
438 3843 449 3890 1
474 3847 500 3892 et
525 3855 595 3891 corr.
616 3842 654 3892 bl.
687 3865 716 3876 -
753 3842 780 3891 6.
798 3843 966 3904 ptttosoptos
983 3845 1015 3894 11.
1044 3865 1075 3880 -
1111 3841 1165 3907 Aa]
1185 3845 1260 3894 baud
1277 3846 1317 3907 n,
1346 3855 1396 3898 out
1421 3849 1444 3898 l.
1479 3875 1512 3887 -

175 3914 202 3964 6.
233 3916 262 3962 iri
294 3909 361 3974 toto]
388 3914 417 3960 in
449 3913 508 3961 uita
539 3913 695 3962 Lambinus.
739 3913 811 3962 Fort.
842 3915 872 3960 iu
901 3912 971 3975 [oro.
1005 3913 1056 3964 06.
1078 3935 1109 3949 -
1144 3917 1169 3964 ai
1187 3912 1288 3978 (loro)]
1316 3919 1360 3966 oui
1378 3918 1512 3969 Ernestio

175 3991 287 4034 auctora
315 3982 481 4032 Schuetaius.
515 4005 545 4016 —
584 3995 689 4032 neom.
714 3983 736 4031 1.
769 4006 799 4016 -·
835 3983 859 4031 7.
879 3995 930 4047 eqo
948 3980 1054 4044 scilieet]
1074 3986 1185 4048 agnosci
1203 3985 1265 4035 licet
1283 3985 1357 4036 61111.
1380 4012 1411 4024 -
1437 3988 1512 4038 iudi·

175 4057 219 4105 cio
236 4055 371 4102 66666666
390 4053 483 4101 videor
501 4066 550 4101 suo
569 4053 699 4101 arbitratu
719 4052 868 4101 Ernestius.
887 4077 920 4086 —
959 4051 1060 4103 Graeca
1080 4067 1135 4103 om.
1156 4056 1188 4104 11.
1209 4081 1237 4091 -
1267 4055 1293 4104 8.
1315 4054 1395 4119 [erre]
1416 4055 1512 4119 [acere

175 4126 206 4175 11.
238 4149 265 4160 -
303 4124 330 4173 9.
351 4119 506 4185 perfectum]
525 4127 623 4171 rectum
641 4122 799 4170 Lambinus.
830 4148 859 4157 -
897 4121 1006 4186 scilieet]
1025 4123 1110 4172 silicet
1126 4123 1163 4174 bl.
1196 4149 1226 4159 -
1264 4125 1306 4175 10.
1328 4125 1427 4189 tomen]
1449 4136 1511 4178 tom

175 4196 198 4245 l.
220 4219 250 4230 -
287 4199 414 4242 tumom.
436 4193 467 4241 11.
502 4218 529 4228 -
569 4192 610 4240 16.
632 4187 697 4253 tum]
718 4197 746 4240 tu
764 4191 838 4242 111111.
877 4189 921 4253 (Ut
940 4207 1011 4248 uos,
1031 4193 1095 4250 YZ.)
1117 4217 1145 4227 -
1185 4194 1227 4244 17.
1247 4195 1420 4247 olioeblltl:
1441 4199 1510 4247 aliis

175 4266 223 4315 Pio
242 4271 352 4313 auctore
379 4277 441 4311 eum
461 4263 525 4312 Edd.
548 4268 607 4324 post
625 4265 687 4312 Asc.
709 4274 764 4310 sec.
786 4261 815 4310 E.
852 4261 965 4312 Malim:
994 4263 1060 4310 olio.
1082 4262 1132 4313 Oa.
1162 4290 1190 4301 -
1229 4264 1271 4314 18.
1289 4267 1381 4315 scieris
1400 4269 1508 4319 Ascen-

175 4338 268 4386 siauae
287 4339 359 4391 tres,
383 4334 445 4380 scies
465 4346 520 4394 mg.
541 4334 644 4395 ltepett.
664 4332 758 4380 Lamb-
792 4353 818 4363 -
857 4333 901 4382 20.
922 4333 984 4393 nm]
1003 4346 1041 4382 rr.
1062 4332 1219 4383 Schuetzius
1238 4350 1269 4384 er
1288 4335 1337 4398 Ep.
1357 4337 1401 4396 to,
1421 4339 1449 4388 5.
1471 4365 1506 4376 -

174 4407 220 4456 24.
247 4404 360 4454 inhiberi
385 4402 460 4452 Mill.
491 4428 519 4438 -
559 4403 602 4451 26.
632 4403 726 4464 epocha
752 4401 798 4450 111.
824 4428 854 4437 -
903 4402 1015 4468 ἐποχῆς
1044 4402 1095 4452 Vb.
1132 4404 1172 4453 De
1199 4404 1226 4453 bl
1255 4419 1310 4455 non
1342 4407 1437 4470 liquat.
1472 4434 1502 4446 -

174 4476 220 4526 28.
250 4473 365 4524 Varroni
390 4474 413 4521 ai
440 4470 507 4532 sorte
534 4471 569 4520 111
596 4479 622 4522 et
652 4471 827 4522 Schuetzius:
863 4473 948 4521 Varro
968 4475 1020 4522 nisi
1042 4474 1111 4538 [orte
1129 4474 1174 4534 Μ,
1204 4477 1336 4533 Varroni,
1361 4479 1415 4526 nisi
1431 4479 1505 4542 {orte

175 4560 237 4596 cum
262 4544 328 4595 Cod.
355 4543 382 4592 in
410 4555 463 4604 mg.
494 4542 598 4604 llepett.
628 4542 722 4592 bamb.
752 4541 783 4590 li.
821 4540 952 4605 (Mariani
970 4558 1001 4593 ex
1019 4542 1086 4606 Epp.
1112 4545 1145 4594 ad
1165 4546 1239 4594 Fam.
1261 4546 1313 4607 16,
1336 4548 1504 4599 16616661

175 4612 355 4675 Sebuetatos.)
386 4638 418 4648 -
455 4612 499 4662 29.
528 4610 665 4675 Lucullus]
688 4611 805 4663 Lucilios
831 4614 948 4663 malebat
974 4613 1125 4677 Malaspiua
1150 4620 1177 4664 et
1194 4615 1287 4665 Osann
1305 4615 1385 4667 Anal.
1407 4631 1434 4681 p.
1456 4620 1502 4669 15.

175 4686 229 4737 Ct'r.
250 4686 372 4737 Goerena
389 4682 424 4732 ad
442 4681 526 4732 Aeso.
548 4696 574 4744 p.
595 4682 691 4732 xxxi.
725 4706 755 4718 -
792 4680 835 4732 30.
855 4682 992 4733 Sestiacos
1018 4696 1079 4732 cum
1104 4682 1170 4734 Cod.
1198 4685 1345 4736 Larnbiuus
1365 4688 1392 4737 in
1420 4686 1501 4739 Curis

175 4770 231 4806 sec.
259 4761 286 4806 et
312 4768 353 4818 pr.
381 4753 417 4803 61.
443 4779 473 4789 -
510 4750 587 4799 bonu·
612 4764 691 4816 saepe
720 4752 806 4803 Aldus
833 4765 938 4816 nepos:
969 4754 1051 4803 tonus
1068 4767 1145 4816 coepe
1168 4755 1265 4806 11111111.
1287 4778 1316 4790 -
1353 4759 1500 4822 equosque]

174 4841 253 4892 equor
270 4826 306 4884 n,
325 4838 382 4872 om.
401 4823 424 4871 l.
443 4845 476 4857 -
513 4821 557 4871 32.
576 4818 669 4891 ἐποχῇ
688 4835 742 4872 om.
762 4824 793 4873 li.
