<?xml version="1.0" encoding="UTF-8"?>
<!DOCTYPE html PUBLIC "-//W3C//DTD XHTML 1.0 Transitional//EN"
    "http://www.w3.org/TR/xhtml1/DTD/xhtml1-transitional.dtd">
<html xmlns="http://www.w3.org/1999/xhtml" xml:lang="en" lang="en">
 <head>
  <title>
</title>
<meta http-equiv="Content-Type" content="text/html;charset=utf-8" />
  <meta name='ocr-system' content='tesseract 3.04.00' />
  <meta name='ocr-capabilities' content='ocr_page ocr_carea ocr_par ocr_line ocrx_word'/>
</head>
<body>
  <div class='ocr_page' id='page_1' title='image "./operaquaesupers06halmgoog_0374.png"; bbox 0 0 3256 5400; ppageno 0'>
   <div class='ocr_carea' id='block_1_1' title="bbox 188 227 1267 298">
    <p class='ocr_par' dir='ltr' id='par_1_1' title="bbox 188 227 1267 298">
     <span class='ocr_line' id='line_1_1' title="bbox 188 227 1267 298; baseline 0.004 -4"><span class='ocrx_word' id='word_1_1' title='bbox 188 232 250 294; x_wconf 79' lang='lat' dir='ltr'><strong>aot</strong></span> <span class='ocrx_word' id='word_1_2' title='bbox 414 227 688 295; x_wconf 75' lang='lat' dir='ltr'><strong>urtsrotlltttrt</strong></span> <span class='ocrx_word' id='word_1_3' title='bbox 708 231 760 293; x_wconf 80' lang='lat' dir='ltr'><strong>Ab</strong></span> <span class='ocrx_word' id='word_1_4' title='bbox 782 231 872 295; x_wconf 71' lang='lat' dir='ltr'><strong>stit.</strong></span> <span class='ocrx_word' id='word_1_5' title='bbox 914 231 988 294; x_wconf 90' lang='lat' dir='ltr'><strong>LlB.</strong></span> <span class='ocrx_word' id='word_1_6' title='bbox 1009 232 1092 296; x_wconf 83' lang='lat' dir='ltr'><strong>XVl.</strong></span> <span class='ocrx_word' id='word_1_7' title='bbox 1133 231 1193 294; x_wconf 82' lang='grc' dir='ltr'><strong>ΕΡ.</strong></span> <span class='ocrx_word' id='word_1_8' title='bbox 1215 231 1267 298; x_wconf 76' lang='lat'><strong>27.</strong></span> 
     </span>
    </p>
   </div>
   <div class='ocr_carea' id='block_1_2' title="bbox 627 386 1063 470">
    <p class='ocr_par' dir='ltr' id='par_1_2' title="bbox 627 386 1063 470">
     <span class='ocr_line' id='line_1_2' title="bbox 627 386 1063 470; baseline 0.002 -20"><span class='ocrx_word' id='word_1_9' title='bbox 627 388 752 453; x_wconf 82' lang='grc' dir='ltr'>ιινιι.</span> <span class='ocrx_word' id='word_1_10' title='bbox 796 386 844 470; x_wconf 80' lang='grc' dir='ltr'><strong>(ι.</strong></span> <span class='ocrx_word' id='word_1_11' title='bbox 870 389 902 452; x_wconf 83' lang='grc' dir='ltr'><strong>ιι.</strong></span> <span class='ocrx_word' id='word_1_12' title='bbox 925 390 957 452; x_wconf 87' lang='lat' dir='ltr'><strong>c.</strong></span> <span class='ocrx_word' id='word_1_13' title='bbox 979 387 1063 470; x_wconf 80' lang='grc' dir='ltr'><strong>ιιι.)</strong></span> 
     </span>
    </p>
   </div>
   <div class='ocr_carea' id='block_1_3' title="bbox 270 510 1504 708">
    <p class='ocr_par' dir='ltr' id='par_1_3' title="bbox 270 510 1504 708">
     <span class='ocr_line' id='line_1_3' title="bbox 533 510 1155 587; baseline -0.003 -11"><span class='ocrx_word' id='word_1_14' title='bbox 533 512 569 587; x_wconf 86' lang='lat' dir='ltr'><strong>Q.</strong></span> <span class='ocrx_word' id='word_1_15' title='bbox 593 511 734 576; x_wconf 79' lang='lat' dir='ltr'>CICERO</span> <span class='ocrx_word' id='word_1_16' title='bbox 757 512 891 575; x_wconf 84' lang='lat' dir='ltr'>TIRONI</span> <span class='ocrx_word' id='word_1_17' title='bbox 912 510 987 575; x_wconf 89' lang='lat' dir='ltr'><strong>SUO</strong></span> <span class='ocrx_word' id='word_1_18' title='bbox 1010 513 1041 574; x_wconf 90' lang='lat' dir='ltr'><strong>S.</strong></span> <span class='ocrx_word' id='word_1_19' title='bbox 1063 514 1096 575; x_wconf 87' lang='lat' dir='ltr'><strong>P.</strong></span> <span class='ocrx_word' id='word_1_20' title='bbox 1117 515 1155 574; x_wconf 86' lang='grc' dir='ltr'><strong>Ι).</strong></span> 
     </span>
     <span class='ocr_line' id='line_1_4' title="bbox 270 619 1504 708; baseline 0.001 -21"><span class='ocrx_word' id='word_1_21' title='bbox 270 627 299 688; x_wconf 90' lang='grc'><strong>1.</strong></span> <span class='ocrx_word' id='word_1_22' title='bbox 327 619 488 686; x_wconf 85' lang='lat' dir='ltr'><strong>Mirificam</strong></span> <span class='ocrx_word' id='word_1_23' title='bbox 512 629 555 686; x_wconf 90' lang='lat' dir='ltr'><strong>mt</strong></span> <span class='ocrx_word' id='word_1_24' title='bbox 581 620 830 687; x_wconf 76' lang='lat' dir='ltr'><strong>verberationem</strong></span> <span class='ocrx_word' id='word_1_25' title='bbox 863 620 1044 686; x_wconf 82' lang='lat' dir='ltr'><strong>cessationis</strong></span> <span class='ocrx_word' id='word_1_26' title='bbox 1072 621 1203 708; x_wconf 88' lang='lat' dir='ltr'><strong>epistola</strong></span> <span class='ocrx_word' id='word_1_27' title='bbox 1229 620 1352 688; x_wconf 88' lang='lat' dir='ltr'><strong>dedisti.</strong></span> <span class='ocrx_word' id='word_1_28' title='bbox 1408 626 1504 698; x_wconf 84' lang='lat' dir='ltr'><strong>Nam,</strong></span> 
     </span>
    </p>
   </div>
   <div class='ocr_carea' id='block_1_4' title="bbox 151 713 1505 1810">
    <p class='ocr_par' dir='ltr' id='par_1_4' title="bbox 151 713 1505 1810">
     <span class='ocr_line' id='line_1_5' title="bbox 189 713 1503 803; baseline 0.002 -24"><span class='ocrx_word' id='word_1_29' title='bbox 189 736 269 802; x_wconf 89' lang='lat' dir='ltr'><strong>quae</strong></span> <span class='ocrx_word' id='word_1_30' title='bbox 290 715 414 801; x_wconf 86' lang='lat' dir='ltr'><strong>parcius</strong></span> <span class='ocrx_word' id='word_1_31' title='bbox 436 713 532 779; x_wconf 86' lang='lat' dir='ltr'><strong>irater</strong></span> <span class='ocrx_word' id='word_1_32' title='bbox 553 715 791 800; x_wconf 81' lang='lat' dir='ltr'><strong>perscripserat,</strong></span> <span class='ocrx_word' id='word_1_33' title='bbox 827 715 1014 782; x_wconf 87' lang='lat' dir='ltr'><strong>verecundia</strong></span> <span class='ocrx_word' id='word_1_34' title='bbox 1041 716 1185 783; x_wconf 87' lang='lat' dir='ltr'><strong>videlicet</strong></span> <span class='ocrx_word' id='word_1_35' title='bbox 1206 726 1237 782; x_wconf 90' lang='lat' dir='ltr'><strong>et</strong></span> <span class='ocrx_word' id='word_1_36' title='bbox 1262 716 1503 803; x_wconf 87' lang='lat' dir='ltr'><strong>properatione,</strong></span> 
     </span>
     <span class='ocr_line' id='line_1_6' title="bbox 165 807 1505 893; baseline 0.001 -20"><span class='ocrx_word' id='word_1_37' title='bbox 165 829 226 875; x_wconf 84' lang='lat' dir='ltr'><strong>sea</strong></span> <span class='ocrx_word' id='word_1_38' title='bbox 248 820 281 874; x_wconf 91' lang='lat' dir='ltr'><strong>tu</strong></span> <span class='ocrx_word' id='word_1_39' title='bbox 302 810 369 873; x_wconf 92' lang='lat' dir='ltr'><strong>sine</strong></span> <span class='ocrx_word' id='word_1_40' title='bbox 391 807 612 882; x_wconf 84' lang='lat' dir='ltr'><strong>assentatione,</strong></span> <span class='ocrx_word' id='word_1_41' title='bbox 644 818 679 874; x_wconf 92' lang='lat' dir='ltr'><strong>ut</strong></span> <span class='ocrx_word' id='word_1_42' title='bbox 700 817 801 881; x_wconf 89' lang='lat' dir='ltr'><strong>erant,</strong></span> <span class='ocrx_word' id='word_1_43' title='bbox 832 807 870 872; x_wconf 90' lang='lat' dir='ltr'><strong>ad</strong></span> <span class='ocrx_word' id='word_1_44' title='bbox 892 829 942 872; x_wconf 92' lang='lat' dir='ltr'><strong>me</strong></span> <span class='ocrx_word' id='word_1_45' title='bbox 964 808 1128 893; x_wconf 87' lang='lat' dir='ltr'><strong>scripsisti,</strong></span> <span class='ocrx_word' id='word_1_46' title='bbox 1158 818 1189 873; x_wconf 88' lang='lat' dir='ltr'><strong>et</strong></span> <span class='ocrx_word' id='word_1_47' title='bbox 1209 814 1346 874; x_wconf 84' lang='lat' dir='ltr'><strong>maxime</strong></span> <span class='ocrx_word' id='word_1_48' title='bbox 1368 809 1406 874; x_wconf 91' lang='lat' dir='ltr'><strong>de</strong></span> <span class='ocrx_word' id='word_1_49' title='bbox 1429 831 1505 875; x_wconf 91' lang='lat' dir='ltr'><strong>con-</strong></span> 
     </span>
     <span class='ocr_line' id='line_1_7' title="bbox 188 900 1504 989; baseline 0.001 -22"><span class='ocrx_word' id='word_1_50' title='bbox 188 901 308 968; x_wconf 89' lang='lat' dir='ltr'><strong>sulibus</strong></span> <span class='ocrx_word' id='word_1_51' title='bbox 330 902 511 986; x_wconf 81' lang='lat' dir='ltr'><strong>designatis,</strong></span> <span class='ocrx_word' id='word_1_52' title='bbox 544 923 624 988; x_wconf 88' lang='lat' dir='ltr'><strong>qnos</strong></span> <span class='ocrx_word' id='word_1_53' title='bbox 647 923 706 987; x_wconf 81' lang='lat' dir='ltr'><strong>ego</strong></span> <span class='ocrx_word' id='word_1_54' title='bbox 731 900 853 988; x_wconf 89' lang='lat' dir='ltr'><strong>penitus</strong></span> <span class='ocrx_word' id='word_1_55' title='bbox 876 901 950 966; x_wconf 85' lang='lat' dir='ltr'><strong>novi</strong></span> <span class='ocrx_word' id='word_1_56' title='bbox 965 901 1131 967; x_wconf 83' lang='lat' dir='ltr'><strong>libidinum</strong></span> <span class='ocrx_word' id='word_1_57' title='bbox 1153 913 1184 968; x_wconf 88' lang='lat' dir='ltr'><strong>et</strong></span> <span class='ocrx_word' id='word_1_58' title='bbox 1204 904 1362 989; x_wconf 81' lang='lat' dir='ltr'><strong>languoris</strong></span> <span class='ocrx_word' id='word_1_59' title='bbox 1383 904 1504 969; x_wconf 80' lang='lat' dir='ltr'><strong>effemi-</strong></span> 
     </span>
     <span class='ocr_line' id='line_1_8' title="bbox 187 993 1503 1083; baseline 0.001 -23"><span class='ocrx_word' id='word_1_60' title='bbox 187 996 338 1061; x_wconf 90' lang='lat' dir='ltr'><strong>natissimi</strong></span> <span class='ocrx_word' id='word_1_61' title='bbox 359 996 454 1061; x_wconf 82' lang='lat' dir='ltr'><strong>ammi</strong></span> <span class='ocrx_word' id='word_1_62' title='bbox 474 995 597 1083; x_wconf 91' lang='lat' dir='ltr'><strong>plenos;</strong></span> <span class='ocrx_word' id='word_1_63' title='bbox 620 997 674 1082; x_wconf 89' lang='lat' dir='ltr'><strong>qui</strong></span> <span class='ocrx_word' id='word_1_64' title='bbox 696 996 755 1061; x_wconf 89' lang='lat' dir='ltr'><strong>nisi</strong></span> <span class='ocrx_word' id='word_1_65' title='bbox 775 1016 794 1059; x_wconf 87' lang='lat' dir='ltr'><strong>a</strong></span> <span class='ocrx_word' id='word_1_66' title='bbox 814 993 1032 1081; x_wconf 76' lang='lat' dir='ltr'><strong>gubernaculis</strong></span> <span class='ocrx_word' id='word_1_67' title='bbox 1053 997 1253 1071; x_wconf 89' lang='lat' dir='ltr'><strong>recesserint,</strong></span> <span class='ocrx_word' id='word_1_68' title='bbox 1276 997 1446 1064; x_wconf 82' lang='lat' dir='ltr'><strong>maximnm</strong></span> <span class='ocrx_word' id='word_1_69' title='bbox 1461 998 1503 1062; x_wconf 88' lang='lat' dir='ltr'><strong>ab</strong></span> 
     </span>
     <span class='ocr_line' id='line_1_9' title="bbox 186 1088 1504 1177; baseline 0.002 -24"><span class='ocrx_word' id='word_1_70' title='bbox 186 1088 334 1155; x_wconf 88' lang='lat' dir='ltr'><strong>universo</strong></span> <span class='ocrx_word' id='word_1_71' title='bbox 364 1088 527 1174; x_wconf 80' lang='lat' dir='ltr'><strong>naufragio</strong></span> <span class='ocrx_word' id='word_1_72' title='bbox 553 1089 727 1176; x_wconf 88' lang='lat' dir='ltr'><strong>perieulum</strong></span> <span class='ocrx_word' id='word_1_73' title='bbox 755 1097 811 1154; x_wconf 90' lang='lat' dir='ltr'><strong>est.</strong></span> <span class='ocrx_word' id='word_1_74' title='bbox 868 1093 898 1154; x_wconf 79' lang='lat'><strong>2.</strong></span> <span class='ocrx_word' id='word_1_75' title='bbox 919 1088 1104 1154; x_wconf 86' lang='lat' dir='ltr'><strong>Incredibile</strong></span> <span class='ocrx_word' id='word_1_76' title='bbox 1132 1100 1195 1167; x_wconf 87' lang='lat' dir='ltr'><strong>est,</strong></span> <span class='ocrx_word' id='word_1_77' title='bbox 1228 1111 1308 1177; x_wconf 86' lang='lat' dir='ltr'><strong>qnae</strong></span> <span class='ocrx_word' id='word_1_78' title='bbox 1339 1111 1398 1175; x_wconf 81' lang='lat' dir='ltr'><strong>ego</strong></span> <span class='ocrx_word' id='word_1_79' title='bbox 1430 1091 1504 1156; x_wconf 89' lang='lat' dir='ltr'><strong>illos</strong></span> 
     </span>
     <span class='ocr_line' id='line_1_10' title="bbox 187 1182 1503 1271; baseline 0 -24"><span class='ocrx_word' id='word_1_80' title='bbox 187 1182 268 1258; x_wconf 87' lang='lat' dir='ltr'><strong>scio,</strong></span> <span class='ocrx_word' id='word_1_81' title='bbox 291 1183 443 1269; x_wconf 89' lang='lat' dir='ltr'><strong>oppositis</strong></span> <span class='ocrx_word' id='word_1_82' title='bbox 465 1183 624 1250; x_wconf 88' lang='lat' dir='ltr'><strong>Gallorum</strong></span> <span class='ocrx_word' id='word_1_83' title='bbox 645 1189 774 1258; x_wconf 88' lang='lat' dir='ltr'><strong>castris,</strong></span> <span class='ocrx_word' id='word_1_84' title='bbox 796 1183 828 1249; x_wconf 93' lang='lat' dir='ltr'><strong>in</strong></span> <span class='ocrx_word' id='word_1_85' title='bbox 849 1184 973 1249; x_wconf 88' lang='lat' dir='ltr'><strong>aestivis</strong></span> <span class='ocrx_word' id='word_1_86' title='bbox 994 1182 1118 1261; x_wconf 86' lang='lat' dir='ltr'><strong>iecisse,</strong></span> <span class='ocrx_word' id='word_1_87' title='bbox 1148 1206 1228 1271; x_wconf 90' lang='lat' dir='ltr'><strong>quos</strong></span> <span class='ocrx_word' id='word_1_88' title='bbox 1248 1185 1301 1249; x_wconf 90' lang='lat' dir='ltr'><strong>ille</strong></span> <span class='ocrx_word' id='word_1_89' title='bbox 1322 1184 1419 1259; x_wconf 89' lang='lat' dir='ltr'><strong>latro,</strong></span> <span class='ocrx_word' id='word_1_90' title='bbox 1441 1183 1503 1249; x_wconf 91' lang='lat' dir='ltr'><strong>nisi</strong></span> 
     </span>
     <span class='ocr_line' id='line_1_11' title="bbox 151 1275 1503 1364; baseline 0.003 -28"><span class='ocrx_word' id='word_1_91' title='bbox 151 1295 179 1336; x_wconf 78' lang='lat' dir='ltr'><strong>so</strong></span> <span class='ocrx_word' id='word_1_92' title='bbox 189 1276 305 1364; x_wconf 84' lang='lat' dir='ltr'><strong>aliquid</strong></span> <span class='ocrx_word' id='word_1_93' title='bbox 325 1276 447 1341; x_wconf 87' lang='lat' dir='ltr'><strong>firmius</strong></span> <span class='ocrx_word' id='word_1_94' title='bbox 468 1276 579 1352; x_wconf 85' lang='lat' dir='ltr'><strong>suerit,</strong></span> <span class='ocrx_word' id='word_1_95' title='bbox 607 1278 753 1343; x_wconf 89' lang='lat' dir='ltr'><strong>societate</strong></span> <span class='ocrx_word' id='word_1_96' title='bbox 782 1277 929 1343; x_wconf 86' lang='lat' dir='ltr'><strong>vitiorum</strong></span> <span class='ocrx_word' id='word_1_97' title='bbox 950 1275 1094 1343; x_wconf 85' lang='lat' dir='ltr'><strong>doleniet.</strong></span> <span class='ocrx_word' id='word_1_98' title='bbox 1147 1284 1208 1343; x_wconf 84' lang='lat' dir='ltr'><strong>Res</strong></span> <span class='ocrx_word' id='word_1_99' title='bbox 1230 1286 1277 1344; x_wconf 91' lang='lat' dir='ltr'><strong>est</strong></span> <span class='ocrx_word' id='word_1_100' title='bbox 1297 1288 1350 1342; x_wconf 93' lang='lat' dir='ltr'><strong>aut</strong></span> <span class='ocrx_word' id='word_1_101' title='bbox 1369 1277 1503 1344; x_wconf 89' lang='lat' dir='ltr'><strong>tribuni-</strong></span> 
     </span>
     <span class='ocr_line' id='line_1_12' title="bbox 187 1363 1502 1457; baseline 0 -23"><span class='ocrx_word' id='word_1_102' title='bbox 187 1370 242 1435; x_wconf 91' lang='lat' dir='ltr'><strong>ciis</strong></span> <span class='ocrx_word' id='word_1_103' title='bbox 264 1379 317 1436; x_wconf 91' lang='lat' dir='ltr'><strong>ant</strong></span> <span class='ocrx_word' id='word_1_104' title='bbox 337 1369 466 1457; x_wconf 88' lang='lat' dir='ltr'><strong>privatis</strong></span> <span class='ocrx_word' id='word_1_105' title='bbox 488 1372 624 1436; x_wconf 92' lang='lat' dir='ltr'><strong>consiliis</strong></span> <span class='ocrx_word' id='word_1_106' title='bbox 645 1363 821 1436; x_wconf 89' lang='lat' dir='ltr'><strong>munienda.</strong></span> <span class='ocrx_word' id='word_1_107' title='bbox 871 1374 947 1434; x_wconf 89' lang='lat' dir='ltr'><strong>Nam</strong></span> <span class='ocrx_word' id='word_1_108' title='bbox 969 1369 1022 1434; x_wconf 92' lang='lat' dir='ltr'><strong>isti</strong></span> <span class='ocrx_word' id='word_1_109' title='bbox 1042 1369 1105 1436; x_wconf 94' lang='lat' dir='ltr'><strong>duo</strong></span> <span class='ocrx_word' id='word_1_110' title='bbox 1127 1371 1182 1437; x_wconf 80' lang='lat' dir='ltr'><strong>rix</strong></span> <span class='ocrx_word' id='word_1_111' title='bbox 1203 1380 1275 1436; x_wconf 89' lang='lat' dir='ltr'><strong>sunt</strong></span> <span class='ocrx_word' id='word_1_112' title='bbox 1296 1369 1396 1455; x_wconf 83' lang='lat' dir='ltr'><strong>digni,</strong></span> <span class='ocrx_word' id='word_1_113' title='bbox 1432 1371 1502 1457; x_wconf 89' lang='lat' dir='ltr'><strong>qui-</strong></span> 
     </span>
     <span class='ocr_line' id='line_1_13' title="bbox 188 1461 1502 1538; baseline -0.001 -9"><span class='ocrx_word' id='word_1_114' title='bbox 188 1463 245 1530; x_wconf 88' lang='lat' dir='ltr'><strong>bus</strong></span> <span class='ocrx_word' id='word_1_115' title='bbox 266 1465 356 1529; x_wconf 91' lang='lat' dir='ltr'><strong>alteri</strong></span> <span class='ocrx_word' id='word_1_116' title='bbox 384 1468 566 1538; x_wconf 87' lang='lat' dir='ltr'><strong>Caesenam,</strong></span> <span class='ocrx_word' id='word_1_117' title='bbox 603 1464 693 1531; x_wconf 89' lang='lat' dir='ltr'><strong>alteri</strong></span> <span class='ocrx_word' id='word_1_118' title='bbox 721 1464 972 1531; x_wconf 83' lang='lat' dir='ltr'><strong>Cossutianarum</strong></span> <span class='ocrx_word' id='word_1_119' title='bbox 994 1461 1195 1530; x_wconf 81' lang='lat' dir='ltr'><strong>tabernarum</strong></span> <span class='ocrx_word' id='word_1_120' title='bbox 1215 1463 1411 1529; x_wconf 83' lang='lat' dir='ltr'><strong>brndamenta</strong></span> <span class='ocrx_word' id='word_1_121' title='bbox 1434 1487 1502 1530; x_wconf 87' lang='lat' dir='ltr'><strong>cre-</strong></span> 
     </span>
     <span class='ocr_line' id='line_1_14' title="bbox 188 1556 1502 1644; baseline -0.001 -23"><span class='ocrx_word' id='word_1_122' title='bbox 188 1557 252 1622; x_wconf 88' lang='lat' dir='ltr'><strong>das.</strong></span> <span class='ocrx_word' id='word_1_123' title='bbox 295 1563 354 1634; x_wconf 84' lang='lat' dir='ltr'><strong>Te,</strong></span> <span class='ocrx_word' id='word_1_124' title='bbox 389 1567 424 1623; x_wconf 92' lang='lat' dir='ltr'><strong>ut</strong></span> <span class='ocrx_word' id='word_1_125' title='bbox 445 1557 527 1633; x_wconf 80' lang='lat' dir='ltr'><strong>dixi,</strong></span> <span class='ocrx_word' id='word_1_126' title='bbox 549 1558 618 1623; x_wconf 90' lang='lat' dir='ltr'><strong>loro</strong></span> <span class='ocrx_word' id='word_1_127' title='bbox 640 1558 748 1625; x_wconf 87' lang='lat' dir='ltr'><strong>oculis.</strong></span> <span class='ocrx_word' id='word_1_128' title='bbox 790 1562 857 1644; x_wconf 80' lang='lat' dir='ltr'><strong>Ego</strong></span> <span class='ocrx_word' id='word_1_129' title='bbox 882 1578 984 1623; x_wconf 80' lang='lat' dir='ltr'><strong>rosa.</strong></span> <span class='ocrx_word' id='word_1_130' title='bbox 1004 1556 1035 1622; x_wconf 93' lang='lat' dir='ltr'><strong>d.</strong></span> <span class='ocrx_word' id='word_1_131' title='bbox 1056 1579 1108 1623; x_wconf 96' lang='grc' dir='ltr'><strong>ιιι.</strong></span> <span class='ocrx_word' id='word_1_132' title='bbox 1129 1556 1259 1623; x_wconf 89' lang='lat' dir='ltr'><strong>Kalend.</strong></span> <span class='ocrx_word' id='word_1_133' title='bbox 1281 1557 1396 1622; x_wconf 83' lang='lat' dir='ltr'><strong>videbo</strong></span> <span class='ocrx_word' id='word_1_134' title='bbox 1416 1567 1502 1622; x_wconf 90' lang='lat' dir='ltr'><strong>tuos-</strong></span> 
     </span>
     <span class='ocr_line' id='line_1_15' title="bbox 188 1649 1500 1737; baseline -0.002 -22"><span class='ocrx_word' id='word_1_135' title='bbox 188 1673 249 1737; x_wconf 85' lang='lat' dir='ltr'><strong>que</strong></span> <span class='ocrx_word' id='word_1_136' title='bbox 274 1651 398 1726; x_wconf 89' lang='lat' dir='ltr'><strong>oculos,</strong></span> <span class='ocrx_word' id='word_1_137' title='bbox 432 1652 552 1718; x_wconf 90' lang='lat' dir='ltr'><strong>etiamsi</strong></span> <span class='ocrx_word' id='word_1_138' title='bbox 573 1663 604 1719; x_wconf 90' lang='lat' dir='ltr'><strong>te</strong></span> <span class='ocrx_word' id='word_1_139' title='bbox 624 1653 750 1718; x_wconf 90' lang='lat' dir='ltr'><strong>veniens</strong></span> <span class='ocrx_word' id='word_1_140' title='bbox 772 1658 804 1718; x_wconf 91' lang='lat' dir='ltr'><strong>in</strong></span> <span class='ocrx_word' id='word_1_141' title='bbox 824 1651 928 1717; x_wconf 88' lang='lat' dir='ltr'><strong>medio</strong></span> <span class='ocrx_word' id='word_1_142' title='bbox 950 1650 1022 1716; x_wconf 87' lang='lat' dir='ltr'><strong>loro</strong></span> <span class='ocrx_word' id='word_1_143' title='bbox 1044 1651 1170 1727; x_wconf 78' lang='lat' dir='ltr'><strong>videro,</strong></span> <span class='ocrx_word' id='word_1_144' title='bbox 1201 1649 1403 1716; x_wconf 83' lang='lat' dir='ltr'><strong>dissaviabor.</strong></span> <span class='ocrx_word' id='word_1_145' title='bbox 1448 1655 1500 1716; x_wconf 85' lang='lat' dir='ltr'><strong>blo</strong></span> 
     </span>
     <span class='ocr_line' id='line_1_16' title="bbox 153 1744 394 1810; baseline 0.008 -2"><span class='ocrx_word' id='word_1_146' title='bbox 153 1762 266 1809; x_wconf 67' lang='lat' dir='ltr'><strong>tauma.</strong></span> <span class='ocrx_word' id='word_1_147' title='bbox 308 1744 394 1810; x_wconf 86' lang='lat' dir='ltr'><strong>Vale.</strong></span> 
     </span>
    </p>
   </div>
   <div class='ocr_carea' id='block_1_5' title="bbox 186 1963 1501 2156">
    <p class='ocr_par' dir='ltr' id='par_1_5' title="bbox 186 1963 1501 2156">
     <span class='ocr_line' id='line_1_17' title="bbox 256 1963 1496 2025; baseline 0.001 -13"><span class='ocrx_word' id='word_1_148' title='bbox 256 1964 282 2013; x_wconf 85' lang='grc'><strong>3.</strong></span> <span class='ocrx_word' id='word_1_149' title='bbox 300 1964 396 2014; x_wconf 78' lang='lat' dir='ltr'><strong>mill:</strong></span> <span class='ocrx_word' id='word_1_150' title='bbox 427 1965 491 2013; x_wconf 81' lang='lat' dir='ltr'><strong>mibi</strong></span> <span class='ocrx_word' id='word_1_151' title='bbox 509 1965 538 2013; x_wconf 81' lang='lat' dir='ltr'><strong>li.</strong></span> <span class='ocrx_word' id='word_1_152' title='bbox 566 1989 600 1998; x_wconf 95' lang='lat'>—</span> <span class='ocrx_word' id='word_1_153' title='bbox 636 1964 662 2015; x_wconf 89' lang='lat'><strong>5.</strong></span> <span class='ocrx_word' id='word_1_154' title='bbox 681 1967 825 2015; x_wconf 73' lang='lat' dir='ltr'><strong>ostentione</strong></span> <span class='ocrx_word' id='word_1_155' title='bbox 843 1964 887 2025; x_wconf 82' lang='lat' dir='ltr'><strong>bl,</strong></span> <span class='ocrx_word' id='word_1_156' title='bbox 918 1966 1064 2015; x_wconf 62' lang='lat' dir='ltr'><strong>cremone</strong></span> <span class='ocrx_word' id='word_1_157' title='bbox 1081 1964 1113 2014; x_wconf 83' lang='lat' dir='ltr'><strong>B.</strong></span> <span class='ocrx_word' id='word_1_158' title='bbox 1143 1989 1171 2000; x_wconf 93' lang='lat'>-</span> <span class='ocrx_word' id='word_1_159' title='bbox 1210 1965 1236 2013; x_wconf 85' lang='lat' dir='ltr'><strong>o.</strong></span> <span class='ocrx_word' id='word_1_160' title='bbox 1263 1965 1369 2013; x_wconf 67' lang='lat' dir='ltr'><strong>libiorum</strong></span> <span class='ocrx_word' id='word_1_161' title='bbox 1400 1963 1438 2013; x_wconf 85' lang='lat' dir='ltr'><strong>bl.</strong></span> <span class='ocrx_word' id='word_1_162' title='bbox 1469 1988 1496 1998; x_wconf 95' lang='lat'><em>-</em></span> 
     </span>
     <span class='ocr_line' id='line_1_18' title="bbox 186 2031 1501 2096; baseline 0 -15"><span class='ocrx_word' id='word_1_163' title='bbox 186 2033 213 2082; x_wconf 80' lang='lat'><strong>7.</strong></span> <span class='ocrx_word' id='word_1_164' title='bbox 232 2036 314 2082; x_wconf 77' lang='lat' dir='ltr'><strong>uniant</strong></span> <span class='ocrx_word' id='word_1_165' title='bbox 331 2034 474 2083; x_wconf 88' lang='lat' dir='ltr'><strong>delendum</strong></span> <span class='ocrx_word' id='word_1_166' title='bbox 497 2035 636 2086; x_wconf 81' lang='lat' dir='ltr'><strong>ridebatur</strong></span> <span class='ocrx_word' id='word_1_167' title='bbox 658 2035 789 2085; x_wconf 82' lang='lat' dir='ltr'><strong>Ernestio.</strong></span> <span class='ocrx_word' id='word_1_168' title='bbox 819 2061 847 2072; x_wconf 94' lang='lat'><em>-</em></span> <span class='ocrx_word' id='word_1_169' title='bbox 887 2036 928 2084; x_wconf 85' lang='lat'><strong>1⁰.</strong></span> <span class='ocrx_word' id='word_1_170' title='bbox 948 2034 1054 2084; x_wconf 65' lang='lat' dir='ltr'><strong>detenta</strong></span> <span class='ocrx_word' id='word_1_171' title='bbox 1072 2035 1114 2084; x_wconf 84' lang='lat' dir='ltr'><strong>bl:</strong></span> <span class='ocrx_word' id='word_1_172' title='bbox 1133 2035 1238 2083; x_wconf 77' lang='lat' dir='ltr'><strong>deliniet</strong></span> <span class='ocrx_word' id='word_1_173' title='bbox 1255 2034 1285 2083; x_wconf 79' lang='lat' dir='ltr'><strong>ll.</strong></span> <span class='ocrx_word' id='word_1_174' title='bbox 1308 2059 1337 2070; x_wconf 91' lang='lat'>-</span> <span class='ocrx_word' id='word_1_175' title='bbox 1383 2031 1425 2083; x_wconf 81' lang='grc'><strong>13.</strong></span> <span class='ocrx_word' id='word_1_176' title='bbox 1443 2033 1501 2096; x_wconf 74' lang='lat' dir='ltr'><strong>[oro</strong></span> 
     </span>
     <span class='ocr_line' id='line_1_19' title="bbox 186 2103 1236 2156; baseline 0.002 -5"><span class='ocrx_word' id='word_1_177' title='bbox 186 2104 215 2152; x_wconf 82' lang='lat' dir='ltr'><strong>tn</strong></span> <span class='ocrx_word' id='word_1_178' title='bbox 232 2103 311 2154; x_wconf 80' lang='lat' dir='ltr'><strong>oculis</strong></span> <span class='ocrx_word' id='word_1_179' title='bbox 329 2104 446 2154; x_wconf 85' lang='lat' dir='ltr'><strong>malebat</strong></span> <span class='ocrx_word' id='word_1_180' title='bbox 463 2105 610 2154; x_wconf 80' lang='lat' dir='ltr'><strong>Ernestius.</strong></span> <span class='ocrx_word' id='word_1_181' title='bbox 630 2129 663 2140; x_wconf 94' lang='lat'><em>-</em></span> <span class='ocrx_word' id='word_1_182' title='bbox 699 2106 742 2156; x_wconf 77' lang='lat' dir='ltr'><strong>tt.</strong></span> <span class='ocrx_word' id='word_1_183' title='bbox 761 2106 924 2155; x_wconf 67' lang='lat' dir='ltr'><strong>dmnvinbor</strong></span> <span class='ocrx_word' id='word_1_184' title='bbox 942 2105 988 2155; x_wconf 85' lang='lat' dir='ltr'><strong>bl:</strong></span> <span class='ocrx_word' id='word_1_185' title='bbox 1007 2105 1188 2155; x_wconf 79' lang='lat' dir='ltr'><strong>dissonuiobor</strong></span> <span class='ocrx_word' id='word_1_186' title='bbox 1205 2104 1236 2154; x_wconf 82' lang='lat' dir='ltr'><strong>ll.</strong></span> 
     </span>
    </p>
   </div>
   <div class='ocr_carea' id='block_1_6' title="bbox 0 0 1632 5400">
    <p class='ocr_par' dir='ltr' id='par_1_6' title="bbox 0 0 1632 5400">
     <span class='ocr_line' id='line_1_20' title="bbox 0 0 1632 5400; baseline 0 4"><span class='ocrx_word' id='word_1_187' title='bbox 0 0 1632 5400; x_wconf 95' lang='lat' dir='ltr'><strong> </strong></span> 
     </span>
    </p>
   </div>
  </div>
 </body>
</html>
