3256 5400
654 208 727 270 un.
749 210 773 271 1.
815 209 874 272 ΕΡ.
896 211 927 272 3.
950 208 979 272 t.
1412 222 1474 286 757

156 364 268 430 dimus.
304 369 490 430 Persuasum
513 374 561 430 est
581 365 665 430 enim
688 365 893 437 adolescenti,
917 376 948 430 et
969 366 1105 432 maxime
1127 389 1185 454 per
1196 390 1263 446 me,
1287 373 1355 439 eius
1377 398 1473 463 opera

155 479 213 522 nos
235 479 304 523 esse
333 459 444 523 salvos.
487 463 525 524 Et
546 469 645 534 certe,
673 459 733 524 nisi
755 459 782 523 is
804 464 971 525 Antonium
996 459 1035 524 ab
1058 460 1136 526 urbe
1158 465 1333 543 avertisset,
1362 472 1474 555 periis-

155 561 224 616 sent
245 552 359 621 omnia.
395 557 425 616 2.
448 553 566 618 Triduo
587 575 665 619 vero
686 561 740 617 aut
761 552 928 637 quatriduo
950 563 1020 618 ante
1043 554 1121 620 banc
1141 576 1208 621 rem
1231 560 1471 645 pulcherrimam

154 651 268 712 timore
290 648 425 733 quodam
453 647 595 733 perculsa
616 647 725 713 civitas
747 656 810 713 tota
838 647 878 712 ad
900 656 930 713 te
952 669 986 712 se
1015 670 1085 714 cum
1108 652 1293 736 coningibus
1315 667 1346 722 et
1366 657 1473 724 liberis

155 741 346 807 effundebat.
381 741 515 817 Eadem,
536 752 676 806 recreata
698 762 726 805 a.
742 741 772 806 d.
788 761 852 806 ¹11.
866 741 996 808 Kalend.
1011 743 1106 808 Maias
1127 753 1158 809 te
1172 745 1233 812 buc
1254 754 1363 814 venire
1377 771 1494 837 quams

154 856 187 899 se
210 836 247 900 ad
264 848 293 902 te
314 837 362 901 ire
383 832 527 900 malebat.
565 837 636 912 Quo
652 834 778 921 quidem
801 833 852 898 die
871 855 1056 919 magnorum
1071 858 1213 905 meorum
1229 841 1372 908 laborum
1393 847 1474 912 mul·

153 937 317 1014 tarumque
340 930 517 1013 vigiliarum
539 928 673 994 fructum
696 928 764 1013 cepi
787 928 974 1005 maximum,
996 929 1023 994 si
1044 931 1140 997 modo
1155 943 1202 998 est
1220 936 1332 1022 aliquis
1354 938 1473 1006 fructus

154 1042 193 1086 ex
217 1022 315 1086 solida
337 1044 475 1109 veraque
496 1022 608 1107 gloria.
650 1028 726 1086 Nam
752 1032 856 1088 tantae
878 1023 1097 1100 multitudinis,
1127 1038 1272 1112 quantam
1295 1032 1375 1116 capit
1396 1033 1472 1100 urbs

152 1125 274 1189 nostra,
303 1136 474 1182 concursus
496 1126 543 1181 est
572 1115 611 1180 ad
633 1137 683 1180 me
705 1115 815 1181 lactus.
857 1120 902 1181 Ea
931 1136 1002 1181 cum
1035 1121 1189 1204 usquein
1211 1120 1397 1209 Capitolium
1419 1127 1472 1192 de·

153 1208 281 1282 ductus,
309 1210 445 1275 maximo
468 1210 605 1276 clamore
626 1200 718 1295 atque
739 1209 850 1295 plausu
878 1209 910 1272 in
932 1211 1053 1275 Rostris
1078 1214 1247 1281 collocatus
1268 1238 1348 1283 sum.
1391 1221 1471 1286 Nihil
1481 1234 1508 1275 ¹0

153 1314 200 1367 est
228 1302 261 1366 in
282 1325 333 1367 me
354 1304 463 1382 inane;
495 1325 597 1390 neque
619 1305 701 1368 enim
724 1302 834 1368 debet:
867 1302 923 1368 sed
945 1313 1048 1369 umen
1070 1313 1209 1374 omnium
1232 1311 1377 1377 ordinum
1399 1335 1472 1380 con-

152 1418 277 1470 sensus,
300 1398 469 1481 gratiarum
492 1398 572 1462 actio
595 1396 824 1483 gratulatioque
846 1418 897 1461 me
911 1409 1103 1478 commovet3
1127 1414 1293 1489 propterea
1309 1406 1394 1491 quod
1415 1428 1473 1493 po-

152 1491 294 1577 pularem
317 1513 366 1556 me
388 1512 457 1556 esse
478 1491 511 1554 iu
533 1491 640 1576 populi
662 1491 760 1556 salute
782 1492 976 1577 praeclarum
1000 1501 1057 1558 est.
1099 1499 1130 1563 3.
1154 1496 1215 1560 Sed
1237 1497 1314 1564 baec
1337 1510 1366 1565 te
1388 1501 1470 1566 malo

151 1584 191 1649 ab
213 1586 292 1650 aliis.
333 1591 385 1651 Me
414 1585 506 1649 velim
537 1584 575 1648 de
600 1584 662 1649 tuis
683 1582 778 1649 rebus
800 1585 1000 1671 consiliisque
1026 1585 1120 1653 lacias
1143 1589 1376 1675 diligentissime
1403 1615 1470 1659 cer-

150 1679 281 1754 tiorem,
311 1679 449 1764 illudque
471 1678 666 1753 consideres,
696 1699 735 1742 ne
757 1687 809 1743 tua
829 1677 999 1744 liberalitas
1020 1679 1202 1748 dissolutior
1223 1684 1376 1752 videatur.
1419 1688 1509 1752 sicu

151 1778 243 1838 sentit
271 1782 412 1847 senatus,
441 1771 486 1837 sic
514 1772 648 1858 populus
677 1778 853 1847 Romanus,
882 1773 985 1838 nullos
1012 1794 1150 1860 unquam
1177 1777 1282 1844 hostes
1311 1779 1470 1865 digniores

150 1867 236 1930 omni
251 1867 405 1952 supplicio
426 1865 522 1931 luisse
545 1887 638 1952 quam
654 1887 710 1931 eos
732 1866 833 1942 cives,
855 1866 909 1951 qui
930 1866 990 1932 boc
1004 1866 1088 1935 bello
1110 1880 1217 1935 contra
1231 1873 1361 1957 patriam
1384 1895 1469 1941 arma

149 1971 314 2044 ceperunt:
344 1980 425 2047 quos
453 1959 580 2045 quidem
608 1981 668 2045 ego
697 1959 842 2025 omnibns
871 1961 1031 2026 sententiis
1058 1962 1194 2030 ulciscor
1221 1975 1252 2030 et
1275 1987 1468 2052 persequor,

149 2053 295 2118 omnibus
316 2053 407 2120 bonis
429 2053 684 2141 approbantibus.
721 2060 767 2119 Tu
790 2053 866 2139 quid
893 2053 932 2119 de
950 2054 1007 2119 bac
1021 2077 1057 2120 re
1078 2058 1207 2132 sentias,
1231 2061 1275 2124 tui
1290 2061 1397 2127 iudicii
1412 2072 1469 2127 est.

148 2150 216 2229 Ego
244 2148 289 2212 sic
310 2149 426 2224 sentio,
458 2148 552 2212 trium
580 2147 711 2212 fratrum
742 2168 835 2211 unam
858 2156 890 2211 et
910 2147 1041 2213 eandem
1063 2170 1131 2215 esse
1153 2173 1287 2217 causam.
1330 2159 1361 2218 t.
1389 2158 1506 2221 Con-²⁰

149 2240 232 2305 sules
255 2240 350 2316 duoS,
373 2240 475 2306 bonos
497 2241 622 2328 quidem
645 2240 700 2306 sed
722 2240 882 2305 dumtaxat
903 2239 1019 2317 bonos,
1045 2244 1217 2310 amisimus.
1259 2247 1377 2312 Hirtius
1399 2249 1469 2334 qni·

149 2332 220 2398 dem
244 2335 275 2398 in
297 2337 364 2420 ipsa
385 2336 516 2402 victoria
539 2334 669 2409 occidit,
699 2355 769 2399 cum
792 2335 900 2420 paucis
922 2335 1031 2400 diebus
1052 2358 1166 2421 magno
1186 2340 1309 2425 proelio
1330 2351 1401 2406 ante
1422 2347 1470 2407 ri·

148 2426 251 2491 cisset.
294 2433 368 2493 Nam
392 2433 490 2494 Pansa
512 2428 650 2512 ingerat,
680 2428 862 2494 vulneribus
883 2430 1032 2515 acceptis,
1061 2452 1141 2516 qnae
1163 2431 1247 2498 serre
1272 2455 1335 2499 non
1356 2436 1466 2520 potuit.

148 2521 304 2606 Reliquias
333 2524 467 2589 hostium
496 2528 610 2588 Brutus
639 2522 838 2608 persequitur
867 2531 898 2587 et
923 2526 1045 2589 Caesar.
1085 2527 1198 2591 Hostes
1226 2538 1330 2593 autem
1360 2549 1467 2594 omnes

147 2612 291 2689 iudicati,
314 2617 367 2702 qui
382 2622 422 2682 Μ.
437 2616 563 2682 Antonii
585 2623 699 2680 sectam
721 2615 821 2681 secuti
843 2624 924 2681 sunt.
960 2621 1068 2704 Itaque
1089 2617 1122 2682 id
1144 2630 1268 2685 senatus
1291 2621 1505 2687 consummas

146 2707 289 2794 plerique
310 2710 556 2796 interpretantur
577 2709 671 2774 etiam
696 2709 736 2775 ad
758 2718 829 2775 tuos
850 2711 916 2776 sive
938 2712 1077 2796 captivos
1098 2712 1164 2777 sive
1186 2713 1348 2779 dediticios
1370 2716 1467 2801 perti-

147 2822 235 2866 nere.
277 2803 431 2888 Equidem
453 2803 530 2869 nibil
553 2804 684 2867 disserui
706 2802 830 2879 durius,
853 2825 924 2869 cum
945 2805 1127 2870 nominatim
1149 2806 1189 2872 dc
1207 2812 1241 2875 C.
1255 2809 1390 2875 Antonio
1411 2809 1466 2875 de-

146 2916 326 2972 cernerem,
356 2896 441 2982 quod
468 2897 510 2961 ita
539 2906 722 2971 statueram,
755 2918 773 2961 a
801 2906 832 2962 te
860 2918 1051 2983 cognoscere
1078 2920 1201 2966 causam
1231 2902 1298 2968 eius
1324 2913 1464 2970 senatum

146 2998 307 3075 oportere.
349 3010 384 3056 x.
409 2990 541 3058 Kalend.
564 2990 669 3056 ttlaim.

558 3174 610 3236 IV.
652 3173 801 3237 BRUTUS
824 3173 1007 3237 CICERONI
1028 3176 1059 3237 S.
1472 3201 1500 3242 ao

233 3322 261 3383 1.
291 3320 414 3396 Quanta
436 3320 493 3384 sim
517 3319 632 3384 laetitia
655 3320 799 3395 allectus,
827 3321 960 3405 cognitis
980 3318 1076 3385 rebus
1097 3321 1185 3387 Bruti
1211 3325 1310 3388 nostri
1339 3334 1370 3390 et
1391 3345 1465 3390 con·

144 3412 264 3487 sulum,
293 3413 415 3478 facilius
437 3412 562 3478 esttibi
585 3413 763 3478 existimare
785 3436 878 3500 quam
901 3414 977 3478 mibi
998 3413 1147 3480 scribere.
1191 3420 1266 3482 Cum
1289 3417 1348 3481 alia
1370 3417 1464 3483 laudo

145 3513 176 3569 et
203 3505 325 3591 gaudeo
347 3507 511 3581 accidisse,
543 3517 607 3573 tum
638 3508 723 3593 quod
744 3508 832 3573 Bruti
862 3509 986 3594 eruptio
1014 3530 1077 3572 non
1104 3509 1203 3574 solum
1231 3510 1291 3595 ipsi
1319 3511 1463 3577 salutaris

143 3598 203 3664 fuit
231 3600 401 3665 sedetiam
423 3602 561 3666 maximo
583 3601 623 3667 ad
643 3601 806 3669 victoriam
829 3601 1019 3666 adiumento.
1062 3605 1091 3665 2.
1124 3601 1215 3679 Quod
1238 3603 1349 3668 scribis
1371 3606 1462 3683 mibi,

143 3693 239 3758 trium
262 3695 468 3759 Antoniorum
495 3717 588 3761 unam
611 3706 702 3781 atque
725 3696 854 3760 eandem
877 3716 1001 3760 causam
1023 3717 1108 3774 esse;
1139 3695 1214 3781 quid
1236 3718 1296 3781 ego
1317 3699 1502 3775 sentiamus

143 3787 206 3850 mei
228 3787 335 3851 iudicii
358 3810 440 3853 esse:
470 3799 571 3854 statuo
594 3788 669 3854 nibil
692 3789 753 3854 nisi
776 3790 850 3855 boc:
879 3797 1004 3854 senatus
1025 3797 1078 3854 aut
1098 3788 1207 3874 populi
1229 3791 1359 3855 Romani
1382 3792 1462 3856 iudi-

143 3880 225 3943 cium
249 3901 318 3944 esse
339 3881 379 3947 de
401 3882 440 3946 iis
461 3883 596 3957 civibus,
628 3883 682 3968 qui
704 3893 874 3969 pugnantes
898 3904 961 3947 non
982 3883 1165 3947 interierint.
1208 3888 1246 3947 tlt
1268 3883 1328 3948 boc
1349 3885 1462 3969 ipsum,

142 3972 282 4059 inquies,
305 3975 412 4061 inique
433 3976 527 4052 facis,
558 3977 612 4063 qni
633 3977 755 4042 hostilis
777 3977 871 4042 animi
893 3977 925 4041 in
947 3997 1014 4041 rem
1037 3974 1191 4062 publicam
1216 3976 1357 4043 homines
1379 3980 1463 4045 cives

142 4069 290 4155 appelles.
340 4073 439 4133 Immo
469 4071 649 4136 iustissime.
703 4071 795 4149 Quod
825 4070 907 4135 enim
937 4069 1075 4135 nondum
1105 4078 1229 4135 senatus
1258 4073 1379 4137 censuit
1406 4096 1463 4139 nec

142 4163 278 4247 populus
300 4167 457 4228 Romanus
479 4163 583 4239 iussit,
612 4164 645 4229 id
667 4173 850 4248 arroganter
872 4185 934 4228 non
956 4163 1138 4249 praeiudico
1160 4185 1262 4248 neque
1284 4187 1401 4231 revoco
1423 4168 1499 4243 art„

142 4253 308 4320 arbitrium
330 4278 446 4324 meum.
489 4257 568 4323 lllnd
590 4258 714 4344 quidem
737 4279 801 4323 non
823 4266 925 4331 muto,
949 4257 1033 4342 qnod
1055 4257 1100 4331 ei,
1129 4278 1222 4342 quem
1245 4279 1296 4322 me
1317 4259 1462 4326 occidere

208 4475 236 4524 o.
262 4475 304 4523 Ea
322 4469 390 4536 cum]
417 4473 480 4523 Cum
498 4488 530 4524 ec
547 4477 584 4534 lt,
604 4476 646 4524 Eu
663 4489 719 4524 rum
738 4476 818 4534 Plus,
836 4474 880 4523 En
898 4488 978 4537 quum
997 4475 1160 4533 Cratander,
1181 4475 1219 4525 Ab
1238 4489 1269 4526 en
1287 4491 1367 4539 quum
1385 4479 1461 4529 Lam-

141 4542 238 4602 binus;
264 4545 328 4594 item
348 4545 503 4604 Ernestius,
528 4546 630 4595 addens
656 4559 733 4596 errem
752 4552 811 4608 post
830 4561 855 4596 r.
876 4539 1017 4600 deductus:
1047 4559 1101 4593 om.
1122 4545 1187 4594 Cod.
1210 4547 1372 4598 Barberiuus
1390 4551 1459 4612 apud

141 4612 270 4663 Garaton·
290 4614 406 4676 Philipp.
427 4616 477 4674 st,
496 4616 522 4665 5.
543 4630 569 4678 p.
589 4617 649 4666 553.
679 4639 709 4653 -
745 4616 787 4666 10.
807 4617 997 4664 cummaxime
1017 4615 1172 4664 Lambinus.
1205 4640 1233 4649 -
1272 4619 1315 4671 13.
1337 4633 1376 4669 me
1395 4621 1461 4669 Gru·

141 4689 199 4733 tero
217 4691 328 4735 auctore
347 4685 400 4733 det·
421 4685 587 4734 Schuetzius.
614 4712 645 4722 -
681 4698 761 4735 essem
778 4687 810 4735 11.
841 4711 871 4723 -
910 4685 952 4734 rt.
973 4685 1034 4734 attia
1051 4686 1151 4734 audire.
1180 4684 1223 4734 Me
1242 4688 1264 4737 1.
1292 4711 1322 4723 -
1361 4689 1403 4738 18.
1424 4703 1462 4740 re·

141 4765 208 4813 quor
227 4754 248 4802 1.
272 4778 298 4787 -
337 4755 381 4804 at.
402 4755 484 4804 bonos
502 4756 618 4805 consules
635 4758 770 4806 emisimus
788 4756 847 4807 MR.
868 4779 899 4790 -
933 4755 976 4804 33.
996 4751 1044 4817 ert]
1064 4760 1126 4802 esset
1146 4768 1186 4816 pr.
1206 4757 1243 4806 Μ.
1265 4782 1296 4791 -
1334 4759 1377 4810 31.
1397 4762 1462 4811 rcri-

141 4823 181 4872 bta
197 4825 261 4873 mitri
278 4827 360 4875 trium
378 4824 435 4875 bil:
455 4827 549 4875 scribta
568 4827 651 4876 trium
668 4826 722 4876 1111.
743 4852 774 4862 -
811 4826 854 4876 37.
874 4826 914 4874 hr'r
931 4824 981 4875 111.
1003 4848 1032 4861 -
1069 4823 1112 4875 38.
1132 4825 1217 4887 tuique·
1234 4827 1264 4876 n.
