3256 5400
592 219 666 280 LlB.
687 217 754 279 XV.
798 218 857 278 Er.
881 216 930 278 ta.
955 219 1003 278 ta.
1394 218 1453 280 tat

141 381 221 447 adeo
241 378 351 463 prius
372 377 483 460 scripsi
504 411 542 422 -
567 375 612 439 sic
633 375 716 439 enim
737 372 837 438 mavis
862 409 899 420 —
922 373 962 437 ad
984 373 1183 439 scribendum
1205 371 1294 454 †tibi
1315 395 1390 438 vere
1411 373 1458 439 di-

141 495 229 545 cere,
261 471 361 535 fecisti
390 492 439 534 me
467 469 632 534 acriorem.
680 468 726 533 aa
754 477 841 532 tuum
870 472 953 531 enim
980 467 1145 540 iudicium,
1174 468 1259 552 quod
1287 467 1363 532 mihi
1392 480 1458 532 erat

142 579 266 642 notum,
289 563 433 629 addidisti
455 563 606 628 Peducaei
619 561 852 636 auctoritatem,
874 581 1016 645 magnam
1039 561 1165 646 quidem
1187 561 1270 645 apud
1284 583 1334 626 mc
1356 571 1386 625 et
1401 563 1457 626 im-

140 661 251 747 primis
279 679 416 743 gravem.
460 657 567 722 Enitar
591 656 701 741 igitur,
730 676 769 719 ne
797 654 957 720 desideres
985 665 1038 719 aut
1064 654 1248 719 industriam
1277 675 1378 719 meam
1405 664 1459 719 aut

142 754 344 840 diligentiam.
387 752 581 825 Vettienum‚
611 761 646 815 ut
667 749 795 823 scribis,
824 758 855 813 et
876 747 1042 813 Faberium
1072 748 1176 813 loveo.
1218 747 1359 813 Clodium
1382 748 1482 813 nihili

142 848 278 915 arbitror
300 845 467 911 malitiose:
492 865 689 930 quamquam.
728 843 790 908 Sed
811 842 888 929 quid
910 843 1019 926 egerit.
1055 847 1100 907 lle
1123 841 1264 907 libertate
1287 842 1458 914 retinenda,

143 964 204 1028 qua
227 950 311 1005 certe
333 939 409 1004 nibil
431 948 477 1002 est
500 938 636 1013 dulcius,
659 937 716 1002 tibi
737 940 899 1002 assentior.
942 940 1027 1000 ltane
1052 939 1084 1000 C.
1106 936 1229 1001 Annio?
1253 939 1279 1001 Ο
1301 937 1458 1001 bominem

142 1029 291 1113 nequaml
322 1023 397 1111 quid
418 1028 501 1087 enim
523 1022 622 1086 dicam
645 1022 752 1087 aliud?
781 1026 911 1087 Cautum
932 1021 1128 1086 Marcellum!
1159 1022 1291 1095 mesic,
1320 1020 1459 1085 sednon

143 1131 246 1186 tamen
268 1118 488 1184 cautissimum.
529 1122 559 1181 d.
589 1116 738 1200 Longiori
760 1116 910 1200 epistolae
931 1115 1151 1199 superiorique
1173 1115 1332 1200 respondi.
1375 1120 1460 1179 Nunc

142 1212 283 1294 breviori
304 1212 508 1298 propiorique
529 1210 605 1296 quid
626 1209 832 1293 respondeam
854 1209 913 1273 nisi
936 1228 1004 1271 eam
1026 1208 1122 1272 fuisse
1144 1207 1372 1273 dulcissimam?
1401 1215 1460 1273 lies
1474 1222 1498 1262 ¹⁰

143 1306 364 1392 Hispanienses
393 1304 483 1368 valde
511 1303 621 1368 bonae.
665 1302 758 1367 Modo
786 1301 951 1367 Balbillum
980 1303 1166 1366 incolumem
1192 1303 1330 1377 videam,
1361 1302 1462 1368 subsi-

144 1400 229 1466 dium
260 1410 384 1466 nostrac
415 1398 591 1463 senectutis.
635 1402 681 1462 lle
710 1398 852 1461 Anniano
880 1397 970 1470 item,
1004 1396 1088 1483 quod
1118 1419 1168 1461 me
1197 1397 1286 1472 valde
1316 1395 1463 1460 observat

144 1494 281 1559 Visellia.
325 1492 386 1556 Sed
408 1492 484 1557 haec
506 1491 632 1575 quidem
654 1491 797 1555 humana.
839 1495 885 1555 De
907 1495 1005 1555 bruto
1033 1500 1064 1555 te
1086 1491 1162 1556 nibil
1184 1496 1264 1556 scire
1286 1490 1378 1555 dicis:
1407 1489 1462 1553 sed

145 1587 256 1651 Selieia
284 1585 406 1650 venisse
435 1590 475 1649 Μ.
498 1585 672 1668 Scaptium;
703 1606 837 1672 eumque
866 1586 961 1664 'snon
992 1605 1052 1670 qua
1073 1606 1202 1671 pompa,
1234 1583 1272 1647 ad
1300 1605 1333 1647 se
1360 1594 1461 1647 tamen

144 1681 223 1745 clam
246 1690 410 1745 venturum
433 1676 646 1761 sciturumque
669 1699 719 1741 me
740 1677 860 1742 omnia:
883 1699 963 1763 quae
985 1699 1044 1763 ego
1066 1679 1178 1744 statim.
1215 1683 1334 1742 interea
1357 1685 1463 1739 narrat
1476 1688 1499 1725 ¹⁵

145 1773 255 1839 eadem
276 1771 363 1837 bassi
385 1791 510 1837 servum
532 1772 668 1845 venisse,
693 1773 747 1857 qui
769 1773 926 1837 nuntiaret
947 1773 1086 1856 legiones
1108 1772 1332 1837 Alexandrinas
1358 1769 1389 1833 in
1413 1789 1462 1832 ar·

144 1867 205 1931 mis
227 1887 312 1939 esse,
340 1870 468 1929 Bassum
490 1865 621 1939 arcessi,
652 1866 792 1930 Cassium
814 1867 1000 1951 exspectari.
1044 1865 1127 1943 Quid
1149 1865 1297 1951 quaeris?
1333 1863 1464 1930 Videtur

145 1980 197 2024 res
219 1958 343 2045 publica
364 1959 413 2023 ius
434 1979 524 2022 suum
547 1963 769 2044 reciperatum.
805 1959 866 2023 Sed
889 1981 928 2024 ne
950 1959 1025 2045 quid
1048 1969 1128 2024 ante.
1171 1958 1257 2023 Nosti
1274 1958 1386 2022 horum
1408 1978 1461 2021 ex·

146 2053 359 2119 ercitationem
382 2053 414 2116 in
436 2052 601 2116 latrocinio
623 2063 654 2124 et
675 2054 852 2118 amentiam.
896 2059 926 2118 5.
947 2051 1108 2118 Dolabella
1130 2053 1180 2117 vir
1201 2052 1345 2138 optimus.
1388 2052 1463 2125 Etsi,

146 2167 217 2212 cnm
244 2145 435 2220 scribebam,
466 2146 601 2210 secunda
630 2168 735 2210 mensa
764 2147 919 2232 apposita,
949 2146 1069 2211 venisse
1092 2145 1223 2212 eumad
1246 2145 1500 2210 Baiasaudie·²⁰

145 2239 233 2318 bam;
256 2248 359 2304 tamen
381 2239 419 2303 ad
441 2261 491 2304 me
513 2261 554 2304 ex
576 2241 744 2305 Formiano
766 2240 944 2326 scripsit-
959 2261 1036 2326 quas
1057 2239 1191 2312 litteras,
1214 2259 1284 2302 cum
1307 2235 1464 2301 ebalineo

147 2335 299 2408 exissem,
322 2334 428 2419 accepi
443 2369 482 2380 —
498 2355 566 2398 sese
588 2333 627 2399 de
643 2334 846 2400 attributione
867 2335 971 2400 omnia
993 2356 1112 2399 summa
1135 2332 1265 2397 iecisse:
1287 2331 1465 2396 Vettienum

146 2438 285 2505 accusat;
308 2433 436 2493 tricatur
451 2426 582 2500 scilicet,
605 2436 641 2492 ut
662 2427 757 2492 bomo
780 2426 857 2491 talis.
894 2427 953 2491 Sed
969 2427 1011 2492 ait
1034 2436 1132 2491 totum
1154 2425 1313 2508 negotium
1329 2424 1464 2488 Sestium

147 2531 287 2586 nostrum
316 2525 503 2606 suscepisse,
532 2521 684 2605 optimum
713 2520 839 2606 quidem
868 2520 954 2586 illum
976 2522 1079 2585 virum
1108 2519 1271 2603 nostrique
1293 2517 1466 2582 amantissi-

146 2636 244 2678 mum.
280 2617 407 2691 Quaero
422 2623 540 2688 autem,
564 2612 640 2699 quid
661 2612 786 2678 tandem
802 2614 919 2679 Sestius
941 2613 1096 2678 inhaere
1118 2613 1221 2676 lacere
1244 2611 1357 2697 possit,
1380 2608 1503 2694 qu0d²⁵

147 2729 210 2772 non
239 2708 341 2792 quivis
364 2711 529 2772 nostrum?
566 2705 644 2780 Sed,
674 2707 700 2770 si
724 2706 800 2793 quid
820 2717 945 2792 praeter
966 2728 1053 2792 spem
1075 2707 1150 2778 erit,
1179 2706 1275 2770 facies
1303 2715 1338 2769 ut
1359 2704 1465 2767 sciam.

148 2801 202 2865 Sin
225 2809 287 2873 est,
315 2811 349 2864 ut
370 2799 523 2873 arbitror,
545 2801 704 2885 negotium
727 2800 900 2886 perditum,
924 2800 1041 2864 scribes
1063 2811 1182 2874 tamen;
1214 2820 1314 2883 neque
1336 2799 1394 2863 ista
1416 2818 1467 2862 res

148 2894 367 2959 commovebit.
411 2901 441 2959 6.
469 2899 532 2959 Nos
560 2895 610 2958 hic
639 2901 886 2978 mctoeomoiipss
910 2931 948 2943 -
971 2893 1046 2979 quid
1068 2893 1152 2958 enim
1173 2892 1278 2956 alludi
1302 2926 1340 2937 -
1372 2901 1403 2954 et
1425 2891 1465 2954 rei

149 3000 222 3072 aspi
249 2994 306 3054 roei
332 2992 531 3068 καθήκοντος
560 2988 722 3073 magnifice
751 2989 941 3073 explicamus
971 2993 1286 3074 apogqovoeipevque
1316 2985 1467 3052 Ciceroni.

149 3084 219 3160 Qua
243 3082 281 3146 de
302 3104 338 3147 re
360 3083 441 3146 enim
464 3083 567 3168 potius
589 3092 678 3168 pater
699 3081 785 3146 lilio?
807 3081 925 3146 Deinde
946 3082 1015 3146 alia.
1053 3081 1136 3159 Quid
1159 3081 1304 3167 quaeris?
1326 3077 1503 3144 Exstruitur

149 3195 247 3259 opera
274 3177 533 3261 peregrinationis
555 3176 657 3241 huius.
701 3181 876 3241 Varronem
903 3174 997 3241 hodie
1025 3184 1078 3238 aut
1099 3196 1169 3238 cras
1190 3183 1355 3237 venturum
1377 3179 1467 3254 puta·

148 3265 232 3332 bant.
275 3272 342 3352 Ego
364 3280 466 3334 autem
489 3270 521 3334 in
542 3270 766 3355 Pompeianum
788 3267 1009 3355 properabam
1032 3290 1095 3333 non
1117 3289 1181 3353 quo
1203 3266 1353 3331 hocloco
1376 3261 1464 3348 quid·

149 3383 243 3447 quam
270 3364 447 3447 pulchrius;
478 3363 531 3429 sed
560 3364 808 3449 interpellatores
837 3361 900 3426 illic
921 3362 1024 3426 minus
1045 3361 1178 3426 molesti.
1221 3358 1281 3423 Sed
1305 3353 1464 3443 perscribe

149 3475 283 3539 quaeso,
312 3477 392 3541 quae
414 3478 506 3521 causa
528 3457 568 3521 sit
588 3457 714 3544 Myrtilo
737 3491 776 3500 -
798 3476 915 3540 poenas
944 3454 1070 3541 quidem
1097 3455 1185 3518 illum
1207 3449 1392 3537 pependisse
1414 3469 1469 3511 au·

220 3626 244 3673 l.
272 3621 366 3687 moab]
384 3627 472 3673 maim
490 3626 556 3685 atti,
576 3629 653 3675 nimis
680 3627 702 3676 1.
732 3653 759 3663 —
799 3628 845 3677 tibi
862 3639 922 3675 uere
940 3627 1024 3675 dicere
1047 3625 1124 3675 Mlti:
1152 3624 1201 3673 tibi
1217 3625 1283 3671 itero
1303 3621 1386 3669 dicere
1409 3618 1465 3666 lac.

150 3692 286 3744 Gronovio
305 3703 414 3745 auctore
435 3695 463 3744 tt.
494 3696 662 3760 (Requiritur
681 3698 731 3746 hoe
750 3696 821 3746 lere:
844 3697 880 3746 ad
897 3695 1062 3745 scribendum
1080 3695 1143 3754 tibi,
1162 3707 1220 3743 uere
1238 3691 1333 3741 dicem.
1361 3687 1423 3742 On.)
1436 3709 1465 3722 -

150 3764 177 3812 2.
197 3765 352 3813 alacriorem
370 3765 526 3815 Lambinus.
548 3792 578 3801 —
610 3765 660 3827 Ad]
683 3767 714 3814 Ut
733 3768 783 3816 Ml.
806 3793 833 3803 -
865 3768 891 3816 3.
915 3763 965 3827 me]
984 3766 1052 3820 tel,
1072 3779 1127 3814 om.
1147 3764 1183 3813 ta.
1205 3787 1236 3799 -
1273 3762 1300 3812 5.
1325 3760 1466 3808 l'ettt'rttum

151 3833 284 3884 Orellius:
302 3834 439 3883 Vectenum
451 3836 547 3885 tttitss.
559 3858 590 3870 -
604 3836 742 3886 Faberium
757 3837 799 3884 iil.
817 3861 845 3871 -
861 3837 979 3886 Clodium
991 3837 1029 3884 R:
1050 3835 1172 3885 Cloelium
1184 3832 1243 3891 ME,
1257 3830 1387 3879 Cboeiium
1400 3828 1422 3876 l.
1435 3850 1464 3861 -

150 3903 177 3954 ὓ.
197 3916 356 3968 quamquam
367 3906 390 3953 si
401 3906 466 3968 quid
481 3907 562 3967 egerit
578 3907 610 3965 li,
631 3920 789 3970 quamquam
801 3907 901 3955 sceleste
913 3906 1017 3968 quidem
1029 3907 1111 3968 egerit
1130 3904 1151 3963 i,
1171 3913 1328 3964 quamquam
1339 3899 1384 3947 red
1395 3895 1466 3959 quod

151 3976 234 4036 egerit
251 3974 383 4032 Victorius
402 3981 430 4024 et
447 3972 509 4024 lori.
529 3976 565 4026 Μ.
598 3975 639 4029 tUt
654 3990 716 4035 nos,
735 3978 896 4033 Manutius.)
916 4003 947 4012 -
966 3977 993 4025 7.
1013 3976 1040 4025 C.
1055 3974 1162 4023 ,laniat
1182 3972 1345 4021 Obominem
1363 3967 1466 4017 lluscb·

150 4043 227 4094 laius:
248 4042 325 4093 Gallo
342 4046 432 4093 animo
450 4045 577 4094 bominem
594 4046 674 4105 Mill,
696 4043 773 4095 Gutta
789 4047 920 4096 Caninio?
941 4046 962 4094 0
980 4047 1110 4094 bominem
1127 4043 1246 4093 corrado
1259 4046 1368 4090 auctore
1382 4037 1412 4086 ll.
1431 4060 1464 4071 -

151 4112 177 4162 8.
197 4109 243 4174 aie]
263 4116 330 4164 sieut
350 4115 371 4163 l.
391 4139 424 4148 —
445 4115 486 4163 te.
509 4116 579 4164 Fort.
606 4115 646 4163 De
664 4117 804 4176 Anniano,
824 4117 891 4165 idem
908 4115 978 4179 quod
995 4122 1033 4164 tu.
1061 4114 1105 4164 Me
1122 4114 1198 4161 valde
1215 4111 1335 4162 observat
1352 4105 1464 4156 Visellio.

151 4183 201 4233 Sed
218 4184 279 4233 boec
298 4184 403 4247 quidem
419 4184 532 4234 humane
551 4192 614 4239 (non
633 4186 758 4246 moleste,
779 4192 808 4235 ut
826 4200 851 4236 e.
871 4201 895 4235 c.
915 4182 1068 4245 Caerellia).
1097 4184 1148 4234 On.
1170 4203 1199 4214 -
1236 4181 1278 4231 ld.
1298 4180 1418 4230 Saluium
1437 4176 1464 4236 Ι.

150 4253 265 4303 Servitia
283 4252 402 4304 Corrado
421 4260 530 4305 auctore
547 4255 714 4305 Schuetzius.
734 4281 764 4290 —
797 4270 851 4304 non
868 4270 922 4321 quo
937 4253 1046 4318 pompa]
1065 4254 1173 4304 Malim:
1193 4265 1262 4300 nunc
1281 4264 1334 4312 qua
1348 4245 1464 4310 pompa!

150 4322 201 4373 0n.
223 4348 254 4358 -
290 4325 325 4372 ad
342 4320 379 4385 sc]
398 4326 434 4374 od
451 4333 476 4374 te
495 4326 525 4374 tt.
546 4350 577 4360 -
616 4327 657 4374 15.
686 4338 784 4375 narras
802 4325 834 4374 X.
862 4349 892 4358 -
931 4326 973 4374 18.
1002 4330 1191 4386 recuperatam
1209 4321 1253 4371 iil.
1276 4343 1305 4356 -
1342 4333 1374 4368 ae
1391 4311 1463 4380 quid]

149 4395 239 4458 mque
258 4393 279 4442 t.
304 4418 332 4429 -
371 4393 414 4444 as.
434 4394 526 4444 natam
545 4396 681 4456 apamiae.
711 4395 760 4446 on.
786 4418 812 4429 -
844 4392 911 4458 nest]
929 4395 981 4443 soa
997 4398 1020 4445 a
1037 4395 1080 4453 u,
1100 4393 1151 4444 sta
1168 4396 1205 4442 aa
1223 4392 1243 4442 1.
1266 4416 1296 4426 -
1333 4391 1377 4438 aa.
1396 4380 1463 4446 mm]

149 4476 194 4512 eas
211 4464 243 4513 li.
264 4487 295 4497 -
332 4463 375 4512 et.
396 4477 408 4512 e
426 4477 480 4513 om.
501 4466 533 4513 tt.
555 4491 582 4501 -
621 4465 714 4515 balneo
732 4466 776 4514 m.
798 4491 828 4501 —
865 4467 908 4515 22.
936 4467 1021 4526 accipi
1039 4466 1076 4515 Μ.
1096 4489 1129 4498 -
1164 4477 1190 4513 ae
1210 4461 1350 4511 dicebare
1370 4456 1464 4506 Treba·

149 4535 201 4582 tio:
220 4546 267 4582 nec
284 4536 373 4582 omniu
390 4547 490 4584 sommo
508 4537 536 4585 oi
554 4531 620 4598 (om.
639 4534 739 4595 fecisse)
764 4535 785 4584 l.
816 4560 846 4570 -
888 4536 1030 4585 l'ettienam
1048 4535 1178 4586 Orellius:
1208 4533 1336 4581 Vettinam
1352 4529 1397 4583 tt,
1423 4524 1465 4574 Vt·

149 4611 253 4653 etmum
271 4603 322 4662 lii,
345 4603 476 4653 Vectinam
495 4604 516 4653 l.
538 4628 568 4640 -
600 4605 643 4655 23.
664 4607 784 4667 tripatar
801 4606 842 4665 Μ,
861 4605 970 4671 sugatur
987 4605 1009 4653 l.
1029 4629 1061 4641 -
1087 4611 1117 4654 ut
1133 4603 1274 4655 monetatis
1289 4596 1461 4652 Sohaemus:

149 4674 221 4737 quoa
241 4673 343 4722 matam.
364 4673 418 4723 ca.
438 4673 498 4722 tin.
518 4676 559 4724 to.
587 4675 635 4737 up.
656 4677 705 4735 11,
724 4676 749 4724 5.
779 4674 829 4726 on.
858 4702 888 4711 -
925 4678 969 4726 aa.
996 4688 1091 4736 quam
1108 4676 1130 4725 t.
1153 4701 1181 4711 -
1219 4673 1262 4722 aa.
1290 4666 1385 4732 quava]
1407 4667 1465 4727 qua

156 4743 231 4794 Mitt.
264 4741 352 4804 (Corr.
372 4743 543 4807 Malaspiua·)
564 4770 593 4780 -
631 4745 674 4794 2¹1.
694 4745 792 4794 scribes
811 4747 841 4795 R.
864 4769 894 4782 -·
929 4746 972 4796 28.
989 4745 1220 4809 pattosoptumma
1237 4743 1273 4793 bl·
1296 4763 1325 4776 -·
1356 4735 1463 4790 adom.

158 4812 189 4861 tt.
212 4837 242 4849 -
278 4813 322 4863 34.
341 4813 459 4875 Myrtilis
477 4816 511 4876 li,
530 4813 650 4877 Myrtitlo
668 4815 689 4865 1.
717 4815 809 4868 Malim
828 4815 987 4887 Μυρτίλου.
1014 4815 1065 4866 Οι.

242 4920 314 4960 cauis
328 4919 348 4961 r.
367 4921 402 4960 ut.
1218 4893 1258 4953 to
