3256 5400
597 243 671 303 LlB.
693 240 746 302 vl.
788 240 848 302 ΕΡ.
870 240 900 301 6.
923 239 953 301 7.
975 240 1006 302 8.
1403 242 1464 304 505

143 401 207 467 bat.
236 407 277 466 At
290 418 373 464 nnnc
387 397 530 476 Caelius;
553 418 617 462 non
633 397 703 462 dieo
718 394 881 482 equidem,
904 395 1020 480 †quod
1034 397 1152 481 egerit;
1174 395 1229 461 sed
1243 406 1347 463 tamen
1367 398 1467 464 multo

145 495 249 560 minus
269 491 392 558 laboro.
441 490 529 558 Adde
550 490 642 556 illud:
665 489 850 575 Pompeius,
880 509 920 554 eo
941 488 1061 555 robore
1082 490 1147 564 vir,
1170 490 1207 556 iis
1229 488 1404 567 radicibus,
1428 495 1467 570 Q.

145 587 284 655 Cassium
306 584 374 651 sine
395 595 483 651 sorte
506 583 638 670 delegit,
667 588 781 649 Caesar
800 583 987 661 Antoninm;
1010 603 1070 668 eqo
1092 592 1178 648 sorte
1200 582 1306 649 datum
1327 584 1468 651 offende-

143 703 229 756 rem,
248 690 284 747 ut
296 679 391 745 etiam
404 678 580 765 inquireret
592 678 624 743 in
641 699 730 752 eum,
752 697 845 763 quem
857 677 1080 764 reliquissem?
1103 677 1312 757 Hocmelius3
1332 688 1363 743 et
1375 678 1468 746 huius

142 777 192 842 rei
213 775 305 862 plura
326 773 487 858 exempla3
509 777 662 838 senectuti
683 770 809 858 quidem
831 780 958 836 nostrae
978 771 1122 858 proiecto
1145 771 1257 856 aptius.
1278 777 1317 836 At
1338 780 1369 836 te
1385 772 1491 858 apuds

144 890 234 944 eum,
257 867 302 933 dii
322 865 415 933 bonil
442 876 557 953 quanta
578 865 611 930 in
632 866 731 950 gratia
754 864 860 950 posui;
891 865 983 952 eique
1004 866 1067 950 legi
1089 864 1208 930 litteras
1230 885 1294 930 uon
1316 873 1384 929 tuas
1411 865 1466 930 sed

142 961 266 1030 librarii
287 961 342 1026 tui.
390 959 570 1026 Amicorum
592 958 713 1023 litterae
734 979 785 1022 me
807 958 848 1023 ad
870 958 1062 1045 triumphum
1084 970 1211 1032 vocant,
1233 978 1301 1021 rem
1323 978 1340 1021 a
1365 957 1467 1035 nobis,

143 1067 178 1124 ut
198 1077 259 1142 ego
280 1053 432 1128 arbitror,
468 1062 600 1139 propter
621 1052 700 1116 hanc
722 1059 972 1135 παλιγγενεσίαν
994 1062 1133 1117 nostram
1155 1071 1219 1115 non
1240 1051 1467 1135 negligendam.

145 1154 251 1228 Quare
272 1158 307 1214 tu
328 1169 471 1236 quoque,
506 1146 547 1211 mi
569 1145 687 1218 Attice,
720 1145 823 1230 incipe
845 1146 878 1211 id
899 1167 1035 1232 cupere,
1065 1165 1129 1232 quo
1158 1165 1217 1210 nos
1246 1149 1350 1211 minus
1371 1146 1468 1232 inepti

144 1244 317 1309 videamur.
1480 1258 1505 1295 u

620 1351 996 1439 mmmmm

621 1469 763 1533 arcano
786 1469 929 1532 arrico
953 1469 984 1532 s.

231 1588 258 1648 l.
282 1585 416 1660 Quintus
438 1579 521 1645 lilius
542 1580 594 1665 pie
616 1600 709 1653 sane,
742 1600 792 1643 me
815 1578 942 1664 quidem
964 1587 1049 1643 certe
1070 1579 1203 1646 multum
1228 1578 1389 1651 hortante,
1412 1575 1469 1643 sed

144 1685 331 1749 currentem,
354 1675 493 1738 animum
515 1680 612 1758 patris
634 1674 683 1738 sui
705 1673 811 1739 sorori
834 1683 904 1738 tuae
925 1673 1148 1739 reconciliavit.
1180 1679 1259 1739 lium
1274 1673 1363 1739 valde
1374 1673 1467 1738 etiam

144 1782 215 1833 tuae
237 1769 358 1833 litterae
380 1769 565 1833 excitarunt.
611 1768 694 1845 Quid
716 1767 862 1854 quaeris‘l
885 1767 1014 1832 Confido
1037 1789 1125 1839 rem,
1148 1777 1183 1833 ut
1198 1769 1361 1841 volumus,
1385 1787 1465 1833 esse.
1479 1791 1505 1830 ss

144 1864 197 1927 llis
219 1863 257 1926 ad
281 1873 310 1927 te
337 1874 426 1927 antea
449 1863 561 1949 scripsi
590 1861 629 1928 de
652 1883 687 1925 re
714 1883 785 1925 mea
807 1861 971 1935 familiari,
1009 1861 1034 1926 si
1058 1861 1153 1927 modo
1176 1862 1233 1927 tibi
1255 1862 1396 1927 redditae
1418 1862 1468 1927 lil-

144 1970 229 2021 terae
257 1968 345 2032 sunt,
384 1962 518 2030 Graece,
555 1967 590 2022 ἐν
618 1967 792 2038 αἰνιγμοῖς.
844 1955 966 2020 Scilicet
994 1955 1072 2020 nibil
1094 1965 1141 2020 est
1162 1956 1361 2023 mouendum.
1405 1954 1468 2021 Sed

144 2061 265 2124 tamen,
302 2055 433 2132 ἀφελῶς
454 2049 667 2136 percontando
690 2050 729 2114 de
751 2050 930 2114 nominibus
950 2050 1097 2124 Milonis,
1120 2059 1169 2123 et,
1193 2061 1226 2116 ut
1248 2050 1411 2136 expediat,
1432 2059 1469 2116 ut

143 2144 220 2207 mihi
244 2146 378 2230 recepit,
401 2144 578 2219 hortando,
601 2143 719 2230 aliquid
740 2153 775 2208 tu
795 2143 950 2229 proficies.
994 2147 1024 2208 2.
1046 2146 1113 2227 Ego
1135 2143 1307 2211 Laodiceae
1322 2153 1469 2230 quaesto·

142 2258 211 2301 rem
240 2238 422 2303 Mescinium
452 2248 633 2324 exspectare
662 2237 756 2312 iussi,
792 2246 827 2302 ut
848 2237 1004 2302 coniectas
1031 2238 1169 2301 rationes
1191 2238 1260 2322 lege
1282 2238 1361 2303 iulia
1383 2237 1504 2324 apndss

143 2331 220 2395 duas
251 2331 391 2396 civitates
423 2332 541 2417 possim
562 2331 753 2418 relinquere.
795 2330 941 2396 Rhodum
963 2330 1037 2395 uolo
1059 2351 1231 2416 puerorum
1253 2350 1366 2408 causa;
1394 2331 1468 2396 inde

143 2445 238 2510 quam
266 2424 402 2509 primum
431 2426 582 2503 Athenas3
618 2426 677 2490 etsi
698 2425 821 2490 Etesiae
842 2424 932 2490 valde
956 2422 1075 2489 reflant.
1127 2423 1189 2488 Sed
1210 2423 1301 2508 plane
1323 2424 1396 2490 volo
1418 2424 1467 2490 his

143 2518 396 2603 magistratibus,
432 2541 567 2605 quornm
596 2519 789 2584 voluntatem
815 2518 847 2583 in
876 2517 1102 2603 supplicatione
1124 2538 1193 2582 sum
1216 2524 1377 2602 expertus.
1419 2522 1468 2582 Tu

142 2621 246 2676 tamen
268 2613 354 2677 mitte
376 2612 468 2685 mihi,
491 2634 624 2698 quaeso,
654 2610 779 2678 obviam
802 2612 939 2686 litteras,
967 2610 1121 2696 numquid
1142 2619 1232 2696 putes
1255 2610 1303 2675 rei
1324 2608 1467 2695 publicae

142 2705 268 2770 nomine
296 2706 479 2771 tardandum
512 2727 580 2771 esse
610 2705 712 2772 nohis.
765 2706 840 2772 'liro
871 2705 911 2770 ad
932 2714 962 2769 te
986 2703 1123 2769 dedisset
1144 2703 1280 2778 litteras,
1310 2702 1372 2767 nisi
1393 2723 1467 2768 eum
1476 2723 1505 2763 ss

143 2799 280 2885 graviter
314 2820 444 2885 aegrmn
471 2800 578 2881 lesse
607 2800 815 2887 reliquissem.
859 2798 921 2864 Sed
949 2797 1093 2862 nuntiant
1122 2796 1234 2862 melius
1267 2817 1347 2861 esse.
1400 2800 1468 2882 Ego

144 2906 246 2961 tamen
267 2915 375 2981 angor,
420 2894 503 2960 Nihil
525 2894 609 2960 enim
631 2894 686 2959 illo
708 2893 904 2959 adolescente
926 2894 1057 2967 castius,
1080 2890 1159 2957 nihil
1181 2890 1372 2977 diligentius.

601 3019 682 3081 un.
725 3017 783 3092 (A.
809 3018 843 3080 u.
865 3017 898 3079 e.
920 3012 1011 3096 ros.)

629 3130 772 3194 crosno
794 3129 938 3192 arnico
960 3129 992 3191 s.

231 3247 258 3307 1.
282 3246 357 3308 Cum
388 3240 588 3306 instituissem
611 3240 650 3305 ad
672 3250 702 3304 te
724 3237 864 3304 scrihere
886 3238 1103 3324 calamumque
1125 3239 1343 3324 sumpsissem,
1376 3245 1502 3305 Bato-⁸⁰

145 3336 215 3401 nius
238 3358 256 3400 e
278 3337 348 3400 navi
374 3345 458 3400 recta
481 3335 520 3400 ad
542 3357 593 3399 me
615 3335 700 3399 uenit
726 3333 855 3399 domum
881 3331 996 3418 Ephesi
1019 3341 1050 3395 et
1072 3331 1234 3417 epistolam
1256 3342 1341 3399 tuam
1363 3333 1469 3398 reddi·

144 3431 189 3495 dit
217 3431 320 3516 pridie
352 3429 420 3494 Kal.
458 3428 622 3494 Octobres.
679 3433 825 3492 Laetatus
857 3448 927 3491 sum
959 3424 1105 3491 felicitate
1141 3427 1347 3512 navigationis
1380 3437 1466 3502 luae,

144 3524 377 3610 opportunitate
406 3523 519 3598 Piliae,
549 3522 643 3588 etiam
672 3520 799 3586 hercule
827 3540 974 3584 sermone
996 3519 1140 3584 eiusdem
1163 3520 1202 3584 de
1225 3520 1373 3604 coniugio
1395 3519 1468 3584 Tul·

144 3618 203 3682 liae
226 3639 324 3683 meae.
367 3621 397 3682 2.
420 3616 568 3682 Batonius
591 3626 695 3681 autem
716 3619 816 3679 miros
837 3624 977 3678 terrores
998 3612 1037 3677 ad
1060 3635 1111 3678 me
1126 3613 1227 3678 attulit
1249 3613 1465 3690 Caesarianos;

213 3766 239 3814 1.
258 3764 327 3828 qued
344 3762 388 3812 M:
408 3765 470 3826 quid
481 3763 547 3811 illlt.
562 3788 595 3796 —
623 3763 719 3826 eperim
733 3761 754 3809 1.
775 3761 847 3810 Fert.
860 3761 929 3824 quod
939 3759 1054 3808 debuerit
1066 3758 1207 3823 (praefici).
1227 3759 1276 3810 On.
1292 3784 1321 3795 -
1350 3760 1376 3808 3.
1389 3759 1466 3822 clepit

143 3834 176 3882 11.
192 3859 221 3871 -
241 3830 343 3896 dutum]
353 3833 469 3882 delutum
481 3833 520 3891 11,
539 3833 694 3881 mundatum
705 3845 759 3894 mg.
773 3830 923 3881 Cratandri.
934 3854 968 3863 —
987 3829 1014 3878 1.
1028 3830 1057 3877 irs
1070 3827 1137 3892 euml
1151 3845 1234 3879 meum
1244 3831 1280 3879 M.
1291 3854 1320 3864 -
1341 3831 1367 3879 5.
1378 3830 1467 3890 opttus

144 3911 216 3966 upte.
235 3904 311 3966 dpud
329 3904 372 3962 M,
392 3905 490 3965 aptius.
510 3903 546 3950 Ac
560 3911 584 3951 te
596 3903 667 3964 opud
679 3901 724 3950 111.
740 3926 772 3936 -
791 3902 835 3950 12.
850 3901 937 3950 Cicero
949 3900 1035 3948 Attico
1048 3902 1076 3951 S.
1091 3901 1204 3962 Quintus
1215 3900 1284 3963 filius
1296 3896 1347 3962 pie]
1366 3899 1465 3957 Cicero,

145 3977 176 4035 Q.
195 3974 287 4038 fratri.
324 3973 429 4031 Plebi,
457 3973 554 4022 Cicero.
576 3971 606 4033 Q.
626 3973 694 4035 filius
714 3983 767 4032 mg.
788 3971 831 4025 M,
858 3969 970 4031 Quintus
993 3971 1063 4034 filius
1091 3971 1189 4032 Quinte
1214 3970 1288 4031 putri
1305 3983 1352 4017 suo
1374 3974 1467 4029 suopte

143 4046 186 4105 pie
209 4044 247 4101 11,
276 4044 387 4106 Quintam
411 4043 479 4108 filius
504 4057 560 4091 om.
585 4041 607 4091 l.
646 4040 777 4103 (Correxit
802 4040 962 4097 Manutius.)
983 4062 1015 4072 -
1052 4042 1096 4091 it.
1115 4041 1251 4090 uuldetue
1270 4039 1291 4087 11
1310 4045 1337 4088 et
1356 4052 1396 4102 pr.
1417 4037 1465 4098 bl,

144 4113 219 4162 oolde
245 4127 284 4163 me
315 4121 376 4164 tuoe
402 4113 459 4162 let
477 4126 547 4162 corr.
566 4111 602 4161 M.
635 4137 666 4147 -
703 4111 748 4160 16.
766 4118 827 4160 sunt
846 4111 949 4159 litterae
968 4109 998 4158 11.
1026 4137 1058 4144 -
1097 4109 1140 4159 l'i.
1161 4125 1190 4160 ar
1210 4124 1364 4175 αινιγμασι
1382 4109 1413 4157 li·
1435 4132 1465 4142 —

145 4181 244 4233 Scilicet
275 4197 328 4232 om.
354 4183 386 4232 11.
421 4207 447 4219 -
487 4182 529 4231 18.
557 4183 736 4243 percontando
761 4180 831 4230 Mli:
853 4182 1051 4242 percunctando
1069 4181 1115 4231 lli.
1147 4204 1178 4214 —
1214 4180 1245 4228 de
1263 4192 1318 4228 om.
1338 4178 1413 4228 11111.
1434 4202 1462 4212 -

145 4254 188 4303 19.
209 4255 332 4315 receperit
350 4253 383 4301 11.
413 4278 443 4288 -
480 4253 580 4316 aliquid
609 4258 638 4300 tu
664 4257 775 4301 auclore
795 4251 919 4300 Ernestio
936 4250 1107 4300 Schuelzius:
1132 4250 1235 4313 aliquid
1252 4256 1299 4298 cul
1318 4248 1385 4306 1111,
1416 4246 1466 4295 eli·

145 4330 270 4385 quantum
287 4322 441 4377 Manutius,
461 4323 562 4385 aliquid
579 4324 620 4371 itu
641 4328 670 4370 tu
688 4321 732 4370 lli.
752 4344 784 4358 -
818 4322 911 4385 perfice
929 4332 954 4368 es
971 4319 1017 4380 M,
1035 4321 1152 4385 perficies
1171 4332 1225 4380 mg.
1244 4317 1281 4368 M.
1304 4343 1332 4355 -
1352 4319 1395 4367 20.
1422 4329 1465 4365 ec·

145 4400 260 4448 spectare
277 4394 357 4446 iussi.
389 4389 429 4455 ut]
449 4399 585 4454 expectere
612 4392 673 4440 misi
695 4399 725 4440 ut
752 4391 798 4450 M,
829 4397 1004 4452 exspectarem
1020 4392 1098 4440 modo
1119 4391 1174 4452 ipse
1192 4390 1313 4438 uenerit:
1342 4394 1371 4436 ut
1390 4387 1411 4435 1.
1433 4410 1461 4421 -

145 4463 190 4510 22.
210 4468 234 4511 el
252 4463 315 4512 siet
334 4463 392 4511 Asie
410 4462 486 4511 ualde
505 4462 540 4513 11.
563 4487 594 4498 -
631 4461 722 4527 reponi
740 4460 786 4521 M,
806 4461 957 4527 reflaverint
976 4459 997 4509 l.
1018 4485 1049 4493 —
1085 4460 1165 4523 plane
1183 4473 1238 4509 om.
1258 4458 1318 4509 1111.
1347 4455 1466 4519 (Habent

45 4554 48 4560 ·
148 4532 204 4579 let
222 4531 305 4580 Codd·
327 4533 409 4581 iiosii.
455 4531 509 4582 Cir.
531 4532 609 4581 Hand
628 4532 707 4581 Turs·
728 4531 763 4580 ll.
791 4546 814 4594 p·
842 4531 916 4580 603.)
946 4553 976 4564 -
1019 4531 1052 4578 iis
1077 4531 1109 4580 11.
1138 4554 1170 4564 -
1205 4528 1250 4577 26.
1281 4541 1389 4591 neprum
1414 4537 1466 4576 esse

145 4601 301 4663 reliquissem
331 4601 403 4651 YM:
435 4615 541 4665 asprum
566 4605 616 4652 isse
639 4602 796 4666 reliquissem
815 4601 852 4656 X,
881 4614 988 4664 ceprum
1015 4601 1095 4651 Escae
1119 4600 1277 4664 reliquissem
1303 4597 1330 4656 l,
1359 4608 1466 4661 uepmsm

146 4673 304 4734 reliquissem
326 4671 387 4729 llll,
414 4685 521 4735 ueprum
543 4673 633 4722 Putris
649 4673 840 4735 reliquisseme
865 4671 930 4721 Cod.
951 4670 1079 4720 Lamolac
1097 4671 1170 4720 Pius.
1203 4697 1230 4706 -
1270 4681 1321 4719 esse
1339 4669 1372 4716 ei.
1409 4665 1466 4729 Epo

148 4742 168 4789 l.
189 4767 222 4775 —
259 4742 293 4790 30
321 4747 348 4790 et
372 4741 415 4791 cl.
436 4742 566 4792 Batonius
584 4742 666 4793 Mlti:
694 4743 834 4791 bullonius
861 4755 922 4790 curn
951 4741 1030 4791 Bosie
1056 4741 1085 4790 li.
1122 4740 1176 4791 Cir.
1197 4741 1253 4790 bib.
1274 4738 1301 4798 t,
1322 4739 1365 4796 tl,
1387 4737 1411 4783 1.
1433 4759 1463 4770 -
1542 4742 1546 4751 “

147 4814 191 4860 31.
209 4812 295 4874 pridie
314 4810 375 4861 liul.
395 4811 475 4862 mut:
499 4825 531 4862 ιι.
551 4814 612 4863 1iul·
633 4827 694 4861 rum
715 4811 786 4861 Basti
807 4811 891 4860 codd.
912 4812 941 4861 11.
981 4834 1009 4846 -·
1047 4811 1090 4862 33.
1110 4811 1210 4862 hercule
1228 4810 1295 4860 Mlt:
1326 4803 1467 4857 mahermale

148 4882 193 4932 lii.
215 4908 242 4918 -
281 4880 575 4933 numerositatem.
612 4881 667 4934 Cir.
688 4882 746 4931 Lib.
766 4881 793 4942 l,
812 4881 840 4943 ’1,
860 4882 886 4932 1.
