3256 5400
178 193 241 256 att
632 191 691 253 ΕΡ.
713 191 764 253 ΑΙ)
788 189 827 266 Q.
848 190 1034 254 FRATREM

177 370 230 414 eas
248 370 360 435 regere
371 348 565 435 coepissent,
588 354 641 411 aut
652 346 685 419 ii,
701 345 755 432 qui
770 354 931 429 regerent,
947 365 1040 410 omne
1055 344 1295 428 suum-studium
1311 345 1343 410 iu
1358 344 1505 411 doctrina

178 451 210 507 et
244 442 394 528 sapientia
425 441 639 507 collocassent.
696 443 786 505 Hanc
816 439 1066 504 coniunctionem
1098 438 1246 504 videlicet
1274 440 1439 525 potestatis
1472 451 1505 506 et

165 536 346 623 >sapientiae
368 535 458 600 saluti
483 535 604 599 censuit
624 531 802 598 civitatibus
823 553 891 597 esee
913 552 1016 617 posse.
1059 532 1153 610 Quod
1175 531 1310 598 fortasse
1331 533 1503 620 aliquando

177 630 343 695 universae
370 628 418 693 rei
446 626 589 713 publicae
621 636 762 699 nostrae,
798 647 880 690 nune
905 625 1031 711 quidem
1059 625 1203 711 profecto
1232 628 1284 692 isti
1317 628 1504 717 provinciae

153 723 325 807 »contigit,
353 731 388 788 ut
413 721 440 786 is
467 720 500 784 in
529 741 565 784 ea
594 741 746 785 summam
768 728 954 804 potestatem
976 717 1120 792 baberet,
1143 725 1194 784 cui
1216 721 1248 784 in
1270 720 1427 795 doctriua,
1450 721 1504 786 cui

176 817 209 880 iu
231 816 345 881 virtute
366 825 458 900 atque
481 812 669 878 humanitate
690 811 892 898 percipienda
913 812 1083 897 plurimum
1105 834 1123 877 a
1149 814 1284 898 pueritia
1305 813 1402 879 studii
1424 814 1504 879 fuis-

177 917 224 973 set
248 917 278 973 et
300 907 460 992 temporis.
517 910 568 971 30.
592 910 697 984 Quare
719 927 811 979 cura,
833 914 868 971 ut
892 905 943 970 bie
964 927 1080 980 annus,
1109 907 1165 993 qui
1186 907 1225 972 ad
1248 907 1389 973 laborem
1412 920 1503 973 tuum

177 1003 327 1074 accessit,
357 1001 438 1065 idem
461 999 498 1063 ad
522 1001 652 1065 salutem
674 999 765 1064 Asiae
787 1008 975 1085 prorogatus
1001 1020 1070 1065 esse
1092 1000 1246 1066 videatur.
1289 1002 1446 1079 Quoniam
1469 1003 1502 1066 iu

177 1105 207 1161 te
229 1095 394 1160 retinendo
417 1095 475 1159 fuit
496 1094 568 1158 Asia
589 1094 713 1157 felicior
733 1115 827 1179 quam
849 1114 906 1157 uos
928 1093 960 1156 in
982 1093 1187 1167 deducendo,
1221 1095 1351 1180 perfice,
1382 1106 1418 1161 ut
1439 1097 1503 1160 lae-

142 1204 168 1243 ¹⁰
178 1190 244 1254 titia
265 1189 444 1273 provinciae
467 1187 658 1251 desiderium
680 1196 825 1250 nostrum
847 1186 989 1251 leniatur.
1032 1188 1170 1261 Etenim,
1193 1189 1219 1253 si
1234 1189 1502 1274 inpromerendo,

177 1292 212 1348 ut
241 1282 295 1347 tibi
329 1284 403 1346 tanti
431 1282 567 1346 bonores
589 1279 793 1353 haberentur,
834 1280 940 1365 quanti
974 1280 1055 1345 haud
1089 1281 1154 1345 scio
1183 1303 1221 1345 an
1249 1283 1381 1356 nemini,
1416 1282 1503 1347 fuisti

178 1378 317 1443 omnium
348 1374 619 1458 diligentissimus,
647 1373 745 1437 multo
775 1373 926 1437 maiorem
950 1375 982 1438 iu
1004 1373 1053 1439 bis
1074 1373 1248 1439 bonoribus
1270 1375 1392 1439 tuendis
1414 1375 1504 1440 adhi-

178 1470 255 1537 bere
277 1469 467 1553 diligentiam
489 1465 595 1531 debes.
639 1470 690 1531 31.
713 1465 865 1551 Equidem
888 1465 926 1529 de
949 1465 1009 1531 isto
1030 1487 1147 1551 genere
1170 1468 1325 1533 honorum
1341 1466 1418 1553 quid
1432 1490 1504 1532 seu·

179 1565 284 1637 tirem,
308 1564 416 1647 scripsi
439 1560 478 1625 ad
501 1571 529 1625 te
551 1569 632 1625 ante.
676 1564 808 1644 Semper
830 1581 884 1623 eos
908 1561 1027 1644 putavi,
1051 1561 1078 1624 si
1100 1562 1245 1644 vulgares
1261 1573 1382 1634 essent,
1406 1561 1502 1637 viles;

143 1673 168 1711 ¹⁵
179 1658 206 1723 si
227 1657 376 1741 temporis
398 1676 489 1719 causa
511 1653 791 1726 constituerentur,
814 1652 918 1728 leves;
948 1653 974 1716 si
997 1675 1075 1718 vero
1097 1691 1137 1701 —
1160 1654 1192 1718 id
1214 1655 1299 1741 quod
1321 1656 1364 1719 ita
1385 1653 1501 1718 factum

179 1759 226 1815 est
248 1783 286 1792 —
311 1749 429 1812 meritis
452 1747 514 1812 tuis
535 1744 769 1820 tribuerentur,
792 1744 1006 1811 existimabam
1028 1748 1156 1812 multam
1179 1747 1235 1813 tibi
1257 1749 1289 1812 iu
1311 1749 1349 1813 iis
1371 1746 1504 1812 bonori-

179 1843 238 1909 bus
270 1843 393 1908 tueudis
422 1862 553 1926 operam
581 1861 650 1904 esse
681 1839 864 1925 ponendam.
922 1842 1027 1916 Quare
1054 1842 1203 1924 quoniam
1225 1842 1256 1905 iu
1279 1842 1345 1906 istis
1367 1840 1502 1906 urbibus

179 1958 250 2002 cum
264 1957 386 2000 summo
406 1935 540 2020 imperio
559 1944 590 1999 et
611 1943 764 2018 potestate
786 1933 938 2005 versaris,
961 1933 992 1996 in
1014 1932 1128 2018 quibus
1149 1943 1217 1998 tuas
1239 1937 1370 2000 virtutes
1391 1957 1504 2000 couse-

179 2041 278 2096 cratas
299 2040 330 2093 et
358 2029 543 2093 iudeorum
566 2048 698 2091 numero
723 2027 889 2091 collocatas
913 2025 1014 2100 vides,
1053 2028 1084 2090 in
1112 2028 1257 2094 omnibus
1279 2029 1390 2101 rebus,
1423 2050 1502 2115 quas

141 2141 169 2180 ⁸⁰
179 2134 310 2196 statues,
343 2144 420 2208 quas
447 2122 614 2194 decernes,
652 2142 728 2205 quas
758 2141 845 2204 ages,
883 2120 960 2205 quid
982 2121 1073 2185 tantis
1095 2120 1256 2187 homiuum
1279 2120 1500 2207 opinionibus,

179 2219 269 2283 tantis
292 2217 330 2281 de
353 2229 382 2281 te
404 2216 543 2288 iudiciis,
576 2216 669 2279 tantis
692 2213 864 2278 honoribus
885 2212 1016 2285 debeas,
1038 2214 1198 2300 cogitabis.
1249 2217 1283 2281 ld
1305 2227 1410 2279 autem
1441 2215 1502 2279 erit

179 2311 349 2388 eiusmodi,
373 2319 407 2374 ut
429 2309 571 2374 consulas
594 2307 755 2380 omnibus,
780 2317 812 2371 ut
833 2306 979 2371 medeare
1000 2309 1206 2373 incommodis
1229 2310 1404 2379 hominum,
1428 2328 1503 2393 pro·

178 2403 285 2469 videas
307 2403 416 2478 saluti,
439 2417 473 2469 ut
494 2412 524 2467 te
546 2409 706 2487 parentem
728 2400 818 2464 Asiae
841 2410 871 2464 et
892 2401 955 2465 dici
977 2411 1008 2465 et
1030 2400 1138 2465 baberi
1161 2403 1248 2467 velis.

263 2501 317 2560 xl.
339 2501 390 2560 32.
412 2504 512 2582 Atque
534 2495 607 2559 huic
630 2503 700 2559 tuae
723 2495 872 2560 voluntati
887 2515 923 2558 ac
937 2494 1114 2579 diligentiae
1130 2496 1340 2561 difficultatem
1358 2516 1502 2580 maguam

141 2608 168 2651 m
178 2593 313 2656 afferunt
344 2589 518 2676 publicani:
561 2586 674 2674 quibus
711 2588 736 2652 si
765 2587 985 2661 adversamur,
1021 2588 1164 2654 ordinem
1197 2589 1236 2653 de
1264 2589 1354 2654 nobis
1383 2589 1502 2674 optime

180 2685 326 2749 meritum
349 2694 380 2748 et
401 2704 459 2767 per
479 2704 537 2747 nos
559 2703 630 2746 cum
653 2703 687 2746 re
710 2681 833 2767 publica
862 2683 1063 2746 coniunctum
1091 2691 1122 2746 et
1143 2703 1160 2746 a
1183 2682 1273 2747 nobis
1295 2691 1327 2746 et
1348 2703 1365 2745 a
1387 2703 1423 2745 re
1445 2703 1501 2767 pu·

179 2778 258 2844 blica
280 2778 494 2860 diiungemus3
516 2777 688 2842 sinautem
711 2775 856 2840 omnibus
878 2777 910 2839 in
928 2775 1023 2840 rebus
1038 2775 1267 2863 obsequemur,
1290 2777 1429 2859 funditus
1446 2797 1502 2840 eos

178 2872 283 2958 perire
305 2871 476 2956 patiemur,
511 2892 647 2956 quorum
674 2891 737 2934 uon
766 2869 861 2934 modo
883 2869 974 2934 saluti
998 2870 1169 2934 sedetiam
1192 2870 1365 2936 commodis
1390 2890 1502 2934 consu·

142 2996 147 3001 ·
178 2967 244 3031 lere
266 2964 426 3030 debemus.
470 2968 554 3029 llaec
575 2972 719 3038 estune,
742 2964 769 3028 si
791 2985 867 3028 vere
888 2969 1027 3048 cogitare
1049 2964 1213 3051 volumus,
1235 2965 1268 3029 iu
1285 2973 1352 3028 toto
1367 2962 1501 3048 imperio

142 3071 234 3126 sotuo
256 3060 430 3124 difficultas.
474 3063 551 3122 Nam
572 3079 641 3122 esse
662 3057 888 3131 abstinentem,
911 3058 1072 3122 continere
1094 3078 1202 3122 omnes
1218 3056 1412 3142 cupiditates,
1428 3077 1502 3121 suos

178 3165 343 3228 coercere,
373 3153 452 3217 iuris
473 3151 669 3238 aequabilem
691 3161 798 3216 tenere
820 3152 990 3226 rationem,
1018 3151 1140 3216 facilem
1161 3173 1194 3216 se
1217 3155 1248 3215 iu
1270 3149 1364 3215 rebus
1386 3170 1503 3234 cogno·

178 3248 319 3322 scendis,
353 3248 384 3311 in
414 3245 593 3312 homiuibus
626 3244 788 3311 audiendis
824 3244 1085 3332 admittendisque
1120 3244 1272 3331 praebere
1304 3244 1501 3330 praeclarum

178 3343 276 3426 magis
305 3351 351 3405 est
379 3362 472 3426 quam
500 3340 634 3405 difficile.
688 3344 755 3403 Non
778 3348 826 3403 est
849 3340 932 3403 enim
954 3339 1091 3424 positum
1113 3339 1144 3402 in
1167 3336 1276 3402 labore
1299 3338 1423 3424 aliquo,
1447 3337 1502 3402 sed

178 3435 209 3498 in
233 3433 364 3520 quadam
386 3434 565 3499 inductione
588 3435 682 3498 animi
705 3443 736 3497 et
756 3433 925 3498 voluntate.
976 3438 1027 3498 33.
1057 3433 1112 3497 llla
1135 3454 1225 3496 causa
1262 3430 1502 3517 publicanorum

142 3538 323 3613 aequantem
342 3526 542 3592 acerbitatem
563 3528 674 3592 alferat
693 3527 802 3601 sociis,
824 3527 1033 3591 intelleximus
1055 3547 1095 3590 ex
1114 3524 1249 3597 civibus,
1272 3525 1325 3611 qui
1346 3546 1448 3610 nuper
1469 3524 1501 3588 iu

179 3622 328 3706 portoriis
355 3622 460 3685 ltaliae
489 3621 634 3687 tollendis
662 3642 725 3685 nou
754 3629 816 3684 tam
839 3619 877 3683 de
900 3620 1044 3705 portorio
1067 3641 1158 3705 quam
1182 3619 1220 3683 de
1242 3617 1399 3683 nonnullis
1421 3618 1503 3682 iniu-

179 3715 234 3778 riis
255 3717 443 3800 portitorum
473 3714 695 3800 querebantur.
748 3717 853 3791 Quare
875 3735 938 3777 uon
960 3713 1092 3796 ignoro.
1116 3713 1191 3798 quid
1213 3713 1307 3776 sociis
1329 3710 1448 3775 accidat
1469 3710 1502 3774 in

179 3807 295 3871 ultimis
319 3809 425 3879 terris,
463 3828 534 3871 cum
557 3807 710 3872 audierim
733 3808 765 3871 in
786 3807 873 3871 ltalia
901 3806 1045 3892 querelas
1067 3807 1192 3870 civium.
1236 3806 1293 3868 llic
1315 3815 1345 3869 te
1368 3805 1408 3868 ita
1431 3824 1503 3868 ver-

180 3905 262 3973 sari,
287 3912 320 3966 ut
342 3912 372 3965 et
394 3901 566 3985 publicanis
587 3902 771 3975 satisfacias,
805 3900 989 3987 praesertim
1008 3899 1139 3985 publicis
1162 3899 1241 3962 male
1262 3897 1449 3983 redemptis,
1471 3906 1502 3962 et

141 3994 284 4058 ursocius
306 3996 410 4080 perire
432 4018 495 4060 nou
518 3995 615 4069 sinas,
646 3995 768 4059 divinae
791 3993 950 4059 cuiusdam
973 3995 1096 4058 virtutis
1118 4014 1186 4056 esse
1208 3992 1349 4066 videtur,
1380 3992 1500 4063 idest,

180 4097 262 4151 tuae.
307 4095 349 4152 Ac
371 4091 506 4175 primum
530 4088 656 4154 Graecis
680 4088 728 4162 id,
752 4087 838 4174 quod
860 4086 1095 4153 acerbissimum
1118 4096 1178 4157 est.
1208 4086 1292 4170 quod
1314 4094 1385 4150 suut
1407 4085 1501 4149 vecti·

180 4180 280 4264 gales,
314 4203 376 4246 uon
412 4183 454 4246 ita
488 4181 638 4247 acerbum
666 4182 766 4246 videri
803 4180 910 4255 debet,
945 4191 1113 4266 propterea
1147 4179 1232 4264 quod
1268 4180 1334 4242 sine
1367 4177 1502 4263 imperio

250 4345 275 4391 1.
296 4344 641 4408 uuthiquilll,uutqui
661 4345 681 4392 1.
716 4368 746 4378 -
782 4342 1063 4393 mortuimaris.
1097 4365 1127 4376 -
1164 4342 1331 4389 collocassent
1349 4340 1432 4388 Mill:
1452 4341 1501 4388 eot-

179 4412 294 4461 locurent
315 4413 463 4462 Ernestius.
497 4438 522 4447 —
561 4414 685 4463 etllllll:
715 4427 826 4462 aecum
846 4413 1008 4463 Gruteroll.
1031 4437 1061 4448 -
1098 4412 1124 4461 5.
1144 4425 1200 4460 eum
1220 4411 1269 4460 ill.
1292 4434 1321 4445 -
1359 4410 1385 4459 8.
1404 4423 1502 4472 propu-

178 4489 255 4545 qutua
287 4483 405 4531 malebat
431 4484 577 4533 Ernestius.
611 4509 641 4518 -
679 4485 851 4547 quoniamque
882 4483 1093 4544 malaspina·
1131 4484 1173 4530 10.
1206 4481 1239 4528 Et
1268 4494 1325 4528 cum
1353 4482 1376 4527 si
1402 4481 1440 4529 M.
1470 4500 1502 4512 -

179 4553 222 4600 13.
243 4553 368 4616 Equidem
387 4554 451 4602 MR:
472 4554 688 4616 fitqutdemlll.
710 4580 738 4589 -
780 4554 821 4602 16.
842 4554 874 4600 tiu
894 4554 947 4602 iil:
968 4554 1008 4601 ltu
1027 4551 1085 4600 llll.
1108 4577 1137 4586 -
1174 4550 1386 4598 honoribusom.
1408 4550 1502 4598 Manu·

180 4623 241 4671 ilus.
265 4647 295 4656 -
333 4624 375 4671 ts.
396 4624 528 4671 honestate
547 4625 578 4672 R.
599 4649 629 4658 -
665 4625 709 4673 22.
730 4623 876 4671 huiuamodi
895 4623 926 4671 ll.
954 4646 983 4657 -
1021 4623 1135 4669 omnium
1156 4621 1274 4669 Ursinus.
1297 4643 1327 4654 -
1364 4621 1408 4668 ut.
1430 4621 1500 4668 Fert.

180 4695 211 4741 at
242 4691 283 4742 vel
312 4692 398 4756 Atqui.
430 4694 508 4742 Birr-
543 4719 572 4728 -
615 4693 658 4742 27.
679 4694 841 4756 obsequimur
862 4694 890 4740 it.
919 4716 949 4726 -
985 4692 1020 4740 28
1049 4691 1179 4739 consulere
1196 4688 1323 4752 debemur]
1343 4690 1502 4737 consulemus

180 4761 231 4811 llll.
259 4787 292 4795 -
328 4760 696 4825 ³1.turu]uuuu1.-
733 4762 963 4812 scFaectolatus:
988 4769 1092 4811 tecum
1114 4761 1188 4809 libris
1208 4760 1237 4807 E.
1261 4783 1289 4793 -
1328 4760 1371 4809 31.
1391 4766 1415 4808 et
1435 4760 1501 4808 titt:

180 4839 259 4895 utque
276 4831 321 4880 111.
354 4858 387 4867 —
424 4833 671 4883 cucumerem.
693 4860 725 4869 -
760 4832 804 4883 ³9.
825 4832 994 4883 ucroetual.
1017 4855 1047 4866 -
1084 4825 1330 4891 t1.ut]uttltti.
