3256 5400
611 259 685 323 LlB.
706 260 775 324 Xll.
803 261 863 324 ΕΡ.
886 261 914 325 1.
935 262 967 326 2.
1370 269 1431 332 209

118 413 193 480 natis
220 414 284 480 iam
315 412 433 481 babere
464 435 532 481 rem
568 415 723 502 publicam
753 437 770 480 a
799 415 900 483 vobis.
957 418 1058 485 Habet
1079 421 1131 487 illa
1153 423 1276 510 quidem
1298 435 1431 498 tantum,

117 519 267 595 quantum
292 531 449 596 nunquam
475 509 551 575 mibi
574 512 606 576 in
633 519 768 574 mentem
793 511 877 577 veuit
902 522 1027 598 optare;
1051 516 1105 581 sed
1126 529 1269 586 contenta
1289 544 1351 589 non
1371 534 1432 595 est,

117 615 149 669 et
168 623 227 688 pro
249 602 461 688 magnitudine
479 614 510 668 et
531 604 626 669 animi
649 615 679 670 et
702 603 844 669 berteficii
861 607 959 671 vestri
979 628 997 671 a
1020 608 1110 675 vobis
1135 633 1244 697 magna
1268 614 1432 682 desiderat.

117 697 227 764 Adbuc
241 696 306 762 ulta
320 718 392 763 suas
406 698 537 763 iniurias
556 708 603 762 est
617 719 675 784 per
696 719 752 764 vos
766 699 895 764 interitu
911 702 1050 787 tyranui3
1073 703 1149 769 nibil
1170 707 1312 792 amplius.
1335 711 1434 775 Orna-

118 802 221 856 menta
241 812 319 857 vero
339 812 395 856 sua
416 812 496 878 quae
512 791 719 877 reciperavit?
741 813 781 856 an
795 791 881 878 quod
899 794 929 857 ei
943 804 1068 861 mortuo
1087 809 1189 883 paret,
1211 823 1306 887 quem
1327 803 1457 869 vivums

119 884 203 949 [erre
225 906 288 950 non
309 892 451 970 poterat?
481 885 570 950 cuius
592 905 664 949 aera
686 884 819 972 refigere
841 886 1048 961 debebamus,
1071 891 1138 957 eius
1163 894 1254 959 etiam
1276 897 1435 984 chirogra-

118 978 180 1065 pba
202 979 420 1045 defendimus?
443 1016 482 1026 -
504 985 544 1045 At
560 979 642 1045 enim
666 980 708 1044 ita
724 979 930 1047 decrevimus.
948 1017 986 1030 -
1008 985 1149 1050 Fecimus
1168 985 1198 1050 id
1220 988 1345 1073 quidem
1358 1000 1435 1054 tem-

78 1098 82 1104 ·
119 1070 251 1156 poribus
271 1072 432 1148 cedentes,
466 1094 548 1159 quae
569 1073 672 1139 valent
693 1074 726 1140 in
746 1095 781 1138 re
803 1073 927 1160 publica
947 1077 1132 1162 plurimum;
1155 1081 1211 1144 sed
1231 1082 1435 1147 immoderate

118 1165 244 1250 quidam
266 1176 298 1231 et
316 1166 438 1251 ingrate
460 1175 566 1232 nostra
587 1166 733 1232 facilitate
754 1165 933 1234 abutuntur.
975 1177 1093 1237 Verum
1114 1172 1190 1237 baec
1206 1174 1390 1260 propediem
1405 1186 1436 1239 et

119 1261 215 1324 multu
236 1260 296 1325 alia
318 1281 433 1326 coram.
484 1261 612 1326 Interim
631 1261 724 1327 velim
746 1261 791 1326 sic
811 1261 867 1327 tibi
888 1263 1092 1349 persuadeas,
1122 1265 1198 1331 mibi
1219 1287 1289 1332 cum
1310 1267 1358 1331 rei
1378 1289 1472 1353 pn-n·

118 1351 238 1428 blicae,
261 1376 355 1439 quam
376 1374 501 1440 semper
521 1352 616 1420 habui
637 1355 848 1432 carissimam,
877 1365 944 1422 tum
963 1357 1079 1423 amoris
1101 1360 1200 1424 nostri
1221 1381 1314 1426 causa
1335 1362 1434 1427 maxi·

119 1468 187 1512 mae
209 1469 304 1514 curae
325 1469 394 1513 esse
416 1457 501 1513 tuam
517 1446 707 1534 dignitatem.
748 1454 796 1515 Da
817 1470 962 1537 operam,
985 1460 1019 1517 ut
1039 1452 1152 1518 valeas.
1194 1453 1281 1519 Vale.

596 1590 953 1671 umnam)

601 1702 742 1767 cacano
765 1704 902 1769 cassio
924 1706 956 1769 s,

206 1825 235 1887 1.
257 1819 466 1888 Vehementer
493 1821 594 1887 laetor
625 1821 682 1887 tibi
713 1820 841 1908 probari
862 1823 1046 1889 sententiam
1067 1835 1098 1892 et
1119 1827 1293 1894 orationem
1314 1846 1473 1908 meam;¹a

119 1935 181 2002 qua
203 1915 231 1981 si
251 1915 375 2001 saepius
396 1915 441 1979 uti
462 1915 587 1991 liceret,
609 1915 687 1981 nibil
708 1925 789 1981 esset
809 1918 927 2001 negotii
948 1917 1123 1984 libertatem
1145 1930 1177 1984 et
1196 1922 1436 2008 rempublicam

118 2009 309 2095 reciperare.
359 2008 420 2074 Sed
449 2007 545 2074 bomo
575 2030 681 2075 amens
703 2019 735 2074 et
755 2009 896 2096 perditus
918 2008 1090 2098 multoque
1104 2014 1238 2100 nequior
1259 2037 1352 2101 quam
1384 2018 1436 2083 ille

119 2102 205 2188 ipse,
242 2121 335 2186 quem
356 2110 390 2166 tu
411 2103 637 2188 nequissimum
666 2104 804 2169 occisum
826 2125 894 2169 esse
916 2104 1039 2179 dixisti,
1074 2107 1178 2173 caedis
1199 2108 1320 2174 initium
1342 2132 1438 2196 quae-

119 2196 178 2272 rit;
215 2195 392 2282 nullamque
420 2196 512 2261 aliam
540 2195 582 2261 ob
610 2218 734 2262 causam
762 2217 813 2262 me
844 2207 1005 2263 auctorem
1032 2198 1128 2265 fuisse
1157 2203 1298 2268 Caesaris
1319 2204 1438 2269 interli-

119 2288 222 2355 ciendi
252 2289 448 2365 criminatur,
485 2290 545 2355 nisi
577 2291 666 2356 utin
694 2312 744 2355 me
771 2291 912 2356 veterani
933 2293 1109 2360 incitentur.
1152 2295 1246 2372 Quod
1269 2317 1329 2380 ego
1353 2296 1472 2383 peri-⁸⁴¹

119 2384 225 2450 culum
256 2404 319 2448 non
349 2384 536 2463 extimesco3
573 2386 668 2452 modo
693 2389 788 2451 vestri
810 2385 882 2450 lacti
903 2386 1035 2470 gloriam
1056 2408 1127 2452 cum
1148 2410 1218 2452 mea
1239 2388 1330 2455 laude
1351 2410 1438 2455 com·

119 2477 266 2542 municet
321 2481 365 2541 lta
388 2498 445 2542 nec
472 2478 593 2553 Pisoni,
629 2480 683 2565 qui
705 2479 737 2543 in
759 2500 830 2544 sum
852 2479 972 2564 primus
993 2485 1132 2545 invectus
1153 2491 1201 2546 est
1226 2484 1312 2548 nullo
1332 2504 1438 2548 assen-

120 2572 233 2646 tiente,
255 2591 313 2635 nec
334 2569 428 2644 mibi,
451 2571 506 2656 qui
527 2572 610 2637 idem
633 2571 789 2638 tricesimo
811 2582 881 2657 post
903 2569 954 2635 die
976 2571 1052 2646 ieci,
1075 2593 1133 2638 nec
1153 2578 1186 2639 P.
1209 2577 1359 2649 Servilio,
1382 2575 1436 2663 qui

119 2687 170 2729 me
193 2673 240 2729 est
259 2674 463 2740 consecutus,
496 2674 563 2731 tuto
584 2668 617 2733 in
637 2675 778 2732 senatum
798 2665 907 2730 venire
928 2665 1009 2753 licet.
1063 2665 1195 2731 Caedem
1217 2669 1299 2732 enim
1321 2668 1437 2753 gladia·

119 2771 172 2825 tor
190 2759 312 2846 quaerit
337 2759 467 2846 eiusque
488 2760 610 2826 initium
632 2782 659 2826 a.
682 2758 713 2823 d.
734 2777 810 2823 ιιιιι.
831 2757 961 2823 Kalend.
983 2756 1111 2823 Octobr.
1127 2780 1257 2824 emese
1279 2759 1473 2825 iacturum¹³

119 2853 257 2944 putavit3
293 2850 331 2917 ad
351 2874 445 2938 quem
465 2865 592 2938 paratus
614 2862 756 2927 venerat,
792 2871 864 2916 cum
885 2851 917 2915 in
939 2850 1012 2916 villa
1034 2851 1149 2917 Metabi
1171 2853 1347 2940 complures
1369 2855 1437 2918 dies

120 2956 344 3013 commentatus
366 2956 457 3012 esset.
512 2949 599 3024 Quae
628 2957 731 3012 autem
757 2944 918 3010 inlustris
939 2949 1022 3010 etin
1043 2946 1118 3010 vino
1140 2949 1359 3013 commentatio
1380 2969 1437 3033 po·

119 3041 179 3106 tuit
201 3045 291 3105 esse?
327 3043 434 3125 ltaque
459 3039 605 3105 omnibus
636 3050 684 3105 est
715 3039 819 3114 visus,
853 3048 888 3103 ut
914 3036 952 3102 ad
980 3046 1010 3102 te
1031 3048 1121 3103 antea
1150 3041 1274 3124 scripsi,
1308 3061 1436 3106 vomere

120 3154 179 3199 suo
201 3153 308 3206 more,
331 3154 394 3198 non
416 3132 531 3198 dicere.
573 3139 604 3199 2.
638 3138 763 3213 Quare,
786 3132 871 3219 quod
892 3131 1003 3197 scribis
1024 3141 1053 3196 te
1074 3131 1232 3198 confidere
1253 3134 1437 3198 auctoritate

121 3238 153 3293 et
173 3226 350 3313 eloquentia
372 3238 480 3292 nostra
500 3227 617 3313 aliquid
638 3226 749 3313 profici
770 3247 878 3312 posse,
910 3226 1074 3300 nonnihil,
1103 3227 1188 3291 utin
1211 3226 1302 3290 tantm
1327 3226 1474 3301 malis,³⁰

121 3331 168 3385 est
192 3318 377 3405 proiectum.
431 3320 576 3405 intelligit
607 3320 690 3385 enim
711 3320 845 3406 populus
866 3325 1024 3385 Romanus
1048 3328 1110 3384 tres
1140 3339 1210 3383 esse
1239 3318 1436 3392 consulares,

120 3413 190 3500 qui,
223 3412 313 3499 quia,
344 3434 425 3499 quae
447 3413 486 3478 de
508 3412 688 3499 republica
716 3413 797 3478 bene
823 3413 990 3484 senserint,
1020 3410 1120 3477 libere
1141 3412 1238 3477 locuti
1259 3420 1346 3485 sunt,
1369 3419 1437 3476 tuto

120 3507 153 3573 iu
174 3516 315 3573 senatum
347 3507 453 3572 venire
476 3529 538 3574 non
559 3508 689 3593 possint.
745 3511 809 3572 Nec
830 3516 877 3571 est
896 3514 1059 3592 practerea
1080 3505 1165 3591 quod
1189 3503 1360 3592 quidquam
1382 3525 1438 3568 cx·

120 3611 251 3688 spectes.
309 3606 393 3667 Tuus
415 3602 498 3666 enim
530 3601 724 3667 necessarius
745 3601 891 3666 affinitate
912 3620 992 3664 nova
1015 3598 1194 3664 delectatur.
1247 3602 1353 3684 ltaque
1376 3597 1436 3661 iam

120 3716 183 3760 non
212 3703 259 3760 est
288 3695 445 3760 studiosus
471 3695 645 3771 ludorum,
681 3694 864 3782 infinitoque
890 3693 996 3759 fratris
1022 3697 1066 3759 tui
1101 3692 1211 3779 plausu
1238 3690 1436 3776 dirumpitur.
1447 3717 1475 3756 ss

119 3789 206 3854 Alter
237 3789 312 3854 item
340 3788 439 3854 affinis
460 3790 550 3855 novis
571 3787 804 3855 commentariis
826 3789 967 3854 Caesaris
988 3787 1142 3852 delenitus
1164 3796 1220 3852 est.
1278 3785 1341 3851 Sed
1362 3783 1438 3850 baec

120 3881 310 3948 tolerabilia:
344 3881 420 3947 illud
441 3903 504 3947 non
524 3882 702 3956 serendum,
727 3880 811 3968 quod
833 3891 898 3955 est,
921 3882 975 3968 qui
995 3891 1102 3947 vestro
1124 3901 1205 3946 anno
1226 3878 1323 3945 lilium
1345 3899 1436 3943 suum

120 3975 280 4040 consulem
312 3974 449 4040 [uturum
485 3984 573 4061 putet
603 3975 645 4041 ob
681 3996 814 4061 eamque
843 3995 966 4040 oausam
993 3997 1027 4040 se
1049 3974 1122 4040 huic
1143 3973 1255 4039 latroni
1277 3969 1437 4036 deservire

120 4088 196 4153 prae
218 4089 251 4132 se
272 4067 361 4133 ierat.
419 4073 449 4133 3.
470 4073 547 4133 Nam
566 4072 600 4132 L.
626 4072 714 4134 Cotta
736 4067 894 4132 familiaris
916 4088 1004 4132 meus
1030 4067 1113 4133 fatali
1135 4067 1268 4153 quadam
1291 4065 1438 4150 despera-

120 4161 220 4235 tione,
250 4171 285 4227 ut
304 4162 362 4237 ait,
400 4166 501 4227 minus
522 4162 555 4226 in
576 4172 717 4227 senatum
739 4159 833 4225 venit.
874 4165 909 4226 L.
932 4165 1061 4235 Caesar,
1091 4161 1227 4247 optimus
1252 4168 1283 4222 et
1306 4156 1474 4222 lorensi-n

120 4275 190 4318 mus
213 4255 304 4327 civis,
327 4254 503 4321 valetudine
524 4255 703 4342 impeditur.
747 4258 815 4319 Ser.
838 4254 990 4340 Sulpicius
1012 4266 1043 4320 et
1064 4275 1184 4319 summa
1206 4251 1391 4316 auctoritate
1406 4260 1437 4314 et

120 4347 237 4432 optime
258 4349 393 4414 sentiens
415 4370 477 4414 non
499 4348 595 4413 adest.
638 4346 785 4432 Reliquos
807 4346 944 4433 exceptis
966 4346 1133 4431 designatis
1148 4382 1187 4395 -
1202 4346 1328 4430 ignosce
1351 4341 1435 4412 mibi.

120 4441 177 4504 ssd
197 4463 260 4506 non
280 4464 412 4507 numero
434 4442 623 4508 consulares.
664 4437 768 4504 Habes
787 4448 930 4504 auctores
951 4439 1072 4504 consilii
1093 4438 1229 4525 publici:
1253 4438 1307 4523 qui
1328 4455 1437 4500 nume-

190 4651 232 4700 to.
263 4651 369 4700 Interim
394 4651 470 4700 velim
493 4651 538 4701 lllt
566 4651 675 4700 Interim
701 4649 732 4699 ll.
764 4670 797 4686 -
832 4650 876 4699 20.
896 4656 926 4699 ut
944 4650 1014 4698 lotar
1030 4663 1069 4697 me
1086 4648 1124 4699 Μ.
1158 4672 1188 4683 -
1224 4647 1269 4696 23.
1289 4646 1434 4695 tricensimo

120 4719 158 4769 Μ.
179 4745 211 4756 -
246 4720 289 4769 26.
310 4719 499 4783 odqoembl:
518 4727 644 4785 atquem
666 4719 697 4769 E.
728 4742 756 4753 -
794 4719 838 4769 28.
857 4731 1087 4769 nomsrsauomers
1105 4718 1143 4768 M.
1163 4741 1195 4752 -
1231 4717 1275 4765 32.
1295 4727 1433 4778 quocum.

119 4789 228 4909 21³qu
245 4790 370 4909 ppqttulllE
389 4793 441 4840 atat
460 4790 490 4840 E.
512 4814 541 4826 -
579 4791 622 4841 ³5.
642 4790 819 4852 disrumpitur
837 4789 874 4840 Μ.
897 4815 925 4826 -
946 4789 990 4838 36.
1009 4789 1135 4838 calenum
1152 4787 1197 4838 M:
1216 4786 1339 4836 delinitos
1358 4783 1389 4833 ll.
1405 4807 1434 4818 -

204 4976 277 5017 σιω.
291 4976 313 5015 r.
329 4977 363 5018 ιιι
1234 4940 1274 5004 ld
