3256 5400
186 250 249 312 aes
596 246 1078 337 mrsromnnnmrm.

185 425 261 491 prae
282 425 333 468 me
355 402 433 468 lero.
476 409 537 469 Res
558 424 660 489 neque
683 424 764 468 nnuc
785 403 901 469 difficili
922 404 993 469 loco
1014 403 1091 468 mibi
1107 403 1231 471 videtur
1252 428 1320 472 esse
1342 416 1373 471 et
1395 405 1505 473 luisset

186 498 352 570 tacillimo,
374 497 402 562 si
423 497 511 583 culpa
534 518 552 562 a
573 496 759 584 quibusdam
782 496 918 563 afuisset.

631 642 743 703 arra.
785 639 838 719 (r.
864 642 896 704 u.
919 641 951 703 c.
973 639 1063 721 711.)

625 761 767 825 CICERO
790 761 1013 824 CORNIFICIO
1036 763 1067 825 S.

161 895 175 939 e
270 879 297 940 1.
325 878 394 939 Non
414 872 509 938 modo
531 871 602 946 tibi,
625 867 674 936 ciri
696 880 802 936 nostra
830 871 934 935 omnia
959 871 1121 936 notissima
1148 881 1234 948 sunt,
1268 873 1323 939 sed
1345 875 1501 941 nemiuem

186 968 217 1034 iu
241 970 359 1055 populo
394 973 532 1033 Romano
564 965 701 1030 arbitror
729 986 818 1039 esse,
851 965 901 1030 cui
923 965 963 1029 sit
984 965 1090 1050 ignota
1119 988 1154 1030 ea
1177 966 1382 1043 familiaritas,
1419 993 1500 1057 quae

183 1062 258 1127 mibi
287 1084 357 1128 cum
386 1066 420 1126 L.
442 1061 545 1125 Lamia
569 1069 625 1125 est.
677 1059 799 1124 Etenim
820 1079 933 1143 magno
956 1058 1077 1124 theatro
1099 1070 1233 1146 spectata
1256 1071 1302 1126 est
1324 1071 1405 1135 tum,
1429 1086 1500 1128 cum

182 1165 230 1222 est
258 1155 297 1221 ab
324 1161 360 1222 Α.
389 1154 521 1222 Gabinio
552 1153 678 1238 consule
706 1153 875 1238 relegatus,
913 1152 997 1239 quod
1027 1152 1127 1218 libere
1159 1164 1191 1219 et
1219 1154 1342 1220 sortiter
1368 1158 1500 1223 salutern

182 1272 282 1316 meam
313 1249 511 1315 defendisset.
559 1253 622 1313 Nec
651 1269 692 1312 ex
721 1268 760 1312 eo
788 1268 878 1312 amor
903 1247 985 1311 inter
1007 1268 1063 1312 nos
1085 1257 1174 1312 uatus
1196 1256 1261 1326 est;
1298 1249 1375 1323 sed,
1413 1252 1499 1338 quod

146 1362 172 1406 ro
182 1355 249 1410 erat
270 1353 358 1410 vetus
386 1353 416 1408 et
438 1363 585 1426 magnus,
613 1351 780 1427 propterea
802 1341 921 1406 nullum
944 1341 1119 1426 periculum
1146 1363 1276 1427 prome
1298 1344 1385 1409 adire
1408 1346 1498 1411 dubi·

181 1439 266 1504 tavit.
318 1436 365 1503 Ad
396 1436 473 1501 baec
500 1435 600 1500 officia
622 1437 671 1500 vel
697 1435 807 1500 merita
828 1435 932 1521 potius
950 1434 1174 1499 iucundissima
1196 1439 1389 1504 consuetudo
1411 1462 1499 1506 accc-

180 1532 243 1606 dit,
277 1540 312 1596 nt
339 1530 424 1594 nullo
454 1551 584 1615 prorsus
610 1529 679 1612 plus
708 1528 833 1593 bomine
862 1526 1008 1593 delecter.
1063 1533 1130 1593 b'on
1152 1538 1228 1614 puto
1251 1538 1281 1594 te
1303 1532 1363 1596 iam
1387 1555 1499 1620 exspe-

180 1635 284 1697 ctare,
318 1622 431 1710 quibus
459 1645 530 1688 eum
563 1622 619 1687 tibi
648 1622 753 1688 verbis
781 1621 1017 1699 commendem
1049 1643 1140 1686 causa
1168 1624 1250 1688 enim
1278 1625 1353 1689 tanti
1381 1627 1498 1692 amoris

182 1718 326 1802 intelligis
348 1739 428 1804 quae
453 1715 548 1781 verba
570 1716 743 1794 desideret;
779 1717 817 1782 iis
839 1738 889 1780 me
911 1715 1056 1782 omnibus
1078 1738 1169 1781 nsum
1190 1727 1308 1803 putato.
1365 1725 1395 1784 2.
1418 1726 1497 1785 Tan

145 1827 245 1878 ratum
266 1810 359 1876 velim
382 1809 558 1885 existimes,
594 1811 620 1875 si
643 1812 767 1896 negotia
789 1811 930 1885 Lamiae,
965 1819 1202 1896 procuratores,
1235 1811 1384 1885 libertos,
1409 1814 1498 1878 lami-

180 1906 251 1970 liam
282 1902 518 1990 quibuscunque
546 1903 642 1968 rebus
677 1925 756 1990 opus
789 1903 848 1968 erit
869 1902 1061 1979 defenderis,
1098 1905 1215 1988 gratius
1238 1905 1313 1971 mibi
1335 1905 1494 1980 futurum,

63 2044 64 2047 ,
179 2020 271 2083 quam
304 1998 330 2062 si
352 2018 395 2061 ea
423 2005 475 2061 tna
506 1996 675 2061 liberalitas
703 1996 904 2083 pertinuisset
930 1996 970 2061 ad
991 2018 1058 2061 rem
1081 1994 1264 2063 familiarem
1286 2023 1403 2074 menum
1437 2022 1496 2065 nec

178 2090 302 2164 dubito,
326 2091 401 2178 quin
423 2090 489 2154 sine
511 2112 580 2154 mea
603 2089 890 2166 commendatione,
919 2088 1004 2177 qnod
1031 2099 1117 2155 tunm
1140 2102 1187 2157 est
1207 2091 1355 2159 iudicium
1373 2093 1416 2159 ,de
1439 2093 1495 2159 bo-

178 2184 329 2260 minibus,
362 2184 461 2271 ipsius
488 2185 612 2249 Lamiae
641 2206 732 2249 cansa
754 2183 892 2249 studiose
915 2189 1019 2249 omnia
1041 2184 1179 2250 facturus
1207 2185 1272 2250 sis:
1304 2208 1492 2274 quamquam

139 2287 245 2344 coerrat
269 2277 361 2343 nobis
394 2277 509 2342 dictum
542 2287 572 2342 te
603 2279 782 2343 existimare
812 2277 904 2343 alicui
933 2279 1241 2354 senatusconsulto,
1278 2280 1363 2364 quod
1384 2290 1493 2344 contra

176 2371 356 2458 dignitatem
388 2381 473 2436 tuam
495 2371 603 2446 lieret,
637 2370 802 2437 scribendo
824 2373 961 2436 Lamiam
983 2371 1123 2446 alluisse,
1155 2373 1208 2458 qui
1231 2372 1359 2437 omnino
1380 2392 1495 2438 consu·

177 2463 257 2530 libus
278 2464 339 2529 illis
360 2485 516 2549 nunquam
539 2464 598 2529 luit
618 2463 658 2528 ad
679 2464 892 2542 seribendum;
925 2465 1037 2530 deinde
1060 2470 1163 2530 omnia
1186 2475 1249 2530 turn
1272 2465 1347 2530 lalsa
1368 2475 1493 2530 senatus

175 2559 314 2624 consulta
351 2557 580 2623 deferebantur.
624 2559 688 2624 Nisi
721 2560 802 2624 lorte
833 2559 925 2624 etiam
956 2560 999 2623 illi
1023 2559 1250 2644 Semproniano
1272 2568 1395 2624 senatus
1418 2579 1492 2622 con·

174 2652 255 2717 sulto
277 2673 328 2717 me
350 2672 457 2716 censes
479 2652 619 2727 affuisse,
655 2653 708 2738 qui
736 2674 774 2717 ne
796 2659 913 2718 Romae
935 2652 1062 2739 quidem
1084 2652 1149 2727 lui,
1186 2663 1220 2717 ut
1242 2663 1307 2718 tum
1329 2653 1368 2716 de
1391 2672 1430 2715 eo
1452 2652 1491 2717 ad

138 2758 205 2809 ‘nte
227 2746 350 2830 scripsi,
383 2766 418 2809 re
440 2745 566 2811 recenti.
624 2745 683 2811 Sed
706 2746 782 2810 baec
803 2745 959 2812 hactenus.
1010 2751 1040 2811 3.
1063 2751 1121 2817 Te,
1144 2745 1186 2810 mi
1210 2746 1375 2820 Cornifici,
1398 2747 1491 2811 etiam

174 2847 267 2924 atque
289 2836 382 2903 etiam
412 2859 505 2923 rogo,
543 2848 578 2903 ut
599 2840 703 2904 omnia
731 2841 856 2905 Lamiae
878 2845 1002 2926 negotia
1025 2861 1094 2904 mea
1116 2849 1206 2926 putes
1228 2861 1297 2904 esse
1318 2860 1490 2927 curesque,

175 2940 209 2996 ut
230 2932 378 3016 intelligat
399 2931 478 2996 banc
499 2933 799 2999 commendationem
821 2936 958 2999 maximo
980 2933 1039 2999 sibi
1068 2939 1140 2999 usui
1162 2934 1268 2999 luisse.
1325 2937 1393 2999 Hoc
1414 2933 1491 2999 mibi

174 3024 291 3110 gratius
313 3024 417 3090 lacere
439 3026 515 3091 nibil
536 3036 635 3112 potes.
679 3031 780 3102 Cura,
802 3037 838 3094 ut
857 3028 972 3092 valeas.

626 3171 722 3233 rur.
765 3167 813 3252 (A.
839 3172 871 3234 n.
894 3172 926 3234 c.
948 3167 1033 3254 ru.)

139 3320 166 3359 :n
609 3293 751 3357 CICERO
774 3293 998 3357 CORNIFICIO
1022 3294 1052 3355 S.

259 3406 286 3468 1.
309 3407 414 3468 ltane‘l
436 3410 562 3488 praeter
583 3402 754 3486 litigatores
775 3422 868 3467 nemo
890 3402 929 3468 ad
956 3412 986 3466 te
1008 3424 1093 3467 meas
1115 3403 1256 3468 litteras?
1284 3404 1397 3470 Multae
1412 3403 1489 3468 istae

173 3494 315 3581 quidem;
339 3506 373 3561 tu
394 3497 477 3561 enim
499 3494 671 3581 perfecisti,
701 3505 735 3560 ut
756 3517 848 3561 nemo
871 3500 937 3560 sine
958 3495 1069 3560 litteris
1097 3497 1175 3560 meis
1199 3496 1253 3561 tibi
1275 3519 1309 3562 sc
1330 3518 1489 3562 commen-

172 3588 276 3654 datum
309 3599 445 3675 putaret:
482 3588 537 3654 sed
567 3589 635 3675 quis
663 3611 799 3676 unquam
829 3599 954 3654 tuorum
977 3590 1053 3653 mibi
1075 3589 1153 3654 dixit
1174 3612 1257 3664 esse,
1290 3590 1341 3655 cui
1363 3590 1486 3661 darem,

171 3682 246 3768 quin
277 3682 442 3747 dederim?
478 3693 531 3747 aut
553 3683 626 3768 quid
659 3692 701 3748 ml
727 3683 891 3748 iucundius
913 3704 1020 3769 quam,
1056 3706 1125 3748 cum
1148 3704 1254 3749 coram
1277 3696 1378 3747 tecum
1400 3683 1488 3769 loqui

133 3796 233 3845 arnon
254 3776 390 3861 possim,
413 3788 466 3842 ant
487 3776 625 3840 seribere
647 3777 686 3842 ad
708 3787 738 3841 tc
760 3788 813 3842 aut
835 3786 903 3841 tuas
917 3777 1021 3861 legere
1041 3777 1183 3843 litteras?
1205 3777 1284 3842 Illud
1299 3777 1396 3861 magis
1412 3775 1487 3840 mibi

169 3868 249 3933 solet
270 3890 339 3934 esse
365 3870 547 3948 molestum,
585 3870 675 3935 tantis
698 3893 747 3934 me
769 3871 913 3956 impediri
941 3870 1210 3956 occupationibus,
1243 3870 1337 3935 ulad
1359 3882 1389 3935 te
1411 3870 1488 3934 seri·

168 3959 262 4025 bendi
284 3982 355 4026 meo
377 3963 528 4028 arbitratu
550 3963 679 4038 lacultas
700 3964 783 4028 nulla
805 3965 906 4029 detur.
949 3969 1016 4029 Non
1043 3964 1124 4028 enim
1140 3974 1170 4028 te
1192 3965 1331 4051 epistolis
1353 3964 1409 4029 sed
1431 3986 1488 4031 uo·

167 4054 335 4120 luminibus
368 4056 573 4133 lacesserem,
611 4056 724 4144 quibus
756 4056 882 4143 quidem
910 4078 961 4121 mc
995 4078 1013 4121 a
1048 4066 1078 4121 te
1113 4058 1280 4143 provocari
1310 4057 1485 4144 oportebat.

168 4150 319 4225 Quamvis
341 4150 424 4214 enim
450 4161 618 4235 occupatus
640 4151 702 4226 sis,
732 4151 787 4215 otii
811 4161 913 4215 umen
934 4150 1004 4236 plus
1025 4150 1136 4227 habos;
1158 4161 1228 4224 aut,
1251 4152 1278 4216 si
1299 4174 1339 4217 ne
1361 4163 1395 4218 tu
1416 4153 1487 4240 qui·

131 4242 237 4306 todem
268 4265 372 4316 vacas,
410 4244 474 4309 noli
499 4244 663 4329 impudens
688 4265 756 4309 esse
787 4267 844 4308 nec
871 4245 947 4309 mibi
974 4245 1147 4309 molestiam
1169 4244 1320 4309 exhibere
1343 4255 1373 4310 et
1395 4267 1412 4310 a
1434 4267 1485 4310 me

167 4337 285 4403 litteras
307 4337 499 4411 crebriores,
536 4361 606 4403 cum
630 4350 663 4404 tu
685 4339 761 4404 mihi
783 4360 856 4404 raro
878 4340 998 4414 mittas,
1038 4340 1187 4424 flagitare.
1230 4344 1260 4404 2.
1283 4343 1382 4415 Nam,
1412 4360 1484 4403 cum
1558 4402 1562 4413 ,

232 4520 259 4569 2.
277 4521 406 4584 facillimo
424 4520 460 4568 bl.
480 4545 514 4553 —-
549 4520 576 4569 5.
595 4528 688 4570 nostro
707 4522 795 4570 omnio
813 4521 856 4570 ll:
882 4524 969 4570 omnm
988 4529 1080 4569 nostro
1100 4521 1129 4569 ll.
1152 4544 1182 4554 -
1220 4520 1263 4568 13.
1283 4521 1484 4570 commendarim

163 4587 201 4638 bl.
239 4591 310 4639 Fort.
330 4591 554 4639 commendaturus
571 4592 629 4639 sim.
650 4591 699 4640 On.
727 4617 761 4624 —
797 4605 875 4639 curren
893 4616 904 4626 ·
921 4620 936 4629 -
953 4593 1076 4655 lntellr‘plr
1094 4604 1158 4654 quoe
1176 4590 1221 4640 M:
1241 4604 1334 4640 ramea
1351 4615 1362 4625 ·
1379 4613 1390 4623 ·
1407 4591 1484 4638 intel-

163 4659 238 4722 lipla:
266 4674 331 4725 puae
351 4660 380 4709 li.
408 4685 442 4694 —
479 4661 521 4710 tt.
544 4658 666 4722 Tantum]
686 4669 740 4711 tem
758 4668 814 4710 tum
833 4661 869 4711 Μ.
900 4686 931 4694 -
969 4662 1012 4710 22.
1032 4675 1164 4724 utinquam
1183 4661 1259 4726 officit
1276 4660 1409 4709 scribendo
1428 4660 1484 4710 Ma·

162 4729 262 4778 nutius.
296 4754 326 4766 -
362 4729 407 4778 33.
437 4732 538 4794 ᾳιιὶἀοιη
560 4733 620 4795 sut,
651 4738 680 4780 ut
705 4738 760 4780 tum
789 4732 820 4780 dc
845 4745 874 4779 eo
896 4732 944 4780 bl:
976 4732 1076 4795 quidem
1105 4738 1158 4780 tum
1183 4733 1223 4794 [ui
1249 4732 1328 4794 deque
1350 4745 1379 4780 eo
1399 4730 1429 4780 E.
1448 4756 1483 4765 -

161 4799 205 4849 31.
225 4800 321 4850 Itone?
345 4807 453 4862 praeter
479 4800 579 4850 Aldus:
606 4801 699 4856 Itane,
725 4808 832 4862 praeter
859 4800 888 4850 ll.
924 4800 977 4851 Cir.
1009 4801 1087 4850 Rand
1115 4801 1193 4851 Ture.
1222 4800 1272 4849 lll.
1304 4815 1330 4864 p.
1358 4801 1420 4851 435.
1448 4826 1483 4837 -

160 4869 456 4921 cantumerula.
478 4895 507 4905 -
545 4870 588 4920 35.
609 4867 679 4933 tuac]
698 4884 764 4935 puer
781 4870 819 4922 Μ.
838 4896 871 4905 -
907 4871 951 4922 dd.
971 4867 1006 4934 to]
1025 4886 1064 4925 mc
1082 4870 1120 4922 tt.
