3256 5400
178 230 241 295 210
608 225 886 291 nemrotnnnn
906 227 962 289 AD
980 227 1072 291 Fan.

179 390 236 455 dos
261 386 406 473 putabat,
444 404 524 472 quos
546 381 599 449 ille
617 382 778 449 dilexisset
802 381 967 468 atquibus
988 402 1080 448 carus
1102 382 1221 449 luisset.
1278 388 1387 470 ltaque
1409 384 1505 450 etad

179 504 229 549 me
255 481 287 547 iu
309 479 445 548 Ciliciam
467 477 553 543 venit
582 478 752 565 multisque
773 477 806 541 in
832 475 928 541 rebus
956 475 1033 541 mibi
1056 497 1170 560 magno
1194 481 1265 542 usui
1291 477 1347 542 luit
1369 489 1400 543 et
1426 478 1504 544 fides

178 576 245 642 eius
267 582 298 640 et
319 572 498 660 prudentia;
531 581 577 646 et,
610 580 644 636 nt
665 571 795 656 opinor,
828 569 886 635 tibi
907 570 939 636 in
969 568 1183 636 Alexandrino
1212 569 1314 646 bello,
1351 582 1504 659 quantum

179 669 282 735 studio
304 676 335 732 et
357 665 500 731 fidelitate
522 664 671 752 consequi
693 665 814 751 potnit,
846 685 909 729 non
932 663 1040 730 deluit
1091 669 1120 728 3.
1144 663 1238 742 Quod
1260 685 1332 730 cum
1361 677 1505 751 speraret

155 772 209 828 ⁵te
231 783 357 849 quoquc
378 761 421 826 ita
442 759 640 833 existimare,
674 758 707 823 in
729 757 908 844 Hispaniam
930 758 969 823 ad
991 766 1038 832 te,
1060 761 1198 823 maxime
1220 758 1272 822 ille
1294 759 1422 844 quidem
1444 781 1504 825 sno

179 856 327 930 consilio,
360 853 530 920 sedetiam
551 874 602 917 mc
624 860 771 925 auctore,
809 860 856 916 est
878 849 1048 936 proiectus.
1098 853 1154 916 Cui
1177 871 1237 935 ego
1258 852 1506 918 commendatio-

179 970 251 1014 nem
278 969 342 1014 non
374 969 443 1013 snm
470 947 644 1033 pollicitus,
677 968 740 1011 non
770 944 845 1031 quin
868 966 935 1008 eam
962 944 1128 1009 valituram
1150 944 1234 1030 apud
1259 954 1289 1009 te
1311 945 1503 1025 arbitrarer3

179 1042 236 1108 sed
258 1063 360 1130 neque
382 1062 476 1126 egere
498 1041 574 1105 mibi
599 1040 870 1104 commendatione
892 1037 1072 1111 videbatur,
1106 1038 1160 1125 qui
1183 1048 1214 1103 et
1239 1037 1272 1103 in
1293 1037 1376 1103 bello
1398 1049 1503 1105 tecum

179 1135 290 1202 luisset
319 1144 349 1201 et
381 1144 512 1222 propter
534 1133 717 1198 memoriam
740 1132 843 1199 Crassi
865 1131 904 1196 de
926 1133 987 1198 tuis
1009 1153 1090 1198 uuus
1112 1140 1210 1206 esset,
1233 1141 1279 1207 et,
1302 1133 1328 1196 si
1350 1132 1395 1197 nti
1417 1155 1505 1198 com·

143 1228 432 1297 ¹⁰mendationibns
459 1229 569 1304 vellet,
607 1227 700 1293 etiam
727 1248 785 1312 per
806 1226 884 1292 alios
907 1248 979 1292 enm
1007 1225 1151 1292 videbam
1174 1225 1206 1292 id
1228 1227 1376 1313 consequi
1398 1248 1503 1312 posse.

187 1324 411 1389 Testimonium
432 1323 495 1387 mei
519 1321 558 1386 de
587 1342 626 1386 eo
653 1320 774 1395 indicii,
808 1319 893 1407 quod
921 1321 1040 1406 etipse
1062 1320 1164 1405 magni
1186 1319 1369 1384 aestimabat
1390 1330 1422 1385 et
1443 1341 1504 1405 ego

185 1418 267 1503 apud
296 1425 326 1481 te
347 1417 451 1481 valere
473 1437 558 1480 eram
581 1424 744 1500 expertus,
766 1412 795 1478 ei
809 1413 955 1479 lubenter
969 1414 1050 1479 dedi.
1093 1419 1123 1479 l.
1145 1420 1278 1479 Doctum
1293 1414 1389 1498 igitur
1403 1414 1505 1478 bomi-

184 1533 255 1577 nem
288 1512 422 1596 cognovi
454 1520 485 1575 et
516 1509 625 1575 studiis
658 1509 784 1596 optimis
817 1507 972 1583 deditum,
1009 1507 1104 1595 idque
1127 1531 1145 1573 a
1165 1529 1276 1594 puero.
1319 1514 1394 1573 Nam
1417 1507 1503 1572 domi

183 1627 271 1671 meae
294 1627 364 1670 eum
386 1603 524 1669 Diodoto
546 1608 668 1678 Stoico,
696 1603 823 1668 bomine
845 1623 916 1667 meo
938 1601 1056 1668 indicio
1078 1601 1308 1675 eruditissimo,
1330 1601 1462 1665 multum
1486 1621 1505 1664 a

146 1709 281 1785 'tpuero
316 1697 385 1763 snit.
442 1703 529 1762 Nunc
555 1706 675 1770 autem,
714 1697 858 1761 incensus
887 1695 992 1761 studio
1014 1717 1123 1760 rernm
1145 1703 1290 1767 tuarum,
1317 1716 1369 1759 eas
1390 1693 1504 1759 litteris

180 1792 308 1858 Graecis
329 1790 477 1855 mandare
504 1788 658 1875 cupiebat.
701 1795 796 1856 Posse
818 1788 977 1854 arbitror:
1006 1790 1089 1854 valet
1109 1789 1252 1874 ingenio;
1279 1787 1372 1853 babet
1393 1808 1502 1864 usnm;

179 1886 239 1952 iam
263 1885 385 1971 pridem
414 1885 445 1948 in
468 1904 507 1948 eo
529 1904 645 1967 genere
667 1884 762 1951 studii
791 1884 1026 1970 litterarumque
1049 1892 1208 1961 versatnr;
1245 1881 1423 1947 satisfacere
1444 1880 1504 1944 lm?

179 1979 361 2044 mortalitati
397 1978 521 2042 laudum
556 1985 679 2041 tuarum
707 1976 893 2042 mirabiliter
925 1976 1020 2062 cnpit.
1082 1975 1186 2041 Habes
1222 1974 1378 2062 opinionis
1414 1994 1503 2037 meae

179 2073 408 2147 testimoninm,
431 2071 485 2135 sed
508 2081 542 2136 tu
564 2070 625 2136 boe
646 2070 766 2136 facilins
788 2071 885 2137 multo
907 2091 967 2156 pro
989 2081 1041 2136 tua
1064 2069 1214 2155 singulari
1236 2069 1400 2157 prudentia
1422 2067 1505 2133 indi-

139 2164 274 2231 nubis.
316 2169 355 2229 Et
377 2175 494 2238 tamen,
531 2163 618 2250 quod
639 2185 839 2249 negaveram,
873 2163 1060 2229 commendo
1083 2163 1139 2228 tibi
1162 2185 1245 2229 enm.
1288 2162 1451 2249 Quidquid
1472 2161 1504 2226 ei

178 2258 447 2332 commodaveris,
470 2256 532 2323 erit
553 2257 585 2322 id
606 2257 683 2322 mibi
705 2257 859 2322 maiorem
881 2257 913 2322 in
935 2256 1062 2324 modum
1085 2265 1218 2342 gratum.

631 2402 728 2464 xvir.
771 2400 820 2476 (t.
846 2401 879 2464 u
901 2401 933 2463 c.
955 2398 1041 2483 roe.)

551 2523 694 2589 CICERO
717 2524 748 2586 S.
770 2525 808 2585 D.
831 2523 915 2585 SER.
938 2522 1125 2586 SULPlClO.

266 2639 294 2699 1.
316 2639 367 2699 Μ’.
391 2632 522 2706 Curius,
552 2633 606 2720 qui
628 2632 727 2697 Patris
749 2633 947 2716 negotiatur,
979 2631 1085 2697 multis
1107 2640 1138 2696 et
1159 2633 1279 2718 magnis
1301 2634 1339 2699 de
1362 2636 1463 2700 causis
1485 2657 1503 2700 a

139 2742 229 2792 came
252 2727 402 2811 diligitur.
444 2732 519 2790 Nam
543 2737 573 2791 et
594 2726 728 2791 amicitia
750 2736 897 2811 pervetus
919 2724 995 2789 mibi
1017 2747 1088 2790 eum
1110 2746 1149 2790 eo
1172 2737 1236 2801 est,
1258 2736 1293 2792 ut
1311 2728 1447 2814 primum
1470 2729 1502 2793 in

180 2821 283 2885 lorum
306 2820 406 2893 venit,
429 2820 585 2894 instituta;
607 2829 638 2883 et
659 2819 759 2883 Patris
781 2839 851 2884 cnm
874 2819 1040 2906 aliquoties
1061 2828 1168 2893 antea,
1192 2829 1258 2884 tum
1280 2823 1425 2907 proxime
1441 2823 1502 2888 boc

180 2913 357 2979 miserrimo
380 2912 480 2988 bello,
504 2912 614 2977 domus
637 2913 704 2977 eins
727 2921 790 2977 tota
812 2912 888 2977 mibi
911 2913 1026 2998 patuit;
1060 2934 1121 2999 qna
1148 2914 1174 2978 si
1204 2934 1283 2999 opus
1307 2913 1417 2980 luisset
1439 2925 1501 2980 tam

178 3029 278 3073 essem
306 3026 382 3070 usus
409 3028 502 3092 quam
530 3027 609 3070 mea.
665 3006 835 3071 ltlaximum
866 3015 969 3070 antem
999 3006 1073 3070 mibi
1107 3006 1264 3072 vinculum
1292 3029 1362 3074 cnm
1394 3017 1503 3074 coest

179 3099 267 3185 qnasi
290 3099 453 3164 sanctioris
475 3098 634 3164 cuiusdam
657 3100 912 3173 necessitudinis,
936 3099 1021 3186 quod
1044 3109 1090 3164 est
1103 3100 1195 3165 Attici
1211 3102 1309 3166 nostri
1325 3103 1503 3168 familiaris-

141 3213 170 3250 so
179 3193 277 3257 simus
299 3214 434 3279 eumque
456 3215 553 3258 unum
575 3204 700 3279 praeter
721 3204 843 3259 eeteros
866 3193 1071 3259 observatae
1093 3193 1204 3279 diligit.
1248 3200 1275 3263 2.
1300 3199 1401 3275 Quem
1425 3197 1451 3262 si
1468 3208 1502 3263 tu

180 3287 240 3351 iam
264 3286 345 3351 lorte
366 3288 526 3371 cognosti,
564 3297 638 3373 puto
667 3310 718 3352 me
741 3289 816 3363 boc,
852 3287 935 3375 qnod
960 3288 1056 3359 lacio,
1094 3288 1199 3353 lacere
1222 3291 1333 3355 serius.
1389 3295 1433 3355 Ea
1456 3302 1502 3357 est

179 3381 260 3444 enim
285 3381 471 3446 humanitate
493 3391 524 3446 et
545 3381 758 3455 observantia,
782 3393 815 3448 ut
838 3405 910 3447 enm
933 3382 989 3447 tibi
1011 3383 1070 3446 iam
1091 3383 1191 3468 ipsum
1215 3405 1272 3468 per
1293 3405 1326 3448 sc
1343 3404 1502 3448 commen-

179 3476 284 3540 datum
307 3485 423 3561 putem.
468 3476 560 3552 Quod
583 3486 685 3540 tamen
708 3477 732 3540 si
756 3476 796 3540 ita
820 3488 881 3550 est,
905 3495 1018 3559 magno
1040 3497 1137 3561 opere
1159 3497 1175 3540 a
1199 3485 1228 3540 te
1251 3498 1389 3562 quaeso,
1414 3486 1448 3542 nt
1462 3477 1502 3542 ad

179 3590 248 3632 eam
272 3568 477 3642 voluntatem,
514 3569 540 3633 si
573 3591 666 3656 quam
695 3570 726 3633 in
754 3570 840 3635 illum
867 3579 937 3633 ante
967 3570 1022 3634 bas
1053 3593 1136 3634 meas
1173 3570 1289 3636 litteras
1326 3571 1499 3645 contulisti,

142 3677 272 3749 tequam
308 3663 461 3727 maximus
492 3672 594 3748 potest
627 3684 695 3727 mea
731 3663 1001 3728 commendatione
1029 3665 1173 3729 cumulus
1201 3664 1336 3728 accedat.
1393 3669 1422 3728 3.
1446 3664 1501 3729 Sin

178 3764 280 3820 antem
303 3768 434 3842 propter
455 3756 674 3821 verecundiam
696 3777 784 3821 snam
806 3757 908 3820 minus
930 3777 963 3820 se
987 3755 1043 3820 tibi
1065 3758 1176 3822 obtulit
1193 3768 1246 3823 aut
1269 3758 1412 3823 nondum
1429 3780 1500 3823 enm

178 3849 253 3915 satis
274 3848 371 3915 babes
393 3850 550 3933 cognitum
573 3860 625 3914 aut
647 3871 726 3936 quae
748 3871 839 3913 cansa
873 3859 937 3923 est,
974 3871 1031 3914 cur
1063 3852 1190 3916 maioris
1222 3852 1501 3917 commendationis

178 3941 333 4025 indigeat.
365 3943 409 4007 sic
439 3942 495 4008 tibi
529 3965 600 4007 eum
623 3941 828 4013 commendo,
866 3952 900 4006 ut
922 3964 1023 4028 neque
1046 3944 1164 4007 maiore
1187 3945 1289 4010 studio
1312 3966 1500 4031 quemquam

178 4056 280 4121 neque
309 4036 493 4101 iustioribus
522 4036 684 4101 decausis
717 4035 936 4099 commendare
958 4038 1096 4121 possim;
1133 4038 1307 4124 faciamque
1330 4038 1380 4110 id,
1415 4036 1501 4122 qnod

141 4127 292 4193 todebent
315 4131 417 4194 lacere
441 4130 477 4202 ii,
501 4131 555 4216 qni
577 4130 725 4213 religiose
747 4140 778 4193 et
800 4130 866 4193 sine
888 4130 1057 4194 ambitione
1080 4132 1313 4196 commendant:
1338 4130 1500 4217 spondebo

178 4226 262 4289 enim
286 4222 340 4286 tibi
364 4225 412 4287 vel
436 4224 539 4309 potius
561 4223 701 4310 spondeo
724 4223 754 4286 in
778 4245 890 4308 meque
911 4224 1048 4309 recipio,
1073 4247 1127 4289 eos
1144 4248 1211 4289 csse
1227 4231 1276 4290 Μ’.
1293 4226 1379 4291 Curii
1396 4247 1501 4289 mores

178 4335 311 4400 eamque
342 4337 412 4380 cum
439 4316 643 4402 probitatem,
681 4327 745 4381 tum
780 4317 875 4380 etiam
896 4316 1136 4392 humanitatem,
1160 4328 1194 4383 ut
1215 4341 1287 4383 eum
1310 4329 1341 4384 et
1362 4320 1500 4383 amicitia

178 4415 231 4472 tna
262 4416 294 4472 et
324 4416 386 4472 tam
415 4417 556 4473 accurata
590 4409 872 4482 commendatione,
906 4410 930 4474 si
962 4410 1019 4474 tibi
1041 4413 1080 4475 sit
1114 4413 1269 4496 cognitus,
1306 4410 1434 4495 dignum
1458 4413 1501 4475 sis

247 4582 274 4633 8.
293 4583 509 4648 egercmtltibl:
536 4586 601 4634 mitt
619 4599 691 4649 egere
709 4585 738 4635 Ε.
769 4610 800 4620 -
849 4588 892 4636 11.
912 4601 995 4635 meum
1014 4588 1051 4636 ll.
1082 4612 1115 4622 -—
1160 4589 1202 4638 16.
1222 4589 1340 4651 cupiebat
1360 4590 1402 4637 ltl:
1428 4589 1500 4650 eupit

178 4649 326 4703 Ernestlns.
356 4679 391 4688 -
428 4655 471 4704 18.
491 4655 625 4716 opiniones
642 4655 679 4704 bl.
712 4682 743 4692 -
780 4657 824 4707 21.
843 4658 871 4706 id
897 4658 961 4706 milti
978 4661 1103 4708 maiorem
1122 4659 1158 4707 B:
1189 4660 1216 4708 td
1234 4661 1358 4707 reatorem
1375 4658 1434 4708 llll.
1469 4683 1498 4694 -

178 4720 223 4772 at.
244 4723 281 4774 dl·
300 4725 388 4774 curius
404 4723 443 4774 Μ.
465 4749 493 4759 -
532 4724 575 4774 26.
596 4727 655 4774 neni
672 4725 710 4777 Μ.
738 4751 771 4760 -
804 4730 892 4789 petris
913 4728 1027 4776 Ernestii
1046 4742 1153 4792 operae.
1179 4755 1207 4765 -
1246 4731 1288 4780 32.
1308 4731 1393 4792 ipsum
1410 4741 1457 4791 per
1474 4741 1501 4778 se

178 4790 225 4840 bl:
252 4805 300 4855 per
324 4806 350 4844 re
378 4796 464 4856 ipsum
491 4792 521 4844 ll.
551 4817 582 4829 -
618 4795 663 4845 ³5.
691 4802 776 4858 potest
804 4810 861 4848 mcc
885 4797 1041 4849 Manutius:
1071 4806 1163 4860 posteo
1180 4799 1310 4864 M,·post
1327 4813 1385 4849 meo
1405 4799 1433 4849 ll.
1469 4821 1498 4833 -

178 4860 223 4912 to.
242 4862 324 4916 bibl.
344 4887 376 4901 -
411 4863 457 4915 42.
476 4877 533 4913 cum
551 4863 595 4916 lt:
615 4871 671 4916 tum
689 4865 719 4916 ll.
