3256 5400
648 247 721 309 LlB.
744 249 795 309 Vl.
839 248 897 309 ΕΡ.
921 248 951 308 3.
1392 255 1450 317 aot

138 409 244 466 curata
266 401 327 465 boc
348 421 430 467 anno
451 401 566 466 talenta
586 402 713 468 circiter
735 422 781 478 c.,
809 403 961 488 Pompeio
984 403 1015 467 in
1037 424 1093 467 sex
1121 406 1278 471 mensibus
1301 410 1455 493 promissa

139 515 190 560 aa.
221 500 287 560 lam
314 499 347 558 in
374 495 465 580 Appii
493 497 621 581 negotio
651 507 801 583 quantum
829 496 994 563 tribuerim
1023 504 1141 572 Bruto,
1171 501 1234 565 dici
1262 503 1317 568 rix
1342 514 1455 590 potest.

140 588 224 665 uuit
246 597 292 652 ost
312 587 424 673 igitur,
454 590 540 675 quod
561 589 726 656 laborem?
755 591 880 656 Amicos
902 590 995 656 babet
1016 613 1119 657 meras
1141 615 1255 679 nugaS,
1277 597 1452 671 Matinium,

139 683 312 767 Scaptium;
335 683 405 770 qui,
437 684 509 769 quia
531 706 595 749 non
617 683 723 750 babuit
745 706 763 748 a
784 706 835 749 me
858 695 975 749 turmas
998 686 1154 771 equitum,
1177 686 1291 774 quibus
1314 695 1449 778 Cyprum

138 786 282 849 vexaret,
307 788 340 842 ut
361 789 431 841 aute
454 798 503 841 me
525 778 656 853 lecerat,
679 779 812 843 fortasse
834 789 1011 858 suacensem
1034 789 1087 844 aut
1108 781 1180 867 quia
1195 782 1371 867 praefectus
1391 806 1478 850 nona

139 881 200 941 ost,
230 871 313 956 quod
343 892 402 956 ego
425 872 541 936 nemini
565 871 660 936 tribui
682 874 885 960 negotiatori,
914 895 977 938 non
1000 878 1036 943 C.
1055 880 1235 952 Vennonio,
1274 887 1344 942 meo
1367 877 1465 943 samia

139 963 223 1039 liari,
248 986 309 1029 non
332 975 404 1040 tuo,
426 970 466 1030 11.
489 966 621 1043 Laenio;
650 977 679 1031 et
702 966 785 1052 quod
808 967 863 1032 tibi
886 971 1003 1032 Romae
1026 967 1222 1033 ostenderam
1245 992 1295 1034 me
1317 982 1457 1037 servatu-

138 1079 226 1131 rum,
263 1059 294 1123 in
317 1080 356 1123 eo
377 1061 587 1144 perseveravi.
631 1060 692 1125 Sed
713 1060 787 1147 quid
810 1060 926 1145 poterit
947 1061 1037 1146 queri
1059 1061 1102 1134 is,
1134 1062 1187 1146 qui
1217 1062 1341 1128 aulerre
1363 1087 1457 1151 pecu·

139 1153 221 1216 niam
251 1173 321 1216 cum
349 1161 469 1237 posset,
513 1153 635 1218 noluit?
665 1155 804 1240 Scaptio,
839 1153 946 1239 quiin
976 1154 1171 1239 Cappadocia
1193 1154 1266 1230 luit,
1290 1169 1366 1243 puto
1388 1180 1456 1224 esse

139 1245 337 1310 satisfactum.
386 1250 416 1309 ls
449 1267 466 1309 a
495 1268 545 1310 me
572 1246 762 1312 tribunatum
785 1268 856 1311 cum
890 1247 1075 1332 accepisset,
1105 1269 1199 1334 quem
1224 1270 1285 1334 ego
1307 1273 1347 1315 ex
1369 1253 1455 1317 Bruti
1468 1273 1493 1313 ro

138 1339 251 1403 litteris
280 1339 309 1402 ci
337 1338 535 1411 detulissem,
569 1351 676 1425 postea
705 1341 828 1425 scripsit
855 1339 894 1404 ad
923 1361 972 1403 mc
995 1361 1028 1403 se
1051 1341 1095 1405 uti
1117 1342 1200 1406 nolle
1223 1364 1262 1406 eo
1285 1343 1455 1410 tribunatu.

140 1436 169 1495 6.
194 1434 308 1497 Gavius
323 1442 370 1496 est
380 1432 522 1518 quidam;
540 1435 590 1496 cni
605 1453 674 1497 cum
682 1433 909 1519 praefecturam
924 1432 1103 1498 detulissem
1118 1436 1205 1499 Bruti
1219 1446 1345 1522 rogatu,
1359 1440 1456 1505 multa

139 1536 170 1588 ot
188 1525 268 1590 dixit
280 1534 311 1590 et
333 1524 406 1590 lecit
427 1546 497 1589 cnm
520 1525 651 1612 quadam
674 1548 742 1591 mea
765 1527 966 1601 contumelia,
989 1531 1022 1591 P.
1045 1528 1144 1594 Clodii
1167 1531 1260 1594 canis.
1283 1537 1312 1596 ls
1334 1552 1384 1596 me
1399 1553 1457 1597 nec

139 1619 386 1705 proficiscentem
402 1624 567 1703 Apameam
583 1631 769 1705 prosecutus
782 1631 844 1697 est;
864 1641 937 1693 nec,
953 1641 1023 1685 cum
1040 1631 1148 1706 postea
1159 1623 1192 1687 in
1204 1634 1304 1689 castra
1322 1626 1457 1690 venisset

139 1723 231 1800 atque
240 1714 311 1777 inde
326 1713 510 1788 discederet,
527 1763 546 1786 „
556 1715 705 1801 numquid
717 1716 867 1787 vellem'',
881 1715 1337 1803 rogavi13etiuitapertemibi
1351 1719 1455 1783 nescio
1469 1741 1493 1782 u

139 1829 236 1895 quare
259 1830 321 1872 non
343 1808 471 1872 amicus.
515 1812 605 1873 Hunc
632 1830 691 1894 ego
714 1812 741 1874 si
763 1810 794 1873 in
816 1806 980 1895 praelectis
1002 1807 1203 1884 habuissem,
1234 1833 1328 1898 quem
1351 1823 1383 1877 tu
1405 1834 1455 1876 me

140 1903 299 1967 bominem
330 1908 479 1988 putares?
516 1903 592 1980 Qui,
621 1913 656 1968 ut
686 1904 760 1976 scis,
789 1901 1080 1989 potentissimorum
1109 1903 1269 1969 bominum
1296 1917 1457 1971 contuma-

138 1997 217 2060 ciam
241 2018 398 2082 nunquam
422 1997 562 2070 tulerim,
586 1996 700 2061 lerrem
723 1997 815 2062 buius
836 1995 1017 2060 asseculae?
1039 1996 1104 2061 Etsi
1126 1997 1186 2062 boc
1207 1999 1277 2084 plus
1293 2010 1348 2073 est,
1363 2022 1455 2085 quam

140 2088 239 2165 forre,
275 2090 413 2154 tribuere
445 2091 538 2154 etiam
572 2089 714 2155 beneficii
746 2090 862 2176 aliquid
896 2099 927 2153 et
956 2088 1098 2154 honoris.
1153 2095 1183 2155 ls
1204 2091 1301 2176 igitur
1324 2094 1455 2168 Gauius,

139 2207 210 2248 cum
238 2189 392 2269 Apameae
420 2206 469 2248 mc
498 2206 599 2269 nuper
627 2183 754 2248 vidisset
782 2189 910 2249 Romam
940 2182 1154 2268 proficiscens
1196 2207 1246 2249 me
1277 2186 1319 2250 ita
1351 2185 1494 2272 appel-ro

139 2277 274 2343 lavit-
298 2278 469 2343 Culleolum
492 2278 546 2342 rix
568 2278 718 2342 auderem
740 2299 796 2341 -ε
820 2276 966 2351 „Unde'',
989 2276 1103 2363 inquit,
1126 2300 1202 2353 „me
1230 2278 1321 2344 iubes
1349 2292 1457 2366 petere

139 2370 256 2435 cibaria
279 2371 474 2456 praelecti?’'
507 2371 664 2456 Respondi
683 2371 798 2445 lenius,
829 2391 921 2457 quam
942 2368 1092 2456 putabant
1113 2372 1306 2455 oportuisse,
1329 2374 1383 2458 qui
1404 2372 1458 2437 ad·

139 2474 249 2531 orant:
286 2486 336 2529 me
365 2486 428 2529 non
455 2464 624 2529 instituisse
652 2464 691 2528 iis
719 2464 794 2528 dare
824 2463 956 2537 cibaria,
993 2484 1128 2550 quorum
1151 2485 1247 2550 opera
1270 2486 1333 2529 uon
1355 2487 1456 2530 essem

138 2580 225 2623 usus.
275 2558 358 2624 abiit
387 2559 494 2623 iratus.
552 2564 582 2622 7.
611 2557 711 2622 Huius
737 2557 901 2622 nebulonis
929 2556 1106 2622 obiratione
1135 2557 1160 2621 si
1190 2563 1303 2622 Brutus
1333 2557 1454 2623 moveri

138 2662 256 2737 potest,
284 2649 389 2715 licebit
415 2673 488 2716 eum
516 2651 601 2716 solus
622 2672 728 2730 ames;
764 2672 814 2714 me
836 2651 992 2714 aemulum
1013 2672 1076 2715 non
1104 2650 1243 2716 babebis.
1286 2651 1346 2715 Sed
1369 2651 1494 2726 illum„
1541 2728 1542 2735 ἵ

139 2767 210 2810 cum
233 2743 372 2810 loturum
395 2766 463 2810 esse
484 2755 579 2831 puto,
602 2744 656 2830 qui
678 2766 745 2810 esse
768 2743 869 2809 debet.
913 2744 984 2808 Tibi
1004 2754 1107 2809 tamen
1129 2765 1253 2810 causam
1269 2753 1372 2808 notam
1389 2765 1457 2810 esse

138 2838 239 2916 rolui;
262 2848 293 2903 et
315 2839 476 2924 adipsum
499 2843 574 2903 baec
588 2837 757 2924 perscripsi
780 2837 1025 2922 diligentissime.
1069 2839 1205 2903 Omnino
1228 2876 1268 2885 -
1292 2838 1350 2902 soli
1373 2839 1455 2903 enim

139 2954 309 2996 sumus-
338 2933 437 2998 nullas
458 2955 596 3019 unquam
618 2931 657 2996 ad
678 2953 729 2996 me
751 2931 868 2996 litteras
890 2931 974 2995 misit
995 2937 1124 3023 Brutus,
1160 2955 1199 2997 nc
1222 2931 1366 3018 proxime
1388 2933 1457 3020 qui·

140 3025 210 3089 dem
233 3025 272 3090 de
293 3026 412 3112 Appio,
443 3026 475 3091 in
504 3025 619 3113 quibus
649 3047 712 3091 non
739 3024 854 3090 inesset
882 3046 1052 3110 arrogans,
1089 3027 1306 3106 ἀκοινώνητον
1327 3026 1456 3113 aliquid.

140 3117 207 3184 Tibi
231 3127 334 3184 autem
356 3119 446 3185 valde
468 3120 547 3185 solet
569 3119 600 3184 in
622 3139 678 3184 ore
701 3141 786 3196 csse,
1465 3149 1493 3189 so

730 3252 866 3314 Granius
885 3262 984 3314 autem

308 3348 376 3411 Non
396 3357 578 3410 contemnere
599 3367 630 3408 se
652 3355 679 3408 et
701 3366 784 3427 repet
805 3347 900 3408 odisse
921 3348 1078 3428 superbos:

139 3479 171 3543 in
204 3499 267 3565 quo
295 3485 399 3542 tamen
430 3476 483 3540 ille
512 3475 588 3539 mibi
619 3475 717 3539 risum
749 3474 846 3560 magis
875 3495 967 3561 quam
995 3476 1187 3541 stomachum
1210 3497 1338 3541 movere
1360 3477 1455 3553 solet;

138 3571 194 3636 sed
215 3571 306 3657 plane
328 3591 438 3655 parum
461 3570 590 3654 cogitat,
612 3568 689 3655 quid
711 3566 826 3632 scribat
846 3576 898 3633 aut
920 3569 959 3632 ad
981 3591 1085 3655 quern.
1129 3575 1158 3634 8.
1182 3573 1220 3647 Q.
1243 3571 1352 3635 Cicero
1377 3591 1457 3655 puer

138 3665 230 3748 legit,
257 3672 292 3728 ut
319 3663 449 3747 opinor,
488 3671 518 3727 et
539 3670 642 3734 certo,
665 3661 827 3746 epistolam
849 3661 1029 3746 inscriptam
1052 3663 1132 3749 patri
1154 3685 1222 3728 suo.
1266 3664 1352 3728 Solet
1372 3668 1494 3733 enimn

138 3757 278 3842 aperire,
316 3756 410 3842 idque
438 3757 476 3820 de
505 3777 576 3821 meo
606 3754 753 3828 consilio,
784 3755 904 3841 siquid
927 3754 1008 3820 sorte
1029 3761 1082 3831 sit,
1105 3755 1189 3843 quod
1212 3777 1291 3841 opus
1312 3757 1351 3820 sit
1372 3757 1455 3822 sciri.

138 3855 173 3915 ln
196 3872 233 3916 aa
256 3860 359 3915 antem
392 3850 522 3935 epistola
551 3858 617 3913 erat
651 3847 726 3912 illud
763 3847 845 3912 idem
872 3848 911 3913 de
939 3870 1060 3924 sorore,
1094 3849 1178 3937 quod
1201 3850 1238 3914 ad
1267 3871 1328 3914 me.
1370 3851 1457 3915 illiri-

138 3946 196 4010 lice
228 3944 448 4010 conturbatum
478 3944 541 4009 ridi
569 3965 713 4030 puerum.
767 3943 944 4008 Lacrimans
977 3965 1100 4010 mecum
1123 3956 1170 4009 est
1191 3955 1328 4031 questus.
1372 3944 1455 4021 Quid

208 4166 234 4213 1.
255 4160 364 4225 talento]
385 4165 454 4212 tanti
472 4163 522 4211 111.
545 4189 571 4198 -
611 4176 709 4212 menaea
726 4163 799 4213 Pius.
823 4187 849 4196 -
888 4164 914 4212 2.
934 4160 1070 4227 quantum]
1090 4179 1168 4228 quom
1187 4171 1242 4213 tam
1259 4164 1291 4212 11.
1313 4189 1341 4200 -
1364 4163 1390 4213 3.
1408 4166 1456 4212 nrt·

139 4247 185 4282 ras
204 4234 226 4283 1.
255 4258 285 4268 -
322 4234 441 4282 Manium
465 4232 599 4294 Scaptium
628 4248 667 4294 pr.
687 4233 739 4292 11,
771 4235 809 4284 Μ.
829 4233 963 4295 Scaptium
984 4235 1005 4282 tt
1024 4240 1049 4282 et
1068 4249 1138 4284 corr.
1158 4235 1203 4292 11,
1234 4234 1373 4283 lllonnium
1392 4234 1457 4284 Sta-

137 4306 222 4366 ptt'um
248 4303 270 4352 l.
291 4299 462 4363 (Emendarit
485 4302 642 4363 Corradus.)
663 4327 697 4340 -
732 4303 758 4352 ’1.
778 4305 857 4352 Lenia
883 4304 944 4361 att,
973 4304 1088 4352 Laennt'o
1106 4304 1129 4353 1.
1157 4330 1184 4340 -
1223 4303 1249 4352 8.
1268 4306 1296 4351 1η
1313 4317 1363 4367 quo
1382 4304 1456 4354 11111.

141 4374 312 4430 (Emendavit
335 4373 422 4434 Pius.)
444 4397 474 4408 -
511 4374 565 4436 qut]
591 4376 655 4436 puto
673 4373 733 4422 1111.
761 4395 793 4406 -
829 4374 854 4424 11.
879 4373 964 4421 noluit
989 4372 1109 4434 Scaptius
1127 4374 1200 4423 Mill.
1239 4373 1409 4428 (Correetum
1429 4374 1457 4423 in

139 4437 320 4500 Manutiana.)
349 4467 376 4476 -
417 4444 458 4492 10.
479 4458 535 4492 eum
554 4445 716 4493 tribunatum
735 4443 755 4491 l.
778 4468 805 4480 ·-
845 4443 879 4492 12
897 4448 922 4491 et
942 4443 984 4491 19.
1006 4442 1150 4500 Got'uabl,
1171 4443 1248 4492 Caius
1266 4443 1312 4493 111.
1349 4444 1457 4499 (Emen-

140 4514 232 4565 datum
252 4527 282 4561 ex
302 4510 369 4572 ΧΖ.)
403 4539 431 4548 -
472 4513 514 4562 13.
541 4515 572 4563 Ρ.
601 4515 674 4562 Clodi
692 4515 764 4561 ranis
782 4526 822 4574 pr.
842 4512 886 4566 11,
908 4513 939 4561 Ρ.
959 4512 1113 4561 Clodieanur
1131 4525 1201 4561 corr.
1222 4513 1257 4561 tt.
1290 4534 1322 4549 -
1357 4527 1457 4562 neema

140 4583 171 4630 11.
206 4607 236 4616 -
265 4582 317 4632 ld.
336 4583 470 4632 adseculae
486 4582 531 4641 nt,
565 4584 676 4633 asseclae
694 4583 762 4633 11111.
797 4605 827 4616 -·
861 4584 904 4631 20.
934 4582 1091 4643 appellauit,
1119 4589 1150 4631 ut
1174 4582 1315 4632 Culleolum
1341 4583 1458 4632 malebat

140 4653 306 4701 Schuetziua.
332 4676 357 4686 -
395 4654 438 4702 22.
458 4654 582 4703 utana?
599 4655 720 4718 Profecto
738 4653 860 4715 respondi
877 4652 951 4702 Mitt.
971 4652 1158 4706 (Emendatum
1178 4666 1193 4701 e
1211 4651 1295 4701 Codd.
1309 4651 1403 4713 Booti.)
1425 4677 1453 4688 -

139 4722 183 4771 23.
213 4723 252 4770 nit
283 4723 314 4772 11.
349 4749 376 4758 -
415 4736 522 4784 operam
548 4738 585 4785 pr.
613 4724 648 4773 Μ.
683 4746 711 4758 -
748 4723 793 4772 11.
820 4723 972 4784 operatione
1002 4722 1075 4771 11111.
1114 4723 1283 4785 (Correctum
1302 4736 1332 4771 ex
1354 4722 1397 4778 tt.)
1425 4747 1452 4757 -

139 4794 184 4841 25.
215 4793 297 4844 ratum
327 4791 363 4841 11.
393 4816 422 4828 -
460 4793 502 4842 31.
526 4793 638 4844 Grauius
663 4793 737 4844 11111.
775 4793 906 4861 (Correxit
940 4790 1096 4856 Corradus.)
1124 4817 1153 4831 -
1190 4794 1232 4843 32.
1261 4800 1372 4842 nonest
1396 4805 1457 4841 eon-

140 4872 251 4914 temnere
271 4863 291 4913 l.
314 4888 342 4899 -
382 4861 424 4912 35.
444 4862 518 4914 Solae
535 4864 572 4915 11.
