3256 5400
584 246 588 253 ·
666 228 726 292 ΕΡ.
761 230 814 294 ΑΒ
835 227 1009 292 Atticum

627 386 714 451 nur.
755 387 813 468 (s.
839 386 872 452 o.
894 388 928 451 c.
948 382 1040 468 ros.)

658 508 800 573 CICERO
822 508 966 573 ATTICO
989 508 1020 571 S.

261 630 345 710 Ego,
375 620 433 686 etsi
459 619 536 686 nihil
563 616 681 695 habeo,
718 619 804 705 quod
832 618 872 684 ad
893 630 924 684 te
954 617 1105 693 scribam,
1141 617 1247 684 scribo
1269 626 1395 694 tamen,
1437 617 1512 704 quia

178 732 278 787 teenm
307 714 395 801 loqui
421 713 543 779 videor.
599 713 658 778 llic
689 712 852 780 nobiscum
885 724 957 779 snnt
991 712 1093 777 Nicias
1122 721 1153 775 et
1187 708 1344 780 Valerius.
1404 711 1514 776 llodie

154 820 246 879 ‘'tuas
279 810 396 875 litteras
425 805 682 894 exspectabamus
709 807 884 872 matutinas.
933 811 1033 872 Erunt
1065 806 1198 872 sortasse
1225 806 1344 871 alterae
1366 806 1516 892 pomeri-

177 905 303 979 dianam,
336 902 397 968 nisi
425 911 456 966 te
482 901 660 988 Epiroticae
686 900 808 965 litterae
829 900 1016 988 impedient;
1049 921 1128 986 quas
1156 921 1216 986 ego
1237 922 1301 966 non
1324 894 1516 984 interpello.

176 998 246 1064 uisi
274 996 314 1063 ad
345 1006 378 1063 te
407 996 554 1083 epistolas
581 993 622 1060 ad
648 995 842 1060 Marcianum
870 994 964 1059 etad
992 998 1185 1061 Montanum.
1226 997 1290 1059 Eas
1311 993 1346 1058 in
1371 992 1518 1058 eundem

176 1088 360 1158 fasciculum
381 1091 476 1156 velim
498 1088 611 1164 oddae,
633 1089 694 1155 nisi
715 1088 798 1154 forte
818 1089 881 1153 iam
903 1087 1028 1154 dedisti.

679 1968 704 2029 1.
748 1963 799 2050 (A.
824 1966 857 2030 u.
879 1967 912 2031 c.
933 1964 1020 2050 ros.)

140 2156 166 2201 ,ο
651 2116 794 2182 crunno
822 2117 967 2180 smrco
996 2118 1028 2181 s.

179 2255 207 2316 l.
251 2232 316 2316 Ad
344 2247 527 2315 Ciceronem
556 2244 795 2331 descripsisti,
822 2255 857 2311 nt
886 2265 989 2331 neque
1011 2246 1154 2312 severius
1175 2269 1279 2335 neque
1299 2252 1524 2338 temperatius

176 2342 273 2412 scribi
300 2341 453 2428 potuerit3
490 2357 548 2403 nec
573 2338 689 2423 magis,
724 2359 818 2423 quam
848 2339 1112 2424 quemadmodum
1140 2362 1199 2429 ego
1222 2344 1363 2411 maxime
1385 2347 1521 2412 vellem.

176 2439 420 2507 Prudentissime
448 2435 542 2500 etism
572 2432 613 2498 ed
643 2432 771 2499 Tullios.
829 2436 935 2509 Quare
963 2443 1017 2499 aut
1049 2435 1108 2500 ists
1137 2437 1301 2523 proficient
1333 2449 1391 2506 eut
1429 2438 1522 2506 eliud

176 2554 316 2620 agamus.
373 2535 402 2596 2.
437 2535 483 2595 lle
505 2527 638 2616 pecunia
659 2547 754 2602 vero,
791 2525 924 2593 videos
946 2539 977 2593 te
999 2550 1124 2595 omnem
1147 2530 1338 2616 diligentiam
1361 2534 1521 2600 adhiberi

142 2629 228 2694 ssvel
249 2627 353 2714 potius
373 2626 435 2691 iam
458 2622 643 2700 adhibitam
666 2619 800 2709 quodsi
822 2621 928 2696 efficis,
950 2642 968 2685 e
990 2630 1020 2687 te
1035 2624 1145 2689 hortos
1160 2624 1293 2690 habebo.
1339 2631 1408 2692 Nec
1433 2647 1519 2693 vero

178 2721 276 2786 ullum
298 2741 396 2806 genus
418 2716 624 2806 possessionis
646 2727 707 2787 est,
730 2715 814 2803 quod
837 2716 960 2786 malim.
982 2718 1119 2782 maxime
1141 2719 1257 2785 scilicet
1278 2719 1320 2785 ob
1344 2742 1419 2786 eam
1440 2743 1522 2787 can·

178 2835 262 2888 sam,
300 2835 380 2901 quae
408 2823 550 2898 suscepta
582 2819 649 2888 est;
681 2811 770 2875 cuius
798 2810 1028 2876 festinationem
1056 2812 1132 2877 mihi
1156 2813 1254 2888 tollis,
1291 2816 1451 2901 quoniam
1476 2814 1520 2881 de

178 2916 295 2973 aestate
321 2906 480 2993 polliceris
512 2905 561 2969 vel
590 2904 696 2988 potins
718 2903 847 2990 recipis;
884 2903 996 2970 deinde
1019 2907 1112 2971 etism
1134 2906 1174 2971 ad
1195 2916 1403 2989 καταβίωσιν
1426 2929 1521 2975 mae-

178 3001 357 3087 stitiamque
378 2998 578 3064 minuendam
606 2998 681 3063 nihil
704 2998 779 3062 mihi
802 2998 937 3084 reperiri
959 3008 1061 3084 potest
1083 2999 1203 3087 aptius3
1236 3007 1324 3068 cuius
1346 3004 1398 3069 rei
1422 3002 1520 3090 cupi·

140 3093 258 3161 noditas
286 3094 416 3180 impellit
444 3114 495 3158 me
516 3093 690 3166 interdum,
719 3103 754 3158 ut
776 3102 806 3156 te
835 3093 956 3159 hortari
981 3094 1085 3159 velim.
1128 3095 1191 3160 Sed
1212 3116 1263 3161 me
1284 3096 1352 3183 ipse
1376 3118 1519 3165 revoco.

178 3192 246 3254 Non
268 3187 351 3253 enim
373 3186 502 3262 dubito,
525 3186 617 3273 quin,
638 3187 725 3274 quod
747 3208 798 3252 me
818 3187 909 3252 valde
931 3187 1012 3253 velle
1034 3197 1141 3274 putes,
1164 3188 1197 3254 in
1219 3210 1258 3255 eo
1281 3199 1314 3255 tu
1335 3192 1519 3279 meipsum

178 3283 346 3371 cupiditate
367 3284 484 3348 vincas.
526 3286 634 3367 ltaque
655 3284 735 3347 istuc
756 3282 817 3346 iam
839 3302 899 3367 pro
920 3280 1003 3346 lacto
1025 3281 1137 3348 habeo.
1180 3287 1210 3348 3.
1233 3286 1409 3369 Exspecto,
1431 3283 1518 3371 quid

178 3376 247 3444 istis
267 3377 388 3465 placeat
408 3376 447 3442 de
469 3375 599 3462 epistola
621 3375 660 3440 ad
683 3380 857 3442 Caesarem.
899 3374 1002 3440 Nicias
1025 3385 1073 3451 te,
1102 3385 1137 3441 nt
1158 3375 1267 3450 dehet,
1290 3387 1390 3452 amat,
1413 3377 1519 3444 velse-

180 3483 364 3559 menterque
396 3478 449 3535 tua
471 3469 520 3535 sui
542 3469 694 3534 memoria
718 3468 898 3534 delectatur.
954 3473 1021 3554 Ego
1043 3490 1121 3535 vero
1143 3470 1339 3535 Peducaeum
1360 3482 1516 3538 nostrum

142 3583 171 3626 es
180 3563 381 3630 vehementer
402 3563 510 3648 diligo.
553 3567 630 3627 Nam
654 3573 685 3627 et
705 3563 812 3648 quenti
835 3574 953 3649 patrem
976 3562 1047 3635 leci,
1069 3571 1169 3628 totum
1188 3564 1220 3627 in
1235 3563 1332 3638 hunc,
1355 3574 1388 3629 et
1403 3565 1515 3652 ipsum

179 3679 292 3746 perse
313 3679 414 3745 neque
436 3678 525 3732 emo,
561 3667 654 3743 atque
675 3656 762 3721 illum
785 3658 900 3734 amavi,
938 3667 967 3722 te
990 3678 1067 3722 vero
1088 3657 1275 3743 plurimum,
1306 3659 1360 3744 qui
1383 3658 1448 3725 hoc
1472 3658 1514 3725 sb

179 3761 316 3838 utroque
337 3756 480 3817 nostrum
501 3751 572 3816 fieri
600 3750 688 3815 velis.
731 3749 763 3814 si
786 3749 894 3815 hortos
923 3751 1098 3838 inspexeris
1120 3762 1152 3817 et
1173 3751 1200 3816 si
1222 3751 1262 3817 de
1284 3752 1416 3838 epistola
1441 3772 1516 3818 cen-

180 3846 294 3911 tiorem
316 3866 366 3909 me
388 3844 520 3919 seceris,
544 3843 671 3910 dederis
691 3842 785 3918 mihi,
808 3843 894 3930 quod
915 3843 956 3909 ad
977 3856 1008 3911 te
1028 3844 1184 3924 scribam
1214 3845 1262 3911 sin
1284 3846 1404 3921 minus,
1429 3847 1514 3914 scri-

182 3936 255 4004 bam
275 3947 380 4003 tnmcn
401 3938 529 4025 aliquid.
571 3943 735 4023 Nunquam
758 3936 840 4002 enim
862 3936 972 4002 deerit.

829 4085 938 4093 ··--“
1379 4089 1514 4100 ———

253 4158 279 4208 5.
299 4160 423 4223 fortusse.
455 4158 555 4208 alteros
585 4162 700 4206 notasse.
730 4157 814 4207 attere
842 4160 903 4210 ult.
933 4180 966 4192 -
998 4160 1202 4220 pomeridianas
1224 4160 1288 4209 Asc.
1315 4172 1374 4222 pn:
1401 4173 1514 4221 posmo-

184 4226 292 4277 ridiaoe
309 4230 338 4281 ti.
359 4242 383 4278 e.
400 4228 626 4291 posmeridianae.
663 4225 718 4277 Cir.
738 4226 846 4278 Velium
865 4230 990 4289 Longum
1008 4244 1034 4291 p.
1054 4230 1133 4279 2237.
1154 4226 1196 4290 P.)
1215 4230 1260 4288 11,
1278 4231 1516 4291 postmeridiano

186 4299 225 4358 ll,
242 4299 466 4361 postmeridianas
485 4298 528 4348 lll.
565 4296 620 4346 Cir.
641 4296 698 4348 Cio.
718 4295 815 4348 Orator
832 4296 861 4362 δ.
881 4300 941 4348 157.
969 4321 1002 4334 -
1038 4299 1080 4348 11.
1099 4295 1139 4360 ut]
1159 4298 1240 4347 stttos
1259 4300 1317 4358 iz,
1336 4301 1385 4349 otti
1402 4306 1436 4348 ut
1455 4302 1515 4351 lto-

185 4370 251 4419 sius.
269 4393 300 4406 -
314 4371 502 4430 imperantem
517 4369 539 4417 1.
560 4368 603 4424 (Ut
613 4382 673 4427 nos,
687 4366 772 4418 Codd.
787 4366 883 4433 Bosii.)
898 4393 927 4404 -
948 4368 990 4418 m.
1003 4380 1109 4431 apemos
1119 4370 1255 4418 malebant
1268 4368 1402 4419 Corradus
1418 4379 1446 4422 et
1463 4373 1514 4422 Er·

186 4440 298 4490 nostine.
324 4463 358 4474 -
394 4439 437 4488 15.
456 4439 604 4488 adhibitum
621 4451 683 4488 esse.
719 4437 822 4502 Edicta.
842 4439 865 4489 A
883 4439 952 4497 NR,
981 4437 1127 4488 adhibitam
1151 4452 1220 4488 esee:
1248 4437 1330 4503 efficis
1348 4443 1419 4490 enim
1443 4457 1462 4493 o
1487 4444 1513 4493 l.

187 4510 272 4564 tCorr.
293 4523 323 4559 er
344 4507 428 4558 (lodd.
449 4509 567 4558 Bosiiet
587 4508 746 4571 mg-Crat.)
775 4534 805 4545 -
841 4509 973 4558 tcdsolt.
999 4534 1030 4543 -
1069 4508 1295 4572 1o.qnom.-
1332 4512 1374 4559 17.
1394 4510 1514 4572 festino·

188 4580 259 4629 tione
277 4580 314 4628 tt.
342 4604 369 4616 -
410 4578 453 4628 18.
472 4576 523 4641 oet]
543 4578 589 4626 sed
608 4578 630 4628 l.
657 4602 687 4612 —
726 4579 763 4627 ed
780 4593 834 4629 om.
855 4580 887 4629 lt.
913 4604 946 4615 -
983 4579 1025 4629 to.
1046 4578 1145 4643 aptius]
1171 4583 1262 4629 certos
1280 4579 1426 4630 Victorius.
1465 4583 1515 4644 (Ut

188 4663 257 4711 nos,
283 4663 354 4699 corr.
382 4646 421 4696 M·
459 4649 497 4698 Da
523 4662 564 4711 pr.
590 4649 619 4699 Μ
646 4662 701 4699 non
732 4646 839 4713 liquet.)
873 4673 899 4684 -
941 4650 985 4698 22.
1007 4650 1126 4711 profacto
1155 4651 1216 4701 MR.
1248 4675 1276 4686 -
1315 4650 1388 4712 quod
1415 4650 1449 4700 ll.
1480 4676 1511 4688 -

187 4720 231 4771 25.
258 4720 326 4771 Nom
349 4720 475 4780 aspiranti
501 4719 606 4768 llosius.
637 4742 664 4753 -
703 4725 728 4768 st
752 4727 815 4771 ente
842 4720 928 4781 tpssm
958 4735 1013 4769 om.
1032 4719 1106 4769 Nm.
1131 4717 1263 4780 (luseruit
1280 4718 1456 4779 Lambinus.)
1479 4745 1513 4759 -

185 4791 419 4853 cepissetque
438 4788 483 4848 11,
507 4801 652 4850 persequor
671 4801 723 4847 mc.
743 4790 772 4840 m
783 4828 789 4845 .
810 4803 953 4855 persequor
970 4804 1033 4852 equa
1056 4792 1087 4840 lt.
1110 4814 1143 4825 -
1163 4805 1239 4852 cmo,
1265 4788 1354 4855 etqua]
1381 4796 1514 4854 ematque

183 4861 222 4913 ll.
244 4887 273 4900 -
311 4856 348 4922 ts]
370 4860 526 4911 121111-
563 4858 608 4908 28.
627 4855 679 4920 sin]
698 4860 723 4909 si
740 4859 816 4912 11111.
836 4885 867 4896 -
903 4861 1152 4912 so.sntmam.1.
1176 4883 1202 4896 -
1241 4861 1366 4914 deritll.
