3256 5400
182 248 246 311 ⁷1⁰
673 240 732 302 tte.
768 240 821 302 Ali
843 236 1016 302 iti’rlctm

353 405 465 475 ἄλλοις
486 408 521 464 ἐν
541 404 671 473 ἐσθλοῖς
693 397 779 462 τόνδ’
801 398 1014 461 ἀπωθοῦνται
1035 395 1153 477 ψόγον.

184 527 263 602 Sed,
285 525 314 592 si
335 533 369 588 tu
390 519 501 584 melius
522 516 683 604 quidpiam
706 538 833 603 speras,
861 516 948 603 quod
969 525 1000 581 et
1021 515 1112 602 plura
1133 513 1224 579 audis
1246 525 1278 580 ei
1301 512 1427 577 interes
1445 530 1522 575 eon-

184 622 277 693 siliis,
309 614 427 682 scribas
456 612 494 677 ad
523 632 574 676 me
603 610 698 675 selim
726 610 882 696 simulque
909 610 1043 696 cogites,
1074 608 1150 696 quid
1172 606 1330 693 agendum
1354 602 1452 669 nobis
1483 601 1522 669 sit

184 733 280 797 super
305 709 460 793 legatione
490 705 606 772 votiva.
647 703 800 790 Equidem
828 704 861 769 in
887 704 936 769 liis
961 703 1039 769 locis
1065 723 1199 767 moneor
1219 722 1237 766 a
1261 699 1391 772 multis,
1424 697 1520 762 uein

162 814 292 870 tsenatu
313 799 472 865 Kalendis.
512 797 667 865 Dicuntur
688 803 771 862 enim
792 797 915 863 occulte
937 797 1051 863 milites
1072 796 1111 862 ad
1130 818 1198 860 eam
1219 795 1306 861 diem
1329 792 1519 878 comparati,

184 894 361 981 etquidem
381 893 415 959 iu
435 893 528 972 istos3
549 892 605 980 qui
627 891 704 957 milri
727 892 875 958 sidentur
894 889 999 958 ubivis
1016 891 1113 959 tutius
1134 912 1228 976 quam
1250 889 1285 956 in
1298 896 1416 954 senatu
1439 885 1518 953 iore.

670 1737 1040 1821 semesum

658 1889 801 1954 CICERO
828 1889 973 1953 ATTICO
1002 1890 1034 1953 S.

187 2027 215 2087 l.
260 2001 437 2088 0iactum
458 2016 539 2082 male
567 2016 608 2082 de
627 2017 800 2084 Alexione!
835 2016 1021 2082 Incredibile
1049 2028 1112 2093 est,
1145 2030 1260 2106 quanta
1290 2043 1341 2086 me
1372 2025 1514 2090 molestia

150 2115 336 2192 ioaliecerit;
370 2132 429 2177 nec
456 2112 637 2177 mehercule
659 2132 699 2176 ex
728 2131 765 2175 ea
792 2122 881 2197 parte
902 2111 1058 2185 maxime,
1091 2113 1175 2198 quod
1198 2114 1342 2201 plerique
1367 2138 1511 2183 mecum:

183 2209 256 2283 „Ad
278 2228 372 2295 quem
394 2206 493 2290 igitur
513 2216 544 2270 te
565 2205 722 2270 medicum
749 2205 943 2270 conieres‘i”
985 2204 1070 2281 Quid
1098 2205 1175 2270 milii
1198 2208 1259 2272 iam
1282 2209 1431 2275 medico?
1463 2221 1513 2276 aut

182 2303 209 2368 si
230 2322 311 2388 opus
332 2309 394 2374 est,
427 2310 512 2364 tanta
532 2300 638 2386 inopia
659 2305 728 2364 est‘t
760 2304 909 2362 Amorem
935 2317 1011 2381 erga
1033 2318 1100 2371 me,
1130 2298 1353 2367 humanitatem
1377 2304 1513 2369 suavita·

182 2406 307 2481 temque
329 2393 485 2459 desidero.
527 2394 629 2458 Etiam
650 2391 745 2458 illud:
782 2391 941 2478 quidest,
963 2390 1049 2477 quod
1070 2413 1133 2457 non
1156 2395 1446 2478 pertimescendum
1464 2398 1511 2473 sii,

181 2511 253 2555 eum
274 2490 434 2554 hominem
456 2497 698 2573 temperantem,
732 2505 888 2549 summum
917 2483 1074 2549 medicum
1100 2497 1203 2552 tantus
1228 2488 1405 2574 improviso
1429 2512 1512 2556 mor

148 2582 241 2650 iebus
262 2581 477 2670 oppresserit?
507 2579 569 2646 Sed
596 2580 635 2646 ad
665 2578 867 2645 haecomnia
889 2598 952 2642 uno
974 2579 1147 2645 consolatio
1169 2590 1232 2656 est,
1265 2583 1354 2669 quod
1377 2604 1416 2648 ea
1439 2604 1511 2649 con-

181 2678 305 2742 dicione
327 2677 390 2741 nati
411 2694 535 2750 sumus,
558 2684 593 2740 ut
614 2673 708 2747 nihil,
730 2671 817 2760 quod
837 2671 956 2736 homini
978 2671 1122 2738 accidere
1144 2675 1260 2759 possit,
1282 2697 1437 2742 recusare
1458 2677 1509 2742 de-

180 2770 319 2838 beamus.
361 2772 392 2832 2.
413 2772 461 2832 De
481 2767 617 2832 Antonio
638 2766 700 2830 iam
722 2776 812 2830 antea
835 2764 892 2830 tibi
915 2765 1026 2852 scripsi
1047 2787 1111 2832 non
1133 2790 1202 2834 esse
1224 2791 1297 2834 eum
1320 2790 1340 2833 a
1363 2790 1416 2834 me
1438 2790 1510 2835 oon·

180 2873 317 2932 ventum.
368 2862 461 2928 Venit
489 2862 573 2926 enim
604 2861 774 2933 Misenum,
811 2879 883 2924 cum
912 2879 972 2944 ego
1002 2881 1103 2925 essem
1131 2862 1164 2926 in
1192 2863 1404 2949 Pompeiano;
1439 2863 1509 2928 inde

179 2968 250 3023 ante
277 2955 436 3041 proiectus
467 2964 528 3029 est,
566 2974 659 3041 quam
689 2974 748 3038 ego
777 2974 851 3018 eum
878 2958 1002 3020 venisse
1031 2958 1177 3040 cognovi.
1220 2958 1282 3022 Sed
1314 2978 1408 3030 casu,
1439 2978 1509 3023 cum

142 3050 317 3136 relegerem
348 3058 416 3114 tuas
444 3048 577 3120 litteras,
613 3047 735 3112 Hirtius
763 3058 831 3112 erat
857 3047 940 3134 apud
963 3050 1068 3114 mein
1089 3051 1276 3128 Puteolano;
1311 3052 1342 3115 ei
1364 3051 1446 3135 legi,
1479 3061 1510 3115 et

179 3145 241 3228 egi.
283 3144 424 3208 Primum
446 3141 533 3228 quod
554 3145 678 3215 attinet,
705 3140 782 3205 nibil
804 3141 881 3206 mihi
903 3143 1109 3221 concedebat3
1133 3144 1246 3209 deinde
1269 3144 1308 3210 ed
1331 3167 1508 3218 summam,

179 3237 332 3303 arbitrum
359 3257 411 3300 me
436 3233 590 3301 statuebat
617 3255 681 3299 non
708 3234 804 3300 modo
835 3235 928 3300 huius
956 3237 1002 3299 rei
1033 3237 1088 3302 sed
1120 3243 1213 3303 totius
1242 3239 1427 3304 consulatus
1448 3239 1507 3304 sui.

179 3336 256 3399 Cum
277 3329 412 3396 Antonio
434 3339 538 3394 autem
566 3328 612 3393 sic
643 3348 787 3412 agemus,
820 3338 855 3395 ut
876 3329 1061 3414 perspiciat,
1095 3331 1122 3395 si
1144 3332 1176 3396 in
1198 3353 1237 3396 eo
1264 3333 1394 3417 negotio
1417 3331 1509 3397 nobis

173 3424 385 3498 satisfecerit,
420 3432 520 3488 totum
549 3443 600 3487 me
628 3421 768 3488 loturum
796 3444 898 3488 suurn.
951 3424 1147 3491 Dolabellam
1180 3447 1274 3512 spero
1308 3427 1397 3492 domi
1428 3447 1508 3492 esse.

141 3536 168 3577 aa
178 3523 209 3583 3.
231 3517 406 3583 Redeamus
427 3516 466 3581 ad
488 3527 628 3581 nostros:
656 3515 696 3580 de
717 3517 832 3603 quibus
853 3528 887 3582 tu
910 3515 1024 3584 bonam
1047 3540 1135 3604 spem
1158 3530 1190 3585 te
1210 3519 1366 3606 significas
1390 3520 1509 3586 hahere

178 3621 308 3697 propter
329 3611 504 3676 edictorum
526 3609 761 3675 humanitatem.
804 3614 871 3693 Ego
893 3622 997 3677 eutem
1020 3613 1186 3698 perspexi,
1209 3635 1280 3679 cum
1302 3635 1320 3678 a
1343 3635 1395 3679 me
1419 3634 1509 3681 xvir.

177 3704 246 3773 llal.
278 3704 318 3769 de
343 3705 515 3770 Puteolano
544 3704 705 3789 Neapolim
737 3709 855 3768 Pansae
889 3705 1096 3770 conveniendi
1127 3728 1221 3772 causa
1253 3708 1509 3794 proficisceretur

177 3798 314 3874 Hirtius,
344 3820 470 3864 omnem
500 3799 568 3864 eius
596 3816 732 3863 sensum.
782 3796 901 3863 Seduxi
922 3820 996 3863 eum
1025 3810 1056 3865 et
1076 3800 1117 3865 ad
1137 3822 1246 3886 pacem
1269 3824 1339 3867 sum
1361 3801 1509 3868 cohorta-

178 3905 239 3959 tus.
291 3899 360 3960 Non
373 3898 376 3903 '
390 3903 514 3979 poterat
541 3892 660 3958 scilicet
689 3912 804 3975 negare
833 3913 867 3957 se
895 3893 975 3959 selle
1002 3914 1132 3980 pacem3
1168 3895 1225 3960 sod
1253 3917 1317 3961 non
1345 3895 1452 3960 minus
1475 3916 1508 3960 se

142 3997 359 4052 ³⁰nostrorum
382 4008 469 4052 arma
490 3987 603 4052 timere
626 4006 719 4070 quam
741 3985 889 4063 Antonii3
911 3999 941 4051 et
965 4000 1068 4053 tamen
1082 4000 1234 4076 utrosque
1250 4010 1314 4054 non
1329 3988 1398 4065 sine
1413 4009 1508 4054 causa

177 4079 371 4166 praesidium
406 4079 537 4158 habere;
570 4101 605 4145 se
631 4090 734 4144 autem
763 4088 896 4164 utraque
924 4103 1010 4146 arma
1039 4092 1190 4149 metuere.
1239 4083 1324 4161 Quid
1357 4083 1507 4169 quaeris?

249 4291 601 4362 1.ἀ’λλοιςέν]οισιν11.
625 4321 652 4332 -
690 4299 717 4349 2.
737 4299 768 4347 ia
785 4302 810 4346 te
828 4311 870 4348 res
889 4299 910 4347 l.
934 4322 961 4333 -
999 4300 1026 4349 t.
1046 4301 1178 4366 topazione
1195 4303 1282 4351 uotiua
1300 4303 1407 4363 quidem
1425 4304 1458 4350 ia
1468 4302 1507 4362 ti,

179 4369 310 4431 lepatiooe
335 4371 422 4416 votive
450 4369 522 4430 quod
548 4369 577 4416 in
604 4369 642 4429 it,
673 4368 816 4431 lopatioue.
860 4368 970 4418 l'otioaa
996 4370 1103 4434 quidem
1131 4373 1161 4420 in
1191 4371 1213 4420 l.
1236 4396 1266 4407 -
1302 4385 1412 4421 moveor
1431 4372 1455 4421 l.
1477 4395 1507 4407 -

178 4440 205 4487 5.
225 4439 276 4487 cat.
298 4437 389 4485 absim.
429 4437 561 4487 Dicuntur
579 4437 607 4497 l,
628 4453 650 4486 c.
671 4439 767 4487 adsim.
804 4437 940 4487 Dicuntur
960 4441 1072 4490 Arcens.
1093 4442 1179 4490 tertia·
1202 4465 1232 4477 -
1270 4444 1426 4504 comparari
1444 4441 1509 4492 Cor

180 4509 246 4558 rado
264 4514 374 4558 auctore
394 4506 551 4557 Schuetzius
571 4509 597 4556 iu
618 4509 666 4558 ud.
688 4509 752 4557 mai.
783 4531 814 4543 -
852 4511 893 4558 11.
914 4512 1053 4560 tremi.
1080 4536 1112 4546 -
1150 4512 1194 4560 13.
1214 4512 1335 4562 desidero
1353 4526 1409 4561 om.
1432 4512 1510 4561 l.-

180 4580 223 4627 17.
243 4592 261 4627 a
279 4592 334 4627 orn.
356 4592 395 4640 pr.
414 4576 450 4626 lil.
474 4604 500 4613 -
542 4578 583 4627 18.
605 4580 666 4627 tude
684 4593 738 4629 om.
759 4578 780 4626 l.
803 4603 831 4614 -
869 4580 913 4628 it).
934 4580 1048 4640 litteras]
1067 4582 1191 4642 epistotae
1210 4583 1239 4631 u.
1261 4608 1293 4618 —
1330 4581 1511 4632 Puteolanam

179 4650 211 4697 ll.
233 4673 264 4683 -
301 4649 345 4696 21.
366 4647 523 4696 concedebas
544 4662 582 4709 pr.
601 4650 638 4698 iil.
672 4673 703 4684 -
739 4649 988 4700 rontinentia·
1027 4652 1276 4701 uenerationi.
1297 4677 1326 4688 -
1364 4652 1410 4701 23.
1432 4654 1511 4702 ineo

179 4720 284 4782 nepotio
304 4721 327 4767 si
345 4718 368 4767 l.
387 4743 421 4751 -
456 4719 499 4767 25.
520 4719 551 4765 de
570 4719 664 4778 quitus
683 4718 994 4780 tornamentorum
1024 4720 1117 4783 quibus
1135 4723 1165 4769 in
1184 4721 1280 4771 donam
1297 4734 1368 4783 spem
1387 4727 1412 4772 ts
1433 4723 1457 4771 i.
1479 4747 1508 4759 -

179 4789 224 4836 ‘28-
252 4788 346 4838 seduxi
374 4801 433 4835 eum
460 4801 514 4849 mg.
547 4789 590 4836 tl:
622 4790 666 4838 sed
690 4791 737 4836 vir
764 4791 832 4836 enirn
850 4788 906 4846 Mt.
935 4791 980 4838 sed
996 4793 1045 4840 ota
1067 4805 1126 4842 eum
1144 4792 1184 4852 ll,
1214 4792 1310 4843 seduxi
1327 4794 1399 4842 emm
1417 4792 1450 4843 li.
1477 4811 1512 4828 ·-

181 4859 223 4909 31.
243 4853 367 4920 metuere]
387 4859 476 4907 timere
495 4859 516 4907 i.
539 4882 569 4893 -
606 4860 735 4922 pitueris?
755 4861 894 4922 (spatium)
914 4861 964 4923 Qu.
984 4861 1014 4911 F.
1040 4861 1062 4911 l.
