3256 5400
655 242 958 329 mmme
1430 246 1473 310 u

141 396 260 464 liberos
280 417 324 463 ea
345 416 416 463 sese
436 406 577 484 pnreret,
598 418 679 485 quos
699 420 773 466 urm
793 398 945 468 florentes
962 399 1099 476 rideret,
1121 401 1314 469 laetaretur?
1335 403 1391 490 qui
1404 422 1474 469 rem

140 499 312 578 aparente
338 490 483 558 traditam
513 512 573 579 per
598 513 633 557 se
657 502 766 559 unere
793 500 945 580 poaseutt
980 492 1119 563 honores
1145 496 1316 563 ordinatim
1342 497 1474 584 petituri

141 590 267 651 meent?
303 585 336 650 iu
368 606 406 651 re
433 585 573 671 publica,
602 586 635 651 in
662 588 837 653 amicorum
864 588 1001 675 negotiis
1029 587 1175 655 morato
1196 610 1253 656 sua
1274 589 1345 656 utit
1388 589 1475 669 Quid

143 679 258 745 laorum
280 678 356 752 fuit,
389 679 476 766 quod
497 700 561 745 non
583 680 672 766 prius
693 702 788 768 quam
816 680 924 748 datum
945 691 993 747 est
1028 682 1210 769 ademptum
1241 688 1303 750 sitt
1335 691 1375 751 At
1395 702 1474 750 vero

142 775 259 840 malum
280 783 328 839 est
348 772 467 839 liberos
500 775 653 840 amittere.
707 775 836 841 Malum:
868 776 929 842 nisi
950 775 1011 842 lroc
1032 781 1123 863 peius
1152 777 1209 851 sit,
1239 777 1317 844 haec
1338 778 1499 845 sufferre·

142 876 174 932 et
195 866 329 953 perpeti.
371 871 402 933 t.
425 871 514 947 Quae
535 889 587 932 res
609 868 686 934 milri
707 890 771 934 non
792 868 985 937 mediocrem
1000 870 1245 935 consolationem
1259 870 1377 947 attulit,
1399 873 1475 939 volo

142 959 200 1026 tibi
221 980 487 1035 commemorare,
510 961 537 1026 si
563 961 646 1027 forte
669 962 779 1029 eadem
800 984 852 1028 res
874 962 930 1029 tibi
952 962 1097 1030 dolorem
1118 969 1262 1029 minuere
1283 964 1395 1050 possit.
1426 967 1474 1030 Ex

143 1053 215 1119 Asia
236 1052 376 1128 rediens,
399 1076 469 1119 eum
491 1052 531 1119 ab
552 1056 670 1140 Aegina
692 1061 851 1141 Megaram
872 1077 983 1123 versus
1003 1056 1200 1142 navigarem,
1222 1062 1313 1144 coepi
1328 1059 1476 1143 regiones

143 1147 347 1213 circumcirca
368 1149 562 1234 prospicere.
610 1153 684 1215 l’ost
705 1170 756 1214 me
778 1160 846 1215 erat
867 1155 1001 1235 Aegina,
1034 1160 1105 1216 ante
1127 1172 1179 1216 me
1200 1155 1341 1236 Megara;
1364 1150 1477 1216 dextra

142 1240 310 1316 Piraeeus,
331 1240 457 1307 sinistra
478 1242 665 1308 Corinthus:
687 1264 768 1328 quae
790 1242 906 1330 oppida
931 1243 1067 1331 quodam
1089 1254 1233 1331 tempore
1255 1243 1476 1311 florentissima
1487 1263 1514 1323 ,ιο

144 1333 287 1409 luenmt,
309 1355 392 1400 nunc
412 1345 570 1421 prostrata
593 1346 624 1401 et
645 1335 748 1402 diruta
770 1346 841 1401 ante
856 1337 967 1403 oculos
988 1337 1100 1403 iacent.
1144 1342 1241 1425 Coepi
1264 1347 1390 1423 egomet
1409 1356 1478 1402 me·

144 1448 216 1493 eum
242 1428 289 1493 sic
314 1429 471 1514 cogitare:
506 1433 602 1494 lleml
636 1451 694 1496 nos
723 1429 906 1496 homunculi
934 1430 1148 1516 indignamur,
1178 1436 1205 1497 si
1234 1430 1304 1518 quis
1333 1435 1476 1496 nostrum

144 1520 264 1587 interiit
283 1531 337 1587 aut
365 1522 489 1588 occisus
511 1532 572 1599 est,
602 1544 740 1610 quorum
761 1524 824 1588 vita
845 1522 976 1589 brevior
997 1545 1067 1590 esse
1089 1524 1199 1599 dehet,
1222 1545 1294 1589 cum
1316 1543 1382 1588 uno
1404 1522 1477 1590 loco

145 1624 191 1681 tot
210 1614 363 1700 oppidum
384 1615 537 1680 cadavera
558 1616 697 1702 proiecta
718 1617 842 1682 iacent?
876 1621 973 1683 Visne
994 1627 1030 1684 tu
1052 1628 1100 1690 te,
1133 1618 1238 1690 Servi,
1271 1616 1423 1682 cohibere
1445 1625 1478 1681 et

145 1708 323 1774 meminisse
348 1708 508 1774 hominem
529 1720 561 1775 te
583 1730 653 1775 esse
674 1716 801 1776 uatumt
824 1709 925 1778 Crede
947 1710 1039 1784 milri,
1061 1711 1250 1795 cogitatione
1272 1732 1310 1776 ea
1331 1732 1395 1777 non
1410 1729 1515 1776 maa-¹⁵

145 1800 299 1869 diocriter
319 1803 624 1869 sumoonlirmatus.
679 1808 749 1869 Hoc
770 1804 869 1877 idern,
906 1809 932 1869 si
954 1803 1012 1869 tibi
1034 1804 1175 1878 videtur,
1204 1804 1253 1869 fae
1274 1814 1345 1871 ante
1367 1805 1478 1871 oculoa

145 1894 203 1961 utu
229 1916 401 1983 proponas.
452 1896 548 1963 llodo
575 1918 640 1962 uno
667 1906 811 1984 tempore
840 1907 887 1964 tot
912 1898 974 1964 viri
1007 1898 1170 1963 clarissimi
1199 1902 1401 1975 interierunt:
1437 1898 1478 1964 de

146 1990 281 2077 imperio
295 1991 405 2078 populi
420 1990 551 2057 Romani
563 1999 646 2056 tanta
660 1991 834 2059 deminutio
848 1991 928 2057 lacta
939 2003 1000 2070 est;
1012 2014 1123 2057 omnes
1134 1992 1316 2078 provinciae
1325 2012 1479 2078 conquas·

147 2093 230 2150 satae
245 2094 333 2150 suut:
361 2084 504 2165 inuuius
517 2085 720 2150 mulierculae
740 2085 877 2150 animula
898 2085 925 2151 si
947 2086 1066 2152 iactura
1088 2085 1168 2151 facta
1187 2096 1250 2158 est,
1273 2095 1358 2151 tanto
1379 2106 1478 2173 opere

147 2178 380 2245 commoverint
406 2198 487 2264 quae
514 2178 540 2242 si
562 2178 622 2243 hoc
647 2189 790 2266 tempore
816 2200 880 2245 non
901 2179 984 2245 diem
1007 2200 1099 2244 suum
1122 2179 1256 2253 obisset,
1278 2180 1386 2266 paucis
1407 2188 1517 2267 postu

147 2276 234 2337 aunis
245 2280 350 2336 tamen
366 2272 396 2336 ei
410 2271 613 2338 moriendum
627 2271 703 2346 luit,
726 2273 873 2360 moniam
892 2273 987 2338 homo
1002 2281 1071 2337 nata
1087 2273 1198 2339 luerat.
1222 2278 1251 2339 5.
1274 2278 1374 2339 Etiam
1390 2282 1423 2339 tu
1437 2272 1478 2340 ab

149 2365 234 2431 hisce
255 2363 513 2431 recusantum
535 2385 572 2430 ao
600 2365 824 2450 cogitationem
850 2375 935 2432 tuam
964 2388 1061 2432 avoca
1083 2378 1176 2453 atque
1198 2388 1235 2431 ea
1257 2368 1362 2453 potius
1383 2370 1480 2433 remi·

148 2464 292 2534 niscere,
328 2478 410 2546 quae
430 2457 525 2543 digna
545 2467 598 2522 tua
619 2479 756 2544 persona
777 2471 864 2526 sunt:
901 2460 1002 2532 illam,
1039 2460 1190 2546 quamdiu
1211 2459 1242 2524 ei
1264 2479 1345 2546 opus
1367 2459 1479 2536 luerit,

148 2553 284 2630 viaisse3
313 2571 469 2619 unacum
491 2550 673 2637 republica
701 2552 814 2620 luisse:
838 2563 885 2626 te,
915 2563 1037 2640 patrem
1059 2574 1166 2626 suum,
1189 2561 1383 2639 praetorem,
1405 2572 1481 2617 con-

148 2645 266 2718 aulern,
289 2666 441 2730 augurem
462 2644 595 2723 vidisse3
628 2644 878 2712 adolescentibus
906 2647 1066 2733 primariis
1092 2655 1221 2732 nuptam
1243 2645 1356 2722 luisse3
1377 2645 1518 2711 omui-ae

148 2739 209 2807 hus
228 2738 321 2804 bouis
342 2758 444 2826 prope
465 2738 661 2825 perfunctam
689 2761 776 2817 esse;
812 2761 884 2806 cum
906 2760 958 2804 res
980 2739 1105 2826 publica
1126 2738 1301 2811 occideret,
1338 2738 1401 2803 vita
1424 2758 1481 2802 ex·

147 2832 289 2898 cessisse.
333 2832 418 2913 Quid
438 2842 502 2906 est,
525 2833 611 2919 quod
632 2843 666 2899 tu
688 2845 742 2900 aut
764 2833 816 2898 illa
837 2853 909 2899 cum
931 2833 1058 2899 fortuna
1081 2832 1141 2899 hoc
1155 2832 1284 2897 nomine
1297 2830 1388 2917 queri
1406 2850 1481 2916 pos·

147 2926 237 2992 sitini
267 2930 411 3013 Itemque
433 2926 499 2993 noli
520 2937 551 2993 te
572 2925 716 2993 oblivisci
746 2927 931 2993 Ciceronem
958 2947 1029 2992 esse
1055 2935 1197 2997 etcum,
1237 2929 1292 3011 qni
1314 2924 1384 2989 aliis
1405 2944 1481 2989 cou-

148 3020 251 3087 sueris
270 3020 457 3108 praecipere
484 3031 516 3087 ct
544 3023 619 3088 dare
641 3021 823 3100 consilium;
851 3040 955 3105 neque
975 3021 1100 3084 imitare
1122 3018 1222 3085 malos
1244 3017 1402 3091 medicos,
1424 3014 1480 3102 qui

148 3115 182 3180 in
203 3114 314 3181 alienis
335 3112 457 3180 morbis
469 3115 658 3201 profitentur
672 3125 781 3181 tencre
802 3135 836 3178 se
850 3113 1023 3179 medicinae
1041 3112 1220 3184 scientiam,
1241 3110 1302 3197 ipsi
1315 3131 1350 3175 se
1367 3130 1518 3175 curareao

148 3228 214 3273 uon
237 3216 384 3293 possunt;
417 3208 473 3274 sed
493 3209 615 3295 potius,
649 3230 730 3295 quae
751 3207 820 3273 aliis
842 3215 909 3272 tute
937 3207 1121 3293 praecipere
1144 3205 1241 3278 soles,
1272 3224 1311 3268 ea
1337 3212 1402 3268 tute
1423 3201 1481 3268 tilri

148 3300 270 3367 subiice
280 3312 375 3388 atque
388 3302 472 3389 apud
487 3305 625 3368 animum
637 3321 790 3389 propone.
814 3306 844 3366 6.
859 3300 968 3366 Nullus
984 3299 1078 3365 dolor
1096 3307 1153 3372 est,
1175 3318 1270 3384 quern
1283 3317 1346 3362 non
1360 3300 1483 3383 longin-

149 3393 253 3480 quitaa
271 3396 425 3482 temporis
445 3401 564 3461 minuat
583 3417 620 3460 ac
636 3397 766 3462 molliat.
815 3398 884 3460 Hoc
903 3404 934 3459 te
958 3401 1141 3480 exspectare
1170 3401 1292 3478 tempus
1310 3390 1366 3455 tibi
1389 3402 1482 3478 turpe

150 3496 213 3558 est,
236 3507 273 3551 ac
293 3509 358 3553 uon
380 3491 410 3556 ei
431 3495 478 3555 rei
501 3490 651 3576 sapientia
673 3501 725 3556 tua
747 3500 778 3555 te
800 3509 980 3554 cucumere.
1023 3486 1145 3566 Quodsi
1175 3486 1229 3573 qui
1260 3489 1354 3550 etiam
1373 3484 1482 3551 inieris

150 3591 338 3655 senensest,
362 3589 416 3670 qui
437 3584 520 3650 illius
534 3585 566 3649 in
586 3594 618 3649 te
634 3606 724 3650 amor
740 3584 800 3649 fuit
824 3584 986 3668 pietasque
1011 3586 1043 3646 in
1070 3603 1181 3647 omnes
1198 3599 1289 3652 suos,
1312 3577 1373 3645 hoc
1396 3588 1520 3644 certae

150 3674 203 3739 illa
223 3685 254 3739 te
280 3675 385 3742 lacere
409 3698 472 3742 nou
490 3679 567 3744 vult.
610 3684 657 3744 Da
679 3677 741 3744 hoc
763 3677 807 3743 illi
828 3685 987 3754 mortuae3
1010 3674 1049 3740 da
1075 3679 1189 3741 ceteris
1206 3673 1314 3737 amicis
1338 3691 1375 3736 ac
1392 3670 1483 3738 lami·

151 3767 299 3843 liaribus,
322 3760 455 3857 qui'tuo
476 3771 587 3837 dolore
609 3781 765 3850 maerent3
794 3771 833 3836 da
858 3770 995 3857 patriae,
1017 3778 1069 3843 ut,
1093 3770 1120 3834 si
1142 3789 1203 3857 qna
1221 3768 1254 3831 in
1270 3787 1307 3830 rc
1329 3786 1410 3852 opus
1425 3771 1481 3842 sit,

150 3884 250 3949 opera
272 3873 304 3929 et
324 3864 456 3930 consilio
482 3877 537 3931 tuo
565 3865 610 3930 uti
630 3870 740 3952 possit
796 3866 957 3951 Denique,
987 3862 1135 3950 quoniam
1167 3868 1199 3928 in
1225 3881 1296 3925 eam
1324 3861 1482 3927 fortunam

152 3955 350 4030 devenimus,
373 3967 408 4023 ut
424 3963 517 4023 etiam
543 3959 616 4025 huic
635 3960 684 4024 rei
704 3957 796 4024 nobis
822 3957 1023 4024 serviendum
1049 3957 1104 4031 sit,
1127 3957 1192 4022 noli
1214 3952 1425 4028 committere,
1447 3964 1483 4021 ut

152 4054 317 4138 quisquam
334 4060 365 4115 te
385 4061 473 4137 putot
494 4073 558 4117 non
579 4064 642 4118 tam
664 4051 759 4118 tiliam
778 4073 871 4138 quam
892 4051 939 4116 rei
963 4049 1108 4137 publicae
1130 4059 1275 4136 tempora
1296 4057 1328 4113 et
1345 4047 1520 4115 attumne
1560 4132 1565 4141 Ι

153 4148 317 4210 victoriam
337 4145 456 4230 lugere.
498 4146 592 4211 Plura
618 4168 670 4212 me
689 4147 729 4212 ad
751 4154 781 4211 te
804 4145 843 4210 dc
866 4145 924 4210 hac
946 4166 983 4209 re
1008 4143 1148 4209 scribere
1176 4146 1287 4232 pudet,
1311 4161 1351 4206 ue
1373 4141 1483 4207 videar
1560 4228 1562 4232 μ

153 4236 338 4324 prudentiae
360 4248 431 4304 tuae
453 4239 612 4306 diffidere:
636 4262 748 4328 qnare,
772 4240 798 4305 si
820 4239 881 4305 hoc
901 4260 999 4304 unum
1014 4258 1231 4325 proposuero,
1255 4241 1349 4306 linem
1371 4237 1483 4302 luciam

154 4329 320 4397 scribendi.
364 4333 507 4399 Vidimus
533 4334 699 4420 aliquoties
727 4333 895 4400 secundam
922 4330 1135 4418 pulcherrime
1163 4341 1194 4397 te
1216 4333 1301 4399 lerrc
1324 4333 1483 4397 fortunam

154 4445 361 4511 magnamque
382 4447 421 4491 ex
442 4448 478 4491 ea
497 4449 533 4492 re
551 4437 580 4492 tc
599 4428 722 4493 laudem
742 4429 857 4515 apisci:
882 4426 930 4491 lac
951 4424 1118 4511 aliquando
1139 4426 1348 4513 intelligamus
1369 4425 1481 4489 adver·

224 4552 248 4601 1.
278 4560 392 4615 peruret
417 4553 454 4605 Μ.
486 4580 518 4590 -
554 4554 582 4603 3.
608 4562 691 4605 casem
709 4557 738 4605 iu
756 4569 784 4604 re
802 4553 927 4616 publico?
955 4555 984 4601 in
1003 4552 1034 4602 li.
1068 4578 1095 4588 -
1134 4554 1174 4602 oti
1201 4555 1246 4605 M:
1274 4560 1409 4603 uterentur
1440 4549 1482 4608 li,

155 4619 464 4687 ocurrunt-ugnus.
486 4647 517 4659 -
554 4622 833 4674 coutumacia.
861 4649 884 4658 -
923 4623 950 4672 5.
969 4622 1016 4671 ltoc
1034 4623 1107 4683 peius
1124 4622 1168 4673 M:
1196 4624 1321 4687 pelusii.
1343 4645 1372 4656 -
1392 4618 1485 4670 Μο-

156 4690 235 4741 torem
252 4693 368 4743 minden
386 4693 429 4743 M:
453 4695 570 4743 minuere
587 4693 703 4743 dolorem
721 4694 751 4743 E.
783 4718 813 4729 —
850 4694 876 4743 e.
896 4698 957 4742 unte
974 4707 1015 4742 me
1033 4692 1142 4756 Megara
1161 4694 1298 4744 Orelliua:
1318 4697 1381 4741 onte
1401 4700 1484 4740 mene·

156 4773 218 4823 gere
235 4761 280 4819 Μ,
312 4770 374 4814 onte
391 4764 501 4828 Megara
527 4763 558 4813 ll.
587 4788 620 4796 -
658 4762 700 4814 tt.
720 4765 804 4814 locaret
825 4763 865 4812 llt:
893 4763 996 4812 iaceant
1025 4761 1057 4810 ll.
1089 4788 1122 4795 —
1159 4765 1201 4814 l'l.
1230 4763 1358 4813 carmiani
1384 4760 1422 4810 Μ.
1453 4779 1483 4793 -

160 4830 200 4880 18.
217 4832 311 4895 populi
328 4833 440 4884 Romani
458 4833 592 4884 Orellins:
612 4841 722 4896 propter
741 4834 786 4894 M,
802 4838 940 4896 praeterea
959 4830 990 4880 ll.
1013 4856 1041 4866 -
1062 4831 1107 4881 ll.
1126 4829 1214 4897 suum]
1232 4833 1349 4900 plorum
1367 4829 1430 4881 Sola.
1452 4852 1482 4866 -

158 4900 200 4950 dat.
218 4902 321 4955 mdiuce
339 4903 376 4954 Μ.
397 4927 428 4939 -
464 4903 509 4955 dd.
529 4905 644 4966 adipisci
665 4904 696 4954 B.
