3256 5400
589 247 665 313 Lm.
685 247 741 312 IX.
782 247 842 312 ΕΡ.
859 247 891 310 6.
912 246 943 309 6.
964 245 995 309 7.
1378 241 1440 313 ut

122 425 217 493 wem
238 401 366 490 quidem
388 422 448 487 ego
469 407 563 468 etiam
583 403 711 469 illorum
732 401 895 479 timebam,
923 399 963 466 ad
984 422 1063 488 quos
1085 420 1280 467 veneramus.
1324 399 1441 466 Crude-

122 499 195 566 liter
216 499 298 563 enim
321 497 430 563 otiosis
460 496 673 570 minabantur,
696 506 824 582 eratque
846 496 885 561 iis
907 504 937 559 et
959 505 1011 560 tua
1033 495 1132 559 invisa
1153 494 1296 559 voluntas
1318 502 1350 557 et
1370 514 1440 558 mea

122 591 235 658 oratio.
276 595 365 656 Nunc
386 611 481 663 vero,
505 590 531 655 si
553 598 656 656 esseut
677 589 777 654 nostri
797 589 903 676 potiti,
926 587 1016 653 valde
1036 588 1278 673 intemperantes
1292 584 1439 664 brissent3

123 694 212 752 erant
233 684 317 750 euim
338 682 430 749 nobis
451 684 601 768 perirati,
635 683 725 770 quasi
746 682 916 768 quidquam
943 680 982 746 dc
1004 690 1109 746 nostra
1131 682 1228 746 salute
1251 680 1441 746 decrevisse·

123 801 209 851 mus.
244 776 329 864 quod
356 798 420 842 nou
448 776 532 841 idem
554 776 614 841 illis
636 777 881 853 censuissemus;
919 775 1081 860 autquasi
1103 775 1208 839 utilius
1229 774 1276 839 rei
1299 773 1463 861 publicae„

122 873 220 940 firerit
240 893 296 937 eos
318 869 410 935 etiam
439 869 478 933 ad
510 867 681 935 bestiarum
710 870 861 934 auxilium
892 868 1061 952 confugere
1083 890 1175 954 quam
1197 869 1247 933 vel
1269 868 1369 933 emori
1391 867 1440 933 vel

123 988 195 1033 cum
218 984 286 1051 spe,
323 964 350 1029 si
372 985 434 1028 uon
456 962 589 1049 optima,
622 972 654 1027 at
673 963 778 1049 aliqua
800 972 903 1026 tamen
924 961 1042 1025 vivere.
1095 966 1125 1027 l.
1148 968 1187 1027 At
1207 964 1239 1027 in
1260 961 1441 1051 perturbata

122 1059 305 1146 republica
333 1057 478 1122 vivimus.
535 1056 614 1134 Quis
636 1062 748 1142 negat?
791 1056 852 1121 Sed
874 1055 934 1120 boc
955 1052 1090 1119 viderint
1118 1054 1156 1128 ii,
1193 1056 1246 1141 qui
1277 1057 1360 1121 nulla
1382 1055 1442 1120 sibi

124 1152 264 1220 subsidia
284 1149 323 1215 ad
345 1170 454 1215 omues
474 1149 557 1215 vitae
579 1159 675 1215 status
696 1158 895 1236 paraverunt.
945 1152 1015 1213 Huc
1036 1152 1120 1213 enim
1141 1158 1176 1213 ut
1196 1150 1353 1222 venirem.
1390 1170 1443 1214 su·

123 1247 233 1334 perior
253 1245 392 1328 longius,
415 1264 508 1330 quam
529 1243 632 1318 volui,
654 1243 746 1308 lluxit
766 1247 878 1308 oratio.
923 1246 1000 1309 Cum
1016 1242 1099 1306 euim
1115 1250 1145 1306 te
1160 1262 1283 1328 semper
1297 1263 1441 1328 maguum
1453 1275 1480 1315 ιο

126 1339 285 1405 hominem
314 1337 406 1410 duxi,
447 1346 528 1412 tum,
565 1336 651 1423 quod
681 1337 729 1402 bis
754 1334 989 1422 tempestatibus
1011 1357 1044 1402 es
1065 1357 1166 1422 prope
1188 1337 1273 1402 solus
1294 1336 1326 1402 in
1347 1345 1442 1421 portu

124 1432 307 1516 fructusque
329 1429 488 1494 doctrinae
509 1431 646 1516 percipis
667 1451 736 1505 eos,
773 1430 827 1516 qui
854 1429 983 1493 maximi
1012 1439 1099 1503 sunt,
1133 1438 1167 1494 ut
1195 1451 1232 1493 ea
1263 1428 1443 1495 consideres

125 1545 224 1611 eaque
245 1533 378 1598 tractes,
401 1544 536 1609 quorum
558 1533 590 1589 et
610 1545 685 1588 usus
708 1532 739 1588 et
761 1522 926 1588 delectatio
948 1533 993 1586 est
1011 1522 1156 1588 omnibus
1175 1522 1307 1588 istorum
1326 1522 1443 1588 etactia

125 1627 158 1683 et
178 1616 389 1702 voluptatibus
418 1615 643 1702 anteponenda.
696 1616 849 1703 Equidem
872 1616 929 1681 hos
950 1625 1021 1681 tuos
1043 1617 1287 1682 Tusculanenses
1308 1617 1375 1681 dies
1396 1616 1444 1681 in-

126 1718 191 1776 star
210 1730 279 1775 esse
300 1711 382 1775 vitae
411 1721 506 1796 puto,
535 1708 731 1796 libenterque
753 1709 899 1775 omuibus
920 1729 1029 1775 omnes
1050 1731 1127 1795 opes
1148 1710 1372 1784 concesserim,
1409 1715 1480 1781 utra

126 1803 203 1870 mihi
224 1804 315 1869 liceat
346 1807 377 1868 vi
403 1804 487 1869 nulla
515 1804 730 1891 interpellante
752 1803 813 1868 isto
835 1802 930 1869 modo
957 1808 1075 1868 vivere.
1118 1808 1149 1869 5.
1171 1802 1265 1882 Quod
1287 1825 1344 1870 uos
1364 1823 1443 1889 quo-

127 1918 188 1984 qne
209 1896 382 1973 imitamur,
409 1907 445 1962 ut
475 1918 657 1983 possumus,
688 1907 719 1962 et
747 1897 780 1962 in
809 1897 924 1961 nostris
945 1896 1055 1962 studiis
1076 1895 1276 1962 libentissime
1296 1897 1444 1983 conquie-

127 1991 252 2056 scimus.
296 1989 374 2068 Quis
396 1991 478 2055 enim
501 1990 561 2056 hoc
581 2012 644 2056 non
667 1989 789 2056 dederit
809 1990 916 2064 nobis,
938 1999 987 2066 ut,
1010 2011 1081 2056 eum
1104 2012 1201 2077 opera
1224 1999 1328 2055 nostra
1343 1989 1445 2076 patria

127 2085 194 2151 sive
226 2104 290 2149 non
321 2083 419 2169 possit
440 2084 486 2149 uti
508 2084 574 2148 sire
602 2084 693 2158 nolit,
730 2084 768 2149 ad
791 2105 859 2149 eam
881 2083 975 2148 vitam
997 2095 1207 2158 revertamur,
1240 2105 1334 2170 quam
1356 2081 1444 2149 multi

128 2177 210 2243 docti
233 2176 390 2250 homines.
426 2177 560 2243 fortasse
591 2199 654 2243 non
676 2188 775 2251 recte,
809 2177 864 2243 sed
886 2187 987 2242 tamen
1010 2176 1099 2243 multi
1121 2178 1212 2242 ctiam
1233 2177 1279 2242 rei
1301 2177 1444 2263 publicae
1454 2204 1481 2243 m

128 2269 380 2358 praeponendam
416 2277 630 2357 putaverunt?
681 2275 769 2350 Quae
798 2271 895 2356 igitur
929 2271 1031 2336 studia
1062 2292 1245 2357 magnorum
1284 2271 1446 2336 homiuum

129 2364 279 2429 sententia
300 2363 493 2429 vacationem
516 2363 630 2429 babent
651 2365 816 2445 †eandem
835 2363 951 2451 publici
967 2364 1126 2440 muneris,
1148 2364 1185 2429 iis
1206 2361 1394 2429 concedente
1408 2383 1446 2427 re
1502 2382 1508 2400 ¹

128 2456 251 2543 publica
283 2477 341 2521 cur
368 2478 431 2523 uon
459 2456 646 2524 abutamur?
679 2463 708 2523 6.
738 2459 798 2524 Sed
820 2459 890 2544 plus
911 2457 1010 2532 facio,
1038 2479 1131 2544 quam
1154 2457 1299 2523 Caninius
1321 2455 1446 2521 mauda-

129 2549 182 2614 rit.
235 2554 264 2614 ls
286 2551 370 2615 enim
399 2556 426 2616 si
455 2551 530 2637 quid
558 2572 618 2637 ego
648 2552 761 2616 scirem
787 2559 930 2637 rogarat,
960 2549 1045 2637 quod
1066 2561 1099 2616 tu
1121 2551 1275 2628 nescires3
1308 2547 1445 2635 egotibi

130 2663 165 2707 ea
187 2664 297 2716 narro,
321 2665 401 2730 quae
423 2655 456 2710 tu
478 2645 590 2710 melius
611 2644 672 2709 scis
693 2666 787 2731 quam
802 2645 885 2731 ipse,
915 2642 968 2731 qui
983 2664 1088 2708 uarro.
1130 2644 1252 2709 Faciam
1267 2663 1344 2728 erqo
1359 2641 1483 2719 illudes

130 2735 215 2823 quod
241 2745 370 2822 rogatus
402 2759 487 2813 sum,
518 2747 702 2814 uteorum,
738 2759 819 2825 quae
848 2736 998 2824 temporis
1030 2735 1123 2803 huius
1147 2735 1221 2813 sint,
1254 2757 1334 2823 quae
1355 2736 1446 2816 'stua

130 2829 275 2907 audiero,
296 2851 336 2896 ne
358 2830 434 2918 quid
454 2831 591 2916 ignores.

604 3003 667 3065 νη.
711 2999 759 3082 (l.
785 3003 817 3064 u.
840 3003 872 3066 c.
895 3002 981 3079 roe.)

613 3122 754 3187 CICERO
780 3122 964 3186 VARRONI.

217 3238 245 3298 1.
268 3231 444 3300 Coenabam
473 3232 554 3318 apud
584 3233 707 3304 Seium.
744 3253 814 3297 cum
842 3232 968 3318 utrique
997 3236 1138 3297 uostrtlm
1167 3232 1309 3297 redditae
1335 3241 1407 3297 suut
1427 3252 1483 3297 uso

131 3335 161 3391 te
182 3327 314 3392 litterae.
356 3326 431 3392 Mihi
453 3348 530 3392 vero
552 3327 614 3391 iam
635 3336 792 3391 maturum
815 3325 949 3390 videtur.
991 3331 1086 3399 Nam,
1110 3325 1193 3412 quod
1215 3334 1304 3391 antea
1327 3325 1380 3410 [tc]
1397 3346 1446 3390 ca·

130 3420 297 3486 lumniatus
321 3441 405 3494 sum,
437 3419 582 3485 indicabo
605 3420 753 3485 malitiam
781 3440 891 3483 meam.
949 3417 1100 3486 Volebam
1122 3439 1222 3504 prope
1244 3419 1356 3484 alicubi
1378 3439 1447 3484 esse

130 3521 176 3588 te,
206 3513 232 3577 si
255 3513 331 3599 quid
351 3512 453 3579 bonae
480 3513 603 3587 salutis,
635 3515 695 3578 adr
721 3540 752 3578 τε
774 3513 813 3578 δυ’
820 3516 828 3535 ’
853 3516 1028 3597 ἐρχομένω.
1082 3516 1181 3587 Nunc,
1204 3514 1351 3598 quoniam
1374 3534 1449 3577 con·

131 3605 212 3672 lecta
233 3616 305 3672 suut
325 3606 447 3679 omnia,
477 3605 683 3672 dubitandum
705 3627 767 3671 nou
789 3614 850 3681 est,
887 3605 963 3692 quin
985 3605 1074 3691 equis
1096 3606 1181 3672 viris.
1223 3610 1315 3681 Nam,
1337 3615 1373 3671 ut
1393 3627 1449 3671 au-

131 3699 196 3768 divi
217 3700 257 3768 de
278 3705 313 3766 L.
335 3704 467 3767 Caesare
488 3706 538 3776 F..
561 3721 682 3766 mecum
704 3700 787 3786 ipsc:
1456 3720 1484 3762 aa

467 3858 509 3871 -
531 3858 572 3868 —
593 3825 665 3905 quid
685 3823 734 3884 bie
754 3823 830 3884 miti
847 3824 938 3903 societ
957 3826 1066 3904 putri?

133 3957 241 4040 ltaque
268 3973 331 4018 nou
359 3951 469 4017 desino
497 3950 579 4037 apud
608 3951 700 4026 istos,
723 3950 778 4038 qui
799 3972 882 4016 nunc
903 3950 1121 4029 dominantur,
1154 3955 1321 4018 coenitare.
1365 3952 1447 4031 Quid

133 4047 265 4112 laciamt
288 4045 436 4131 Temperi
458 4044 654 4110 serviendum
671 4055 726 4110 est.
769 4049 800 4108 2.
822 4044 884 4109 Sed
898 4043 1029 4111 ridicula
1045 4047 1153 4121 missa,
1175 4047 1360 4133 praesertim
1379 4068 1449 4111 cum

134 4140 173 4206 rit
194 4139 287 4214 nihil,
310 4138 394 4224 quod
415 4136 581 4202 rideamus.

201 4368 228 4419 2.
249 4370 341 4418 otiosis
357 4370 380 4417 st
398 4367 569 4418 minabantur
587 4366 623 4415 Μ.
660 4367 733 4415 Fert.
754 4368 843 4416 otiosis
861 4369 882 4417 lt
898 4369 1077 4417 minabuntur.
1104 4367 1155 4418 On.
1176 4395 1207 4405 —
1244 4368 1269 4418 6.
1293 4384 1371 4433 mum
1389 4369 1450 4419 celle

132 4440 201 4489 mort
218 4438 313 4489 octlll.
346 4461 376 4473 -
412 4439 439 4488 a.
457 4435 553 4500 statuar]
573 4449 647 4484 curus
665 4435 834 4486 Gulielmius.
862 4461 893 4473 -
931 4441 974 4487 11.
993 4439 1111 4487 demerim
1130 4440 1197 4502 quod
1215 4439 1252 4488 Μ.
1274 4462 1304 4474 -
1341 4440 1384 4489 16.
1403 4455 1451 4489 un·

134 4509 293 4572 teponendaa
317 4509 419 4570 quidem
436 4507 474 4557 Μ.
503 4528 534 4542 -
572 4505 615 4553 15.
642 4503 721 4568 ottae]
738 4508 870 4557 eleterius
889 4521 942 4567 mg.
964 4509 1066 4570 Repett.
1087 4509 1181 4559 Lamb.
1215 4533 1242 4542 -
1280 4509 1324 4557 22.
1344 4511 1450 4559 eoadem

134 4580 176 4630 tt:
202 4580 282 4629 etium
301 4578 338 4632 ll,
369 4578 502 4640 quondum
520 4575 688 4624 Gabbaram.
725 4576 798 4625 Fert.
816 4580 943 4628 auvendi.
968 4579 1019 4628 On.
1051 4604 1078 4614 -
1116 4580 1160 4628 23.
1187 4575 1321 4639 Caninius]
1347 4582 1450 4629 unimus

134 4648 172 4699 u.
193 4675 222 4685 -
260 4649 407 4697 mondavit.
427 4649 483 4696 iure
501 4647 569 4694 enim
595 4644 631 4692 Μ.
671 4644 742 4693 Fert.
769 4647 915 4697 mundavit.
954 4649 1019 4703 Cur,
1051 4650 1176 4711 quaeris?
1205 4650 1447 4698 136ιί111111.-

135 4717 179 4768 Sl.
197 4721 262 4769 retra
279 4719 316 4768 Μ.
331 4743 358 4753 -
380 4718 424 4767 26.
444 4729 509 4780 quae
528 4721 573 4762 tuo
593 4713 637 4761 M:
656 4727 752 4775 quaeue
770 4715 800 4763 ll.
839 4717 909 4766 fort.
929 4733 994 4781 qaue
1013 4725 1080 4767 tuta.
1101 4719 1151 4768 On.
1174 4743 1197 4753 -
1219 4718 1261 4766 31.
1281 4726 1305 4765 te
1323 4724 1384 4766 ante
1404 4733 1450 4767 eu·

136 4790 277 4839 tumulatus
296 4801 350 4837 om.
371 4787 401 4836 Ε.
430 4811 460 4821 -
497 4785 541 4833 32.
561 4796 612 4832 erre
631 4790 671 4837 te,
702 4786 725 4832 εἰ
743 4784 844 4834 Aldus:
875 4788 1041 4841 ceretrtltl.
1077 4801 1145 4844 erre.
1165 4790 1189 4836 si
1208 4787 1237 4835 Ε.
1259 4811 1289 4822 -
1325 4789 1368 4837 33.
1388 4801 1450 4851 quo·

135 4862 206 4908 atum
226 4859 270 4908 bl:
291 4870 368 4921 quum
389 4858 418 4906 E.
441 4880 470 4892 ·-
507 4854 550 4902 36.
570 4854 614 4915 qut
632 4851 667 4903 tt.
