3256 5400
578 254 728 320 blitlll.
769 256 1039 321 ΕΜΜΛΛ.
1425 260 1467 326 bi

142 409 291 476 arbitror.
333 409 488 498 Equidem
502 430 563 497 pro
575 432 632 486 eo,
654 412 762 498 quanti
776 420 808 477 te
822 412 922 488 facio,
944 412 1099 500 quidquid
1111 412 1242 492 seceris,
1264 417 1464 501 approbabo;

142 503 198 568 md
218 512 249 568 te
271 523 399 590 paoapae
429 504 555 570 conlido
576 505 812 582 calamorum,
845 528 927 593 quae
953 507 1033 572 mibi
1061 508 1217 593 intelliges
1238 510 1376 576 maxime
1397 534 1465 578 esse

142 597 387 663 accommodata.
427 601 496 684 Ego
513 602 546 665 C.
561 600 773 686 Pomptinium
789 601 925 687 legatum
939 621 1046 666 meum
1062 602 1222 668 Brundisii
1236 604 1464 690 exspectabam.

142 712 279 777 eumque
298 700 372 756 ante
392 691 547 758 Kalendas
567 692 672 758 lunias
687 694 889 760 Brundisium
903 703 1069 759 venturum
1084 694 1271 761 arbitrabar.
1314 698 1378 775 Qui
1393 718 1464 765 cum

143 784 283 862 venerit,
303 805 388 873 qnae
408 785 548 872 primum
567 783 733 870 navigandi
754 785 847 852 nobis
868 786 998 853 facultas
1019 787 1090 852 data
1112 789 1190 864 erit.
1212 799 1348 858 utemur.
1474 819 1488 862 ι

620 928 672 993 ιι.
715 924 764 1011 (a.
791 929 823 993 o.
846 930 878 993 c,
901 925 987 1014 ιιι.)

531 1041 673 1107 cacano
696 1042 728 1106 s.
749 1043 787 1133 p.
808 1043 867 1104 an
888 1042 1081 1107 concana.

228 1165 257 1225 1.
279 1160 385 1226 Pridie
406 1165 510 1225 Nonas
531 1160 649 1235 lunias,
682 1182 755 1226 cum
776 1181 878 1224 essem
899 1160 1077 1237 Brundisii,
1106 1163 1225 1230 litteras
1247 1175 1315 1233 tuas
1336 1169 1465 1258 accepi.

142 1253 260 1340 quibus
281 1265 350 1319 erat
376 1255 529 1342 scriptum
558 1264 590 1320 te
611 1259 646 1320 1..
676 1254 787 1322 Clodio
808 1253 987 1329 mandasse,
1021 1277 1102 1343 quae
1123 1256 1211 1324 illum
1232 1281 1356 1328 mecum
1377 1263 1464 1351 loqui

142 1348 249 1413 vellen
293 1353 375 1414 Eum
389 1370 463 1414 sane
480 1347 717 1435 exspectabam,
739 1356 774 1413 ut
797 1367 849 1422 ea,
871 1369 953 1434 quae
971 1359 1035 1413 ate
1051 1349 1201 1429 afferret,
1224 1355 1465 1441 quamprimum
1478 1377 1503 1418 ιι

141 1463 378 1528 cognoscerem.
419 1448 524 1509 Meum
552 1442 690 1508 studium
719 1460 795 1525 erga
823 1449 913 1506 teet
944 1443 1098 1519 officium,
1126 1445 1250 1511 tametsi
1275 1448 1381 1513 multis
1403 1449 1464 1515 iam

142 1534 239 1601 rebus
260 1556 356 1622 spero
377 1535 435 1602 tibi
457 1556 527 1602 ease
547 1535 724 1621 cognitum,
746 1543 850 1599 umen
873 1534 966 1600 iniis
988 1537 1126 1603 maxime
1149 1537 1329 1617 declarabo,
1352 1541 1466 1630 quibus

141 1628 314 1715 plurimum
342 1629 520 1714 significare
547 1638 682 1716 potuero
714 1637 800 1694 tuam
827 1627 905 1694 mibi
927 1630 1192 1696 existimationem
1226 1644 1257 1698 et
1281 1633 1464 1720 dignitatem

140 1722 338 1789 carbsimam
357 1744 438 1789 esse.
479 1722 556 1789 blibi
575 1731 606 1786 et
628 1724 668 1800 Q.
686 1720 802 1786 Fabius
826 1722 1027 1808 Vergilianus
1047 1732 1079 1788 et
1106 1728 1140 1790 C.
1168 1724 1296 1793 Flaccus
1318 1733 1355 1794 b.
1379 1732 1413 1794 F.
1435 1737 1466 1794 et

141 1816 380 1901 diligentissime
404 1820 446 1881 Μ.
472 1814 620 1881 Octavius
656 1818 711 1881 Cn.
738 1818 771 1880 F.
803 1816 1029 1882 demonstravit
1055 1836 1147 1882 mea
1173 1827 1205 1884 te
1228 1821 1356 1907 plurimi
1379 1822 1502 1901 derina

142 1907 229 1996 quod
256 1917 383 1993 qomet
409 1907 517 1973 multis
538 1907 731 1993 argumentis
752 1907 818 1973 iam
845 1917 936 1974 autea
972 1909 1148 1975 iudicaram
1184 1913 1383 2002 maximeque
1409 1915 1464 1981 illo

142 2008 250 2071 bruno
272 2007 466 2077 Anconam,
482 2004 583 2089 ‘wem
604 1999 716 2066 adme
738 2001 950 2067 amantissime
971 2002 1139 2089 scriptum,
1164 2006 1385 2073 suavissimum
1405 2007 1466 2074 mi·

142 2096 221 2163 sisti.
265 2100 296 2162 2.
318 2101 388 2162 Mea
410 2095 443 2160 in
464 2104 496 2160 te
517 2094 623 2161 omnia
644 2115 766 2159 summa
787 2095 1026 2162 necessitudinis
1048 2097 1150 2163 officia
1171 2099 1365 2166 constabunt
1387 2106 1463 2167 Nam

142 2212 214 2257 nam
236 2200 267 2256 te
285 2188 404 2276 ipsum,
440 2209 481 2255 er
508 2209 573 2276 quo
596 2197 738 2275 tempore
758 2196 793 2253 tu
812 2210 863 2254 me
880 2188 1014 2274 diligere
1034 2191 1182 2277 coepisti,
1204 2192 1344 2278 quotidie
1366 2194 1464 2281 pluris

145 2284 222 2360 leci,
256 2293 325 2351 tum
344 2291 546 2348 accesserunt
566 2281 660 2347 etiam
681 2281 919 2348 coniunctiones
938 2284 1191 2351 necessariorum
1212 2296 1350 2353 tuorum.
1392 2292 1502 2354 Dnoao

142 2380 227 2444 enim
241 2377 377 2444 duarum
398 2385 534 2441 aetatum
548 2374 677 2461 plurimi
699 2373 798 2449 lucio,
821 2379 876 2442 Cn.
891 2377 1092 2464 Pompeium,
1114 2378 1196 2444 filiae
1216 2387 1289 2445 tuae
1308 2400 1463 2454 socerum,

142 2483 174 2538 et
193 2477 235 2538 Μ.
257 2477 405 2543 Brutum,
442 2488 593 2554 generum
615 2477 720 2546 tuum;
748 2468 936 2555 oollegiique
961 2471 1162 2547 coniunctio,
1193 2472 1381 2559 praesertim
1399 2482 1463 2539 mm

144 2563 317 2631 honorifice
348 2584 367 2628 a
395 2573 427 2630 te
452 2561 643 2648 approbata,
680 2581 744 2627 uon
765 2562 925 2628 mediocre
952 2562 1113 2629 vinculum
1134 2565 1212 2631 mibi
1233 2565 1362 2652 quidem
1382 2575 1464 2632 attu-

141 2658 216 2724 lisse
236 2657 365 2723 videtur
381 2656 421 2722 ad
441 2656 619 2722 voluntates
641 2663 765 2720 nocuas
786 2655 986 2742 copulandas.
1029 2656 1092 2722 Sed
1106 2666 1153 2733 et,
1175 2658 1203 2723 ai
1226 2659 1371 2725 Clodium
1389 2680 1463 2725 wn-

142 2770 277 2826 venero,
298 2771 341 2815 ex
364 2750 450 2816 illius
471 2769 617 2814 sermone
639 2747 679 2813 ad
700 2754 731 2811 tc
752 2747 888 2813 scribam
908 2749 1001 2834 plura
1021 2759 1054 2816 et
1073 2750 1142 2837 ipse
1164 2771 1293 2838 operam
1317 2751 1409 2826 dabo.
1431 2763 1500 2819 teas

143 2855 178 2910 ut
196 2863 292 2930 quam
311 2843 450 2930 primum
464 2841 599 2908 videam.
642 2840 737 2919 Quod
757 2839 869 2907 acribia
889 2840 948 2907 tibi
965 2843 1113 2909 manendi
1127 2864 1254 2911 causam
1269 2865 1340 2912 eam
1354 2845 1462 2924 fuisse,

142 2947 177 3004 at
196 2958 250 3003 me
270 2937 473 3012 convenires.
494 2936 528 3002 id
549 2932 644 3011 mibi,
666 2955 706 2999 ne
727 2933 884 3010 mentiar,
906 2944 955 3001 est
974 2945 1108 3022 gratum.

632 3073 976 3161 amcam)

527 3189 670 3256 uanae
692 3189 725 3252 s.
746 3190 784 3251 n.
804 3190 865 3253 aa.
886 3190 1079 3256 ιιιιιιιιιο.

228 3315 258 3377 1.
280 3310 400 3377 Tralles
430 3308 503 3374 reni
531 3307 618 3389 1.,(1.
646 3326 694 3372 vr.
722 3306 877 3373 Kalendas
903 3307 1047 3375 Sextiles.
1089 3308 1138 3376 lbi
1159 3310 1237 3377 mibi
1257 3322 1384 3399 praesto
1405 3313 1501 3380 tutto

141 3408 176 3471 L.
200 3404 337 3471 Lucilius
359 3424 432 3470 cum
459 3402 572 3468 litteris
601 3399 817 3486 mandatisque
839 3400 919 3480 tuis3
948 3423 1012 3488 quo
1033 3401 1162 3489 quidem
1185 3404 1344 3471 bominem
1364 3407 1465 3472 nemi-

143 3519 216 3564 uem
237 3496 369 3584 potuisti
389 3517 449 3562 nec
468 3494 548 3561 mibi
569 3492 753 3559 amiciorem
774 3514 848 3568 nec,
870 3503 907 3560 ut
925 3495 1085 3572 arbitror,
1107 3497 1148 3562 ad
1168 3519 1205 3564 ea
1231 3498 1462 3586 cognoscenda,

141 3613 223 3679 quae
244 3593 326 3657 scire
356 3587 520 3664 volebam,
557 3586 713 3672 aptiorem
733 3586 1012 3672 prudentioremve
1037 3590 1173 3657 mittere.
1216 3597 1283 3679 Ego
1304 3603 1411 3658 autem
1433 3601 1464 3659 et

141 3696 213 3750 tuas
236 3684 357 3750 litteras
375 3682 438 3767 legi
457 3681 593 3746 libenter
612 3688 644 3744 et
662 3678 769 3745 audivi
790 3680 945 3747 Lucilium
968 3682 1145 3769 diligenter.
1188 3691 1289 3763 Nunc,
1312 3686 1461 3774 quoniam

141 3789 173 3843 et
194 3787 229 3843 tu
260 3777 306 3842 ita
332 3776 447 3851 sentis,
481 3810 522 3822 -
557 3772 669 3839 scribis
696 3773 800 3847 enim,
836 3795 917 3860 quae
947 3774 986 3840 de
1014 3777 1131 3842 nostris
1156 3779 1266 3844 officiis
1288 3801 1349 3865 ego
1371 3780 1409 3844 ad
1432 3788 1500 3845 teas

141 3869 341 3957 scripserim,
370 3866 428 3933 etsi
460 3866 518 3932 tibi
539 3864 674 3932 incunda
695 3863 831 3940 norint,
861 3874 980 3944 umen,
1013 3871 1161 3955 quoniam
1184 3872 1309 3937 exalto
1331 3872 1462 3958 repetita

141 3963 219 4038 sint,
242 3984 306 4028 non
326 3960 502 4027 necessaria
524 3968 555 4024 te
569 3966 696 4045 putasse
717 3987 758 4002 -·
781 3966 812 4023 ct
830 3979 971 4033 revera,
994 3962 1175 4030 confirmata
1196 3966 1332 4031 amicitia
1346 3976 1377 4031 et
1390 3988 1463 4053 per

140 4052 248 4143 specta
271 4054 349 4132 lide,
369 4051 627 4120 commemoratio
651 4050 826 4116 officiorum
849 4073 1079 4139 supervacanea
1100 4068 1148 4123 est
1169 4090 1225 4133 -,
1248 4080 1318 4125 eam
1339 4070 1461 4146 partem

140 4149 296 4217 metionis
316 4146 580 4236 praetermittam
600 4143 660 4210 tibi
688 4154 792 4209 tamen
812 4164 920 4229 agam,
941 4156 977 4212 nt
997 4146 1120 4225 debeo,
1149 4153 1274 4236 gratias.
1317 4153 1463 4219 Animad-

141 4244 223 4311 verti
244 4242 330 4309 enim
351 4251 384 4308 et
403 4240 499 4307 didici
521 4259 562 4304 ex
583 4237 646 4319 tpis
667 4236 780 4302 litteris
802 4243 832 4302 te
854 4237 1001 4306 omnibus
1022 4241 1055 4306 in
1076 4242 1174 4309 rebus
1197 4245 1343 4313 babuisse
1364 4249 1500 4313 ratio-ao

141 4359 231 4412 nun,
252 4346 290 4403 ut
312 4335 389 4402 mibi
418 4333 600 4400 consuleres
627 4330 913 4417 praestitueresquc
942 4343 974 4399 et
994 4356 1199 4422 praeparares
1225 4340 1461 4427 quodammodo

208 4556 235 4609 8.
255 4556 314 4622 tro
331 4555 361 4606 c.
380 4553 559 4617 Ροιιιριίιιᾶιιιιι
576 4549 710 4602 Oreitius:
730 4561 778 4614 ego
794 4549 884 4600 consol
898 4555 1056 4616 poncinum
1068 4555 1106 4615 Μ,
1118 4557 1175 4622 Epo
1188 4558 1218 4608 c.
1231 4559 1381 4610 emensa
1389 4559 1419 4610 lt.
1431 4583 1462 4595 -

140 4626 169 4679 l.
186 4626 343 4681 brunater
359 4637 401 4689 pr.
415 4622 456 4685 Μ,
472 4622 591 4672 arbitror
608 4632 680 4671 corr.
705 4617 744 4671 Μ.
763 4640 798 4654 -
831 4620 859 4671 e.
879 4628 904 4672 te
922 4623 1030 4674 Lentulo
1050 4624 1141 4675 Clodio
1157 4627 1195 4678 Μ.
1217 4651 1245 4663 -
1284 4629 1327 4680 1³.
1352 4636 1463 4692 porum

141 4698 186 4751 Μι
212 4704 309 4763 ροισι
332 4695 364 4747 ll.
394 4717 425 4730 -
462 4691 506 4743 11.
525 4699 550 4742 et
568 4690 656 4742 conari
672 4687 767 4756 poenae
784 4688 821 4739 Μ.
843 4714 874 4726 -
894 4692 936 4742 15.
956 4693 1003 4744 cn.
1023 4691 1065 4758 F.]
1084 4711 1163 4761 paam
1178 4697 1243 4762 [alm
1260 4698 1298 4751 u.
1317 4722 1350 4735 ..
1375 4700 1418 4749 22,
1438 4706 1463 4748 ,ι

142 4782 225 4820 m
240 4768 353 4819 ameum
370 4764 409 4817 M.
430 4787 459 4798 -
479 4762 525 4812 et.
544 4760 627 4811 Satri
645 4758 740 4808 Vb.-
771 4759 816 4809 Ξῖ.
835 4767 872 4810 eat
889 4769 997 4826 protom
1013 4764 1055 4816 Μι
1074 4773 1180 4830 protom
1197 4773 1235 4818 eat
1253 4767 1284 4819 ll.
1305 4790 1336 4803 -·
1355 4768 1399 4820 81.
1418 4769 1462 4818 bo·

141 4838 237 4889 m
257 4837 305 4890 Ιι
334 4829 639 4887 lamentatas.
660 4828 768 4889 tneo,
791 4830 817 4878 1.
846 4853 877 4866 -
922 4832 966 4883 35.
991 4834 1024 4883 de
1048 4848 1104 4886 om.
1128 4835 1165 4886 Μ.
1195 4862 1227 4871 -
1265 4837 1309 4889 ³8.
1336 4851 1463 4904 rapam.

142 4918 223 4963 Μ
238 4894 287 4961 Ua
311 4916 474 4971 mercae
491 4900 523 4953 ll.
541 4925 575 4937 -
610 4899 655 4951 ll.
673 4898 906 4964 mortuumque
922 4901 1060 4955 Orelltoaa
1078 4907 1275 4971 recensereque
1291 4907 1354 4960 111.
