3256 5400
182 233 245 294 206
610 229 884 294 llPlSTOLAllllbl
904 233 957 293 Al)
979 231 1070 296 ΕΔΜ.

183 385 265 460 dno,
295 407 376 472 quae
403 385 539 451 maxima
566 393 639 450 sunt
666 384 794 450 laudum
816 394 957 462 tuarum,
989 387 1061 472 quis
1081 398 1135 453 aut
1156 385 1304 454 libentius
1325 410 1422 476 qaam
1442 411 1504 476 ego

183 488 409 547 commemorat
436 487 490 544 ant
521 477 667 564 saepius?
708 488 738 544 te
771 487 803 543 et
831 500 894 544 non
923 480 1114 567 suscipiendi
1136 480 1211 546 belli
1235 482 1336 548 civilis
1358 482 1506 567 gravimi-

184 595 270 641 mum
301 582 463 639 auctorem
494 569 592 637 lauisse
621 579 651 636 el
673 569 885 637 moderandae
905 573 1073 650 victoriam
1095 574 1128 639 in
1145 595 1226 660 que,
1260 575 1316 661 qui
1337 574 1417 641 mibi
1439 597 1503 642 non

183 666 403 740 assentiretur,
425 665 531 730 inveni
552 664 720 730 neminem.
765 667 873 742 Quare
893 664 995 733 babeo
1016 669 1147 753 gratiam
1169 668 1333 742 Trebatio,
1356 668 1506 739 familiari
1556 728 1561 735 .

161 769 308 832 inostro,
338 758 392 844 qui
425 757 502 826 mibi
534 757 620 824 dedit
640 778 765 823 oausam
787 757 898 824 barum
920 759 1117 829 litterarum:
1145 761 1259 847 quibus
1280 761 1340 829 nisi
1361 761 1505 829 credide·

183 853 242 926 ris,
279 873 329 918 me
351 852 453 917 omnis
474 852 568 919 ellicii
597 859 628 916 et
658 851 856 918 humanitatis
877 864 1039 939 expertem
1060 853 1228 934 indicaris;
1260 878 1326 942 quo
1347 877 1408 923 uec
1427 856 1505 929 mibi
1604 929 1606 932 ,

181 945 308 1031 gravius
330 945 501 1032 quidquam
523 955 716 1032 potestesse
738 966 796 1010 nec
817 954 848 1010 te
869 947 1012 1014 alienius.

623 1117 766 1179 ranna
793 1118 846 1190 (A.
872 1117 904 1179 u.
927 1117 959 1180 e.
982 1117 1067 1202 no.)

609 1229 753 1291 narius
776 1229 959 1293 erosnonr
982 1231 1014 1293 s
1035 1234 1074 1294 n.

146 1379 172 1419 n
268 1355 297 1415 l.
319 1354 462 1433 Magnam
484 1345 674 1432 voluptatem
697 1366 737 1411 ex
759 1346 820 1412 tuis
841 1346 953 1413 litteris
974 1348 1063 1435 cepi,
1094 1349 1201 1437 quod,
1223 1372 1317 1439 quam
1339 1373 1502 1439 speraram

181 1454 275 1530 atque
297 1454 455 1529 optaram,
489 1437 605 1505 babere
627 1448 657 1505 te
679 1439 719 1505 de
740 1460 791 1505 mc
813 1440 995 1526 opinionem
1017 1444 1161 1528 cognovi.
1204 1450 1251 1511 Ite
1272 1466 1334 1532 qua
1356 1447 1416 1513 etsi
1438 1469 1502 1514 non

181 1536 383 1610 dubitabam,
416 1544 539 1608 tamen,
571 1534 645 1620 quia
671 1533 800 1599 maximi
831 1533 1050 1608 aestimabam,
1078 1547 1113 1602 ut
1134 1537 1315 1625 incorrupta
1337 1552 1501 1618 maneret,

182 1628 372 1695 laborabam.
429 1627 578 1694 Conscius
607 1635 712 1693 autem
744 1627 820 1693 milri
853 1648 938 1692 eram
970 1628 1048 1694 nihil
1078 1650 1168 1697 ame
1189 1634 1391 1698 murrinissum
1414 1656 1499 1712 esse,

180 1723 266 1811 quod
286 1721 362 1786 boni
383 1723 566 1808 cuiusquam
588 1719 761 1786 offenderet
784 1721 931 1785 animum.
975 1726 1022 1787 Eo
1048 1724 1151 1790 minus
1166 1726 1331 1791 credebam
1353 1728 1500 1813 plurimis

146 1824 273 1903 eatque
295 1815 422 1901 optimis
443 1814 562 1880 artibus
584 1824 696 1880 ornato
725 1813 782 1880 tibi
805 1825 923 1879 temere
945 1815 1114 1903 quidquam
1137 1819 1322 1904 persuaderi
1344 1824 1500 1908 potuisse,

179 1910 363 1996 praesertim
385 1909 417 1973 in
439 1930 532 1994 quem
554 1928 624 1973 mea
645 1928 802 1996 propensa
824 1918 856 1973 et
876 1919 1026 1995 perpetua
1052 1908 1164 1977 luisset
1185 1925 1278 1999 atque
1302 1926 1385 1982 esset
1406 1915 1502 1983 bene

179 2003 324 2068 volentia.
382 2002 475 2079 Quod
497 2001 664 2088 quoniam,
694 2009 729 2066 ut
751 2002 852 2074 volui,
875 2002 942 2067 scio
963 2023 1050 2076 esse,
1072 2005 1272 2092 respondebo
1294 2011 1500 2085 criminibus,

179 2096 293 2183 quibus
315 2106 348 2161 tu
369 2116 429 2181 pro
450 2114 522 2168 me,
544 2103 579 2160 ut
599 2115 657 2180 par
678 2105 745 2159 erat
769 2106 820 2159 tua
842 2094 993 2179 singulari
1015 2095 1157 2163 bonitate
1179 2110 1210 2164 et
1224 2101 1361 2168 amicitia
1381 2117 1499 2179 nostra,

178 2210 271 2276 saepe
299 2187 449 2253 restitisti.
507 2192 537 2253 3.
570 2192 649 2252 Nota
679 2189 761 2252 enirn
791 2187 868 2253 mibi
897 2198 983 2263 sunt,
1021 2210 1101 2276 quae
1122 2191 1155 2256 in
1188 2215 1238 2258 me
1264 2205 1336 2280 post
1357 2199 1500 2264 Caesaris

54 2311 60 2324 ·
141 2292 312 2352 aomortem
334 2281 531 2347 contulerint.
582 2281 667 2346 Vitio
688 2281 765 2346 mihi
787 2280 876 2355 dant,
910 2281 995 2368 quod
1017 2296 1151 2351 mortem
1174 2285 1309 2353 bominis
1330 2292 1500 2358 necessarii

178 2377 317 2463 graviter
346 2375 416 2441 lero
443 2385 536 2462 atque
564 2395 654 2448 eum,
688 2395 781 2461 quem
803 2374 922 2450 dilexi,
958 2375 1079 2462 perisse
1099 2377 1257 2464 indignor.
1299 2383 1392 2450 Aiunt
1414 2386 1498 2451 euim

177 2470 309 2559 patriam
332 2469 486 2535 amicitiae
506 2467 759 2554 praeponendam
781 2489 867 2542 esse,
890 2469 1024 2554 proinde
1046 2491 1082 2535 ac
1103 2471 1131 2536 si
1152 2472 1215 2538 iam
1230 2474 1362 2542 vicerint
1377 2479 1499 2547 obitum

177 2564 246 2630 eius
274 2563 321 2628 rei
351 2561 494 2647 publicae
522 2559 619 2626 fuisse
641 2560 760 2627 utilem.
819 2560 878 2626 Sed
902 2583 965 2627 non
986 2583 1076 2648 agam
1098 2574 1209 2630 astute.
1251 2571 1365 2636 Fateor
1386 2594 1437 2638 me
1459 2574 1499 2640 ad

176 2658 271 2723 isturn
293 2656 425 2742 gadum
447 2654 615 2742 sapientiae
637 2675 700 2719 non
722 2655 915 2740 pervenisse.
958 2661 1064 2743 Neque
1086 2657 1171 2723 enim
1193 2663 1356 2728 Caesarem
1380 2667 1412 2732 in
1435 2667 1500 2734 dis·

141 2751 324 2817 assensione
352 2749 436 2814 civili
463 2769 532 2813 sum
561 2756 702 2821 secutus,
740 2747 795 2812 sed
825 2748 976 2822 amicum,
1008 2771 1197 2838 quamquam
1223 2775 1260 2819 ra
1289 2757 1497 2834 ollendebar,

179 2855 280 2910 manen
303 2865 366 2908 non
396 2841 538 2919 deserui;
567 2861 669 2926 neque
691 2839 809 2906 bellurn
831 2862 968 2926 numam
983 2843 1076 2907 civile
1097 2854 1150 2909 ant
1171 2846 1265 2912 etiam
1287 2869 1412 2916 cansam
1434 2853 1500 2919 dis-

177 2938 331 3005 sensionis
352 2934 499 3022 probavi,
528 2953 622 3020 mam
643 2933 736 2999 etiam
758 2945 935 2999 nascentem
957 2936 1115 3020 exstingui
1137 2959 1258 3004 summe
1279 2942 1395 3008 studui.
1438 2949 1500 3011 lta-

177 3053 239 3118 que
262 3031 293 3095 in
315 3028 443 3094 victoria
474 3026 610 3092 hominis
632 3028 799 3092 necessarii
822 3049 924 3113 neque
946 3027 1076 3094 honoris
1098 3051 1200 3117 neque
1221 3035 1371 3119 pecuniae
1393 3036 1499 3104 dulce-

177 3123 250 3189 dine
271 3143 341 3187 sum
363 3133 487 3207 eaptns;
523 3119 638 3207 quibus
659 3121 808 3207 praemiis
830 3120 962 3207 reliqui,
998 3123 1100 3188 minus
1122 3124 1204 3211 apud
1226 3147 1299 3192 eum
1321 3150 1414 3216 quarn
1436 3152 1497 3218 ego

141 3239 248 3283 aecana
269 3224 412 3303 possent,
445 3214 652 3279 immoderate
684 3226 755 3280 sunt
783 3213 885 3279 abusi.
937 3223 1038 3302 Atque
1059 3217 1151 3282 etiam
1173 3240 1225 3284 res
1245 3220 1406 3289 familiaris
1427 3246 1496 3290 mea

178 3313 246 3398 lege
268 3308 407 3376 Caesaris
429 3307 587 3372 deminuta
611 3319 675 3380 est,
698 3310 787 3373 cuius
802 3307 955 3374 beneficio
978 3310 1140 3396 plerique,
1163 3313 1217 3398 qui
1233 3316 1374 3381 Caesaris
1394 3328 1496 3384 morte

176 3405 344 3476 laetantur,
366 3410 585 3466 remanserunt
605 3401 637 3466 in
660 3401 793 3467 civitate.
845 3400 972 3468 Civibus
995 3402 1083 3469 victis
1103 3415 1139 3469 ut
1160 3418 1362 3493 parceretur,
1395 3434 1496 3500 aeque

177 3521 213 3563 ac
234 3517 293 3583 pro
315 3517 383 3560 rnea
406 3495 504 3559 salute
526 3493 678 3560 laboravi.
722 3501 752 3560 3.
775 3500 904 3559 Possum
927 3496 1039 3582 igitur,
1063 3498 1116 3584 qui
1139 3519 1249 3565 omnes
1271 3503 1427 3570 voluerim
1450 3508 1497 3571 in·

177 3593 332 3661 colunias,
362 3611 451 3662 eum,
484 3607 587 3673 aquo
610 3587 641 3652 id
663 3588 862 3675 impetratum
883 3600 945 3664 est,
976 3591 1095 3676 perisse
1125 3612 1188 3657 non
1209 3593 1387 3680 indignari?
1423 3621 1495 3666 curn

142 3712 168 3750 aa
178 3685 361 3773 praesertim
393 3682 488 3747 iidem
517 3680 659 3746 bornines
686 3683 730 3748 illi
762 3693 793 3747 et
822 3681 957 3748 invidiae
990 3693 1022 3748 et
1050 3685 1149 3750 exitio
1177 3686 1303 3754 laedat
1346 3693 1496 3759 Plecteris

178 3801 269 3865 ergo,
303 3776 463 3864 inquiunt,
497 3774 645 3860 quoniam
668 3775 781 3842 lactum
808 3784 950 3840 nostrum
980 3777 1160 3864 improbare
1185 3781 1293 3848 audes.
1337 3788 1497 3872 Osuper·

177 3873 261 3938 biam
289 3870 473 3943 inauditam,
510 3868 589 3932 alios
610 3868 642 3932 in
665 3869 803 3934 facinore
826 3869 972 3953 gloriari,
1010 3871 1077 3937 aliis
1100 3894 1140 3938 ne
1161 3873 1269 3940 dolere
1290 3876 1416 3963 quidem
1437 3880 1497 3945 isn-

177 3966 284 4055 punite
314 3964 425 4029 licerel
460 3968 499 4027 nt
526 3961 604 4026 baec
631 3962 723 4026 etiarn
751 3962 851 4027 servis
878 3984 1003 4049 semper
1030 3964 1130 4030 bbere
1157 3966 1297 4043 inerunt,
1331 3972 1494 4048 timerent,

177 4059 365 4145 gauderent,
397 4057 540 4120 dolerent
561 4076 620 4120 suo
641 4056 746 4141 potius
768 4077 861 4142 quam
884 4057 1012 4123 alterius
1040 4058 1191 4135 arbitrio;
1225 4082 1305 4147 quae
1326 4087 1425 4140 nune,
1461 4079 1496 4133 ut

139 4179 166 4216 a·
177 4152 304 4239 quidem
335 4151 386 4215 isti
408 4150 547 4213 dictitant
570 4148 721 4214 libertatis
743 4160 906 4224 auctores,
943 4160 1030 4216 metu
1051 4151 1143 4217 nobis
1165 4163 1359 4241 extorquere
1380 4179 1496 4224 conan-

178 4256 237 4310 tur.
281 4244 342 4309 Sed
366 4243 441 4308 nihil
463 4252 568 4328 agunt.
626 4246 656 4307 l.
678 4243 798 4308 Nullius
819 4264 956 4330 unquam
979 4244 1111 4330 periculi
1133 4246 1308 4313 terroribus
1329 4250 1369 4315 ab
1390 4251 1495 4317 officio

176 4349 229 4402 aut
251 4336 289 4402 ab
311 4336 501 4402 burnunitate
530 4335 715 4414 descissam
745 4358 904 4423 nunquam
926 4336 1010 4402 enirn
1032 4336 1194 4403 honestam
1219 4351 1352 4406 mortem
1373 4342 1496 4427 sagien

176 4431 267 4503 dani,
296 4452 388 4516 saepe
409 4435 501 4494 etiarn
525 4429 730 4514 oppetendam
754 4430 873 4516 putavi.
917 4428 977 4495 Sed
998 4429 1074 4516 quid
1096 4430 1171 4496 mihi
1195 4446 1392 4509 succensent,
1415 4435 1439 4499 si
1462 4434 1495 4501 id

245 4649 271 4699 3.
292 4662 371 4710 saper
388 4647 425 4697 tt.
448 4672 477 4683 -
514 4648 541 4696 'l.
562 4654 587 4697 te
604 4648 647 4698 M:
666 4662 684 4697 c
703 4655 727 4698 ta
746 4648 776 4697 ll.
801 4671 834 4684 -
869 4647 913 4696 10.
931 4642 1020 4710 quam]
1039 4660 1097 4695 cam
1116 4647 1153 4699 Μ.
1175 4674 1204 4686 -
1243 4650 1285 4700 17.
1306 4653 1430 4713 quoniam
1448 4652 1493 4702 M:

175 4721 282 4783 quondo
301 4719 330 4767 ll.
352 4741 383 4754 -
420 4717 465 4765 22.
483 4719 589 4779 patrias
605 4719 750 4767 amicitiam
767 4717 980 4779 proeprmendam
998 4715 1041 4774 M,
1058 4720 1165 4778 patmos
1182 4720 1328 4769 amicitiam
1339 4730 1495 4783 postponen-

176 4791 238 4838 dam
258 4789 280 4838 l.
302 4789 344 4837 Fr.
370 4787 532 4836 Gronovius.
554 4811 585 4824 -
620 4790 710 4838 eturtt
729 4787 765 4838 ld-
790 4811 817 4822 -
856 4787 900 4836 33.
919 4788 1045 4849 quoniam
1063 4785 1110 4838 lde
1128 4803 1207 4852 qaam
1226 4790 1256 4839 ll.
1278 4816 1309 4826 -
1340 4792 1431 4841 audies
1451 4805 1493 4855 pr.

177 4859 214 4909 bl.
236 4883 264 4894 -
303 4858 347 4909 37.
366 4860 470 4920 impunc
488 4857 554 4909 Cod.
573 4857 646 4922 Lips.
669 4883 697 4894 -
735 4856 779 4906 38.
798 4857 871 4908 Fert.
888 4857 1214 4920 [commitivam.
1232 4860 1315 4912 arn.
