3256 5400
547 245 622 310 nu
641 246 682 311 V.
722 245 783 312 BP.
806 246 857 312 to.
880 246 931 312 ll.
951 247 1004 312 12.
1414 248 1462 312 'lb

127 394 266 464 babuisti
284 397 381 465 modo
402 400 550 485 gratim,
572 423 684 469 verum
707 402 802 469 etiam
825 403 1070 470 cumulatissime
1092 402 1250 470 rettulisti.
1293 403 1457 481 Quamob-

128 511 197 556 rem
217 490 350 580 reliquis
370 494 433 559 tuis
455 493 552 560 rebus
573 495 720 563 omnibus
741 497 810 584 pari
831 519 883 563 me
903 498 1009 565 studio
1023 519 1099 584 erga
1119 509 1151 564 te
1167 510 1199 563 et
1218 497 1329 563 eadem
1345 499 1457 564 voluis·

127 595 191 652 tate
211 606 392 673 cognosces.
435 593 465 654 2.
489 589 584 668 Quod
605 591 682 657 mibi
704 589 853 656 seminam
874 591 1071 676 primariam,
1093 591 1296 678 Pompeiam,
1318 613 1456 659 uxorem

128 687 231 754 tuam,
252 680 469 757 commendas,
492 703 563 747 cum
586 687 667 749 Sura
681 695 791 750 nostro
806 685 909 750 statim
928 684 990 751 tuis
1005 685 1118 751 litteris
1132 685 1220 751 lectis
1234 685 1358 753 locutus
1374 708 1455 763 sum,

129 782 165 839 ut
178 774 209 839 ei
223 775 303 840 meis
324 775 430 842 verbis
445 776 581 854 diceret,
602 790 651 854 ut,
674 777 828 866 quidquid
849 798 929 864 opus
945 789 1044 854 emet,
1066 778 1144 844 mibi
1165 779 1382 857 denuntiaret;
1404 795 1480 846 mes

128 866 251 942 omnia,
287 891 368 955 quae
390 892 427 936 ea
449 871 556 945 vellet,
588 892 712 938 summo
733 872 839 939 studio
859 894 999 961 curaque
1020 872 1192 939 iacturum:
1214 873 1321 959 itaque
1342 873 1456 940 luciam

128 981 276 1048 eamque,
312 963 339 1029 si
366 984 447 1050 opus
471 985 540 1030 esse
561 965 735 1041 videbitur,
768 967 837 1053 ipse
866 967 1061 1033 conveniam.
1111 970 1158 1032 Tu
1181 974 1285 1031 tamen
1307 966 1338 1032 ei
1358 967 1456 1033 velim

128 1053 265 1131 scribas,
300 1064 336 1122 ut
361 1057 477 1123 nullam
503 1078 572 1123 rem
598 1080 701 1147 neque
730 1069 793 1126 tnm
813 1080 958 1146 magnam
986 1081 1089 1148 neque
1112 1070 1176 1126 tam
1197 1080 1328 1146 parvam
1351 1068 1455 1145 putet,

128 1169 209 1236 quae
230 1149 308 1215 mibi
328 1159 382 1216 aut
409 1150 545 1218 difficilis
570 1163 625 1219 aut
641 1173 755 1240 parum
785 1174 837 1218 me
853 1153 949 1239 digna
970 1152 1126 1221 videatur.
1170 1153 1297 1229 Omnia,
1320 1154 1457 1239 quaein

129 1243 190 1309 tuis
210 1243 309 1311 rebus
336 1264 442 1330 agaim
473 1255 505 1312 et
527 1267 591 1312 non
618 1247 777 1314 laboriosa
798 1247 876 1313 mibi
895 1258 926 1314 et
950 1246 1080 1313 honesta
1103 1243 1304 1312 ridebuntur.
1357 1252 1387 1313 3.
1409 1251 1496 1314 Des·

128 1336 297 1426 Dionysio,
318 1337 346 1403 si
356 1359 408 1403 me
421 1359 523 1414 amas,
545 1339 674 1406 confice.
718 1343 944 1428 Quamcunque
960 1341 992 1407 ei
1006 1339 1100 1406 fidem
1110 1338 1255 1415 dederis,
1277 1339 1455 1424 praestabo.

130 1431 164 1496 Si
182 1451 262 1497 vero
282 1431 446 1518 improbus
466 1432 579 1506 fuerit,
601 1442 637 1499 ut
657 1444 720 1509 est,
741 1434 838 1499 duces
857 1457 931 1501 eum
953 1435 1110 1521 captivum
1130 1434 1163 1499 in
1181 1433 1352 1519 triumpho.
1382 1433 1458 1499 Dal·

130 1525 220 1590 matis
243 1524 287 1590 dii
315 1525 396 1591 male
423 1525 553 1601 iaciant,
587 1527 644 1614 qni
665 1526 722 1593 tibi
748 1529 873 1595 molesti
901 1533 989 1595 suntl
1027 1527 1106 1604 Sed,
1135 1535 1171 1593 ut
1200 1525 1328 1600 scribis,
1365 1524 1457 1593 brevi

129 1618 291 1705 rapientur
324 1629 357 1684 et
383 1619 584 1687 illustrabunt
618 1643 670 1687 res
705 1631 776 1688 tuas
813 1630 938 1708 gestas,
971 1641 1097 1709 semper
1135 1619 1219 1685 euim
1254 1618 1353 1685 babiti
1384 1627 1457 1686 sunt

130 1709 281 1779 bellicosi.
1467 1728 1495 1774 ¹⁸

600 1856 672 1918 m.
715 1852 764 1937 (A.
790 1857 822 1921 c.
845 1856 878 1921 c.
900 1852 985 1939 cos.)

447 1971 488 2034 bl.
512 1969 655 2034 CICERO
678 1969 709 2032 S.
731 1971 770 2032 D.
790 1971 826 2033 Ι..
847 1969 1016 2034 LUCCEIO
1039 1969 1079 2045 Q.
1100 1971 1134 2034 F.

215 2091 379 2155 beorum
404 2108 455 2152 me
479 2095 584 2154 tecum
614 2087 725 2154 eadem
751 2087 829 2153 baec
853 2108 949 2174 agere
977 2107 1072 2174 saepe
1103 2098 1267 2154 conantem
1303 2086 1457 2154 deterruit

129 2179 232 2267 pndor
253 2180 379 2268 quidam
392 2202 492 2268 paene
512 2180 725 2260 subrusticus;
747 2203 829 2269 quae
850 2203 934 2248 nunc
947 2203 1133 2269 expromam
1155 2182 1267 2249 absens
1288 2180 1455 2247 audacius:

130 2272 260 2360 epistola
282 2274 367 2340 enim
388 2296 452 2341 non
474 2274 641 2341 erubescit
683 2274 789 2341 Ardeo
810 2275 979 2362 cupiditate
1000 2275 1179 2341 incredibili
1201 2298 1320 2364 neque,
1343 2287 1379 2342 ut
1394 2295 1494 2362 eguso

129 2365 289 2442 arbitror,
318 2369 594 2455 reprehendenda,
623 2390 739 2435 nomen
755 2378 793 2435 ut
813 2380 955 2436 nostrum
977 2370 1103 2456 scriptis
1124 2369 1299 2436 illustretur
1321 2380 1353 2436 et
1374 2369 1457 2435 cele·

129 2459 239 2527 bretnr
268 2463 341 2529 tuis.
394 2463 489 2542 Quod
509 2462 569 2529 etsi
590 2463 668 2529 mibi
697 2483 791 2548 saepe
817 2463 957 2529 ostendis
988 2473 1020 2528 te
1041 2484 1110 2529 esse
1143 2461 1317 2539 iacturum,
1353 2472 1456 2527 tamen

129 2553 272 2639 ignoscas
292 2556 387 2622 velim
417 2556 489 2623 buic
515 2556 707 2623 festinationi
735 2577 835 2622 meae.
880 2561 985 2623 Genus
1010 2556 1096 2622 enim
1114 2556 1305 2643 scriptorum
1327 2566 1457 2621 tuorum

130 2647 188 2714 etai
208 2656 277 2715 crat
296 2670 422 2737 semper
443 2671 462 2715 a
481 2671 533 2716 me
557 2650 760 2715 vehementer
784 2658 1015 2737 exspectatum,
1045 2659 1149 2716 tumen
1172 2651 1248 2716 vicit
1272 2648 1456 2735 opinionem

129 2763 231 2808 meam
251 2764 366 2830 meque
387 2744 430 2809 ita
449 2745 501 2811 vel
521 2744 604 2830 cepit
622 2745 673 2809 vel
697 2743 852 2818 incendit,
882 2753 919 2809 ut
937 2765 1086 2830 cuperem
1105 2765 1200 2830 quam
1220 2743 1385 2810 celerrime
1402 2761 1494 2808 resse

130 2845 252 2902 nostras
276 2838 488 2903 monumentis
513 2837 727 2903 commendari
752 2836 825 2902 tuis.
878 2842 987 2925 Neque
1012 2838 1096 2903 enim
1120 2858 1171 2902 me
1193 2838 1296 2904 solnm
1318 2855 1458 2902 comme·

129 2930 264 2995 moratio
290 2931 482 3016 posteritatis
510 2930 550 2996 ad
577 2951 665 3018 spem
697 2929 854 3018 quandam
876 2929 1119 2997 immortalitatis
1147 2932 1246 3018 rapit,
1286 2930 1458 2998 sedetiam

129 3023 182 3088 illa
201 3022 372 3109 cupiditas,
400 3033 436 3091 ut
452 3024 504 3091 vel
528 3025 713 3091 auctoritate
734 3024 907 3090 testimonii
932 3025 978 3090 tui
1003 3025 1054 3091 rel
1077 3025 1196 3091 indicio
1217 3024 1457 3092 benevolentiae

129 3117 180 3183 vel
198 3117 351 3183 suavitate
372 3118 490 3204 ingenii
511 3118 575 3184 vivi
595 3118 806 3205 perfruamur.
849 3122 881 3184 2.
909 3123 1016 3205 Neque
1036 3127 1156 3193 tamen,
1191 3118 1269 3184 baec
1287 3138 1359 3184 cum
1381 3116 1459 3183 seri·

128 3207 260 3286 bobum
295 3232 384 3276 eram
404 3212 545 3288 nescius,
577 3212 701 3300 quantis
723 3211 874 3278 oneribus
900 3232 1083 3297 premerere
1112 3223 1328 3299 susceptarum
1345 3231 1495 3277 remmso

129 3314 162 3369 et
184 3303 246 3369 iam
268 3304 499 3383 instituturum
531 3305 587 3370 sed
612 3306 687 3391 quia
716 3305 860 3371 videbam
885 3305 983 3371 italici
1012 3304 1086 3371 belli
1112 3314 1145 3370 et
1168 3306 1268 3371 civilis
1290 3303 1456 3369 historiam

128 3397 191 3463 iam
211 3418 230 3462 a
251 3406 283 3462 te
307 3418 408 3485 paene
429 3419 499 3463 esse
519 3399 709 3484 perlectam,
743 3399 870 3464 dixeras
891 3408 995 3463 antem
1021 3399 1098 3464 mibi
1120 3409 1150 3465 te
1172 3399 1310 3485 reliquas
1335 3418 1387 3462 res
1402 3416 1456 3462 or·

129 3490 207 3566 diri,
241 3488 350 3557 deesse
375 3491 452 3557 mibi
471 3492 576 3567 nolui,
609 3492 685 3579 quin
703 3502 734 3556 te
756 3493 975 3566 admonerem,
997 3501 1033 3557 ut
1056 3493 1229 3578 cogitares,
1252 3490 1458 3556 coniunctene

129 3584 237 3650 malles
259 3605 331 3649 cum
356 3585 487 3671 reliquis
506 3584 603 3650 rebus
627 3596 735 3651 nostra
755 3595 944 3659 contexere,
975 3607 1029 3659 an,
1065 3596 1102 3651 ut
1122 3585 1212 3650 multi
1241 3585 1353 3652 Graeci
1374 3584 1458 3649 lece·

128 3686 220 3754 runt,
243 3678 446 3745 Callisthenes
467 3678 652 3761 †Tr0icum
676 3678 811 3753 bellum,
835 3680 981 3745 Timaeus
999 3679 1128 3768 Pyrrhi,
1150 3678 1299 3767 Polybius
1319 3683 1497 3744 Nmnauss

129 3772 246 3845 tinum,
269 3771 324 3858 qui
341 3791 451 3837 omnes
471 3772 669 3859 aperpetuis
691 3773 757 3838 suis
778 3772 919 3839 historiis
941 3793 994 3846 ea,
1018 3793 1099 3860 quae
1118 3771 1200 3847 dixi,
1223 3771 1307 3838 bella
1331 3791 1457 3858 separa-

130 3873 258 3940 verunt,
281 3874 316 3931 tu
337 3885 464 3952 quoque
488 3865 562 3932 item
583 3866 708 3932 civilem
733 3867 985 3933 coniurationem
1004 3865 1045 3930 ab
1065 3864 1231 3931 bostilibus
1254 3863 1457 3950 externisque

130 3957 221 4024 bellis
245 3959 422 4042 seiungere.
477 3959 632 4046 Equidem
664 3960 702 4026 ad
734 3969 874 4026 nostram
896 3959 1020 4025 laudem
1046 3982 1109 4025 non
1134 3958 1268 4024 multum
1289 3957 1384 4023 video
1409 3956 1458 4020 in·

128 4062 266 4129 teresse3
288 4050 344 4116 sed
361 4051 402 4117 ad
424 4054 678 4140 properationem
696 4075 798 4120 meam
817 4053 967 4141 quiddam
990 4054 1120 4119 interest
1140 4072 1203 4118 non
1227 4062 1258 4116 te
1278 4059 1457 4137 expectare,

130 4144 203 4210 dum
225 4144 265 4210 ad
287 4145 391 4211 locum
408 4147 532 4221 venias,
555 4167 592 4211 ac
612 4146 715 4212 statim
741 4169 866 4214 eausam
887 4146 971 4213 illam
989 4157 1087 4213 totam
1106 4156 1137 4211 et
1159 4156 1283 4231 tempus
1304 4142 1497 4228 arriperess

130 4243 169 4304 Et
189 4238 298 4314 simul,
320 4239 348 4305 si
369 4261 434 4305 uno
453 4238 486 4305 in
511 4251 695 4326 argaunento
709 4263 833 4329 unaque
855 4242 887 4306 in
901 4261 1037 4327 persona
1057 4261 1145 4306 mens
1160 4248 1214 4305 tua
1228 4247 1293 4305 tota
1314 4234 1456 4303 versabi-

131 4340 197 4407 tur,
218 4351 317 4398 cerno
333 4332 397 4398 iam
416 4333 538 4407 animo,
561 4344 677 4420 quanto
699 4335 804 4399 omnia
817 4333 968 4400 uberiora
982 4345 1075 4422 atque
1089 4334 1250 4399 ornatiora
1266 4332 1372 4397 futura
1386 4329 1459 4394 sint.

199 4542 227 4591 2.
246 4543 277 4591 tss
293 4542 400 4607 rstiqsss's
416 4541 666 4606 Martynldugnns.
705 4543 760 4593 Cir.
782 4544 860 4594 fland
880 4545 960 4593 Turs.
981 4543 1031 4593 lll.
1052 4558 1078 4607 p.
1098 4544 1161 4593 352.
1190 4565 1222 4578 -
1258 4541 1285 4591 5.
1304 4545 1334 4589 ast
1351 4545 1377 4588 st
1394 4537 1459 4587 ansis

133 4610 170 4661 ll.
203 4637 232 4648 -
271 4611 298 4661 5.
317 4626 384 4676 quos
403 4612 478 4662 estut
502 4617 613 4663 auctore
638 4613 762 4663 Ernestlo
781 4613 819 4674 (et
838 4615 932 4663 ,lanbr-
950 4611 993 4675 d.)
1011 4613 1165 4664 Scbtttslus.
1196 4633 1223 4648 -
1259 4611 1304 4660 12.
1324 4609 1460 4671 capricum

134 4681 245 4731 seclusit
264 4681 296 4731 B.
316 4707 346 4718 -
374 4682 418 4731 ἥ.
439 4684 576 4732 coenaturi
594 4690 620 4733 ts
638 4683 754 4733 malebat
773 4684 923 4734 Ernestius.
945 4709 975 4720 -
1002 4684 1046 4734 35.
1069 4676 1199 4742 Troicum]
1218 4681 1283 4741 teg.
1304 4678 1458 4728 Cstsoicassss.

135 4749 191 4802 Cir.
221 4751 380 4802 Athenaeus
407 4751 483 4803 xus.
512 4752 564 4804 bbt)
592 4753 623 4803 C.
651 4753 703 4802 Oa.
744 4779 771 4790 -
823 4754 867 4803 38.
894 4755 1039 4817 sciuopsras
1069 4753 1106 4803 lt.
1137 4774 1168 4788 ·-
1222 4749 1339 4813 squidem
1361 4755 1391 4798 sst
1414 4759 1460 4797 ssc-

134 4829 218 4874 sssucs
237 4821 274 4872 ld.
304 4846 336 4860 -
372 4821 416 4872 bt).
435 4819 508 4887 dum]
532 4823 612 4874 dcssse
637 4823 745 4874 lentina
763 4829 791 4875 et
808 4824 1004 4885 Cratandrina,
1037 4824 1168 4887 probante
1192 4818 1300 4871 blandis
1318 4817 1399 4869 Tuas.
1419 4814 1460 4868 tl.
