3256 5400
631 240 706 303 LlB.
737 239 808 304 ΧΠ.
848 240 910 304 ΕΡ.
932 239 983 305 li.
1402 249 1462 311 217

149 392 232 465 allae
259 392 406 480 privatim
427 393 562 460 iniuriae
582 416 741 480 unquam:
770 395 869 462 malus
890 397 1012 464 animus
1033 419 1145 464 eorum
1166 397 1199 466 in
1220 411 1327 468 nostra
1351 405 1465 480 saluta,

149 486 302 572 cupiditas
323 487 457 573 partium
483 489 634 564 aliarum,
667 491 901 577 perseverantia
926 490 960 556 in
980 493 1211 579 contemptione
1232 496 1342 582 optimi
1364 499 1468 563 cuius-

148 601 210 667 qne
248 579 377 645 ferenda
408 582 483 648 mibi
514 605 577 649 non
606 584 674 650 luit.
727 590 790 650 Nec
825 594 928 651 umen
965 606 1074 652 omnes
1104 587 1243 674 perditos
1275 610 1344 655 esse
1372 600 1465 677 puto;

148 673 205 739 sed
225 673 321 739 iidem
353 674 415 748 illi,
449 677 503 763 qui
534 686 599 741 tum
634 677 803 764 fugientem
832 687 953 766 patrem
976 699 1094 755 meum,
1131 681 1185 767 qui
1215 687 1249 747 L.
1283 685 1465 760 Lentulum,

148 769 203 855 qui
231 773 414 854 Pompeium
422 800 436 844 ,·
471 770 526 856 qui
555 780 678 838 ceteros
708 773 794 839 viros
820 772 1010 838 clarissimos
1035 794 1098 838 non
1127 785 1333 862 receperunt,
1372 777 1491 843 iidems

147 871 305 947 umquam
337 863 443 950 aliquo
471 863 534 928 lato
566 873 598 929 et
629 887 711 930 nunc
741 874 795 931 aut
825 866 1038 952 magistratum
1072 877 1185 952 gerunt
1215 879 1269 934 aut
1296 889 1368 944 eos,
1413 870 1468 957 qui

147 965 220 1020 sunt
252 955 285 1020 in
318 957 514 1040 magistratu,
552 957 584 1022 in
613 980 669 1025 sua
704 959 820 1025 babent
852 968 1014 1047 potestate.
1077 966 1185 1049 ltaque
1214 962 1323 1029 eadem
1359 985 1468 1050 super-

148 1047 199 1115 bia
221 1049 253 1114 in
275 1049 427 1137 pravitate
457 1061 596 1116 utuntur.
655 1055 797 1131 Quorum
828 1053 1061 1140 improbitatem
1088 1055 1256 1142 aliquando
1283 1057 1407 1123 retundi
1436 1066 1468 1123 et

147 1164 211 1209 non
238 1143 302 1229 pati
332 1143 514 1229 impunitate
543 1145 652 1230 augeri
680 1169 744 1213 non
779 1148 881 1214 solum
907 1146 983 1212 utile
1017 1156 1065 1213 est
1091 1150 1138 1213 rei
1169 1143 1312 1236 publicae
1340 1159 1466 1215 nostrae

147 1237 203 1303 sed
239 1237 332 1302 etiam
366 1238 585 1307 necessarium.
637 1242 669 1305 4.
700 1241 748 1307 De
779 1250 885 1307 nostra
924 1240 1070 1326 dignitate
1104 1243 1199 1309 velim
1231 1240 1287 1308 tibi
1316 1251 1351 1309 nt
1386 1265 1505 1310 sem-ro

147 1351 205 1416 per
231 1351 326 1395 curae
356 1330 396 1395 sit
427 1341 477 1406 et,
518 1353 708 1420 quocunque
747 1344 889 1422 tempore
921 1334 1117 1400 occasionem
1153 1334 1319 1410 habueris,
1366 1347 1397 1403 et
1432 1342 1465 1402 iu

147 1435 256 1491 senatu
293 1435 324 1491 et
354 1426 466 1491 ceteris
496 1427 591 1493 rebus
626 1427 710 1494 laudi
742 1437 867 1494 nostrae
897 1427 1080 1514 suffragere.
1143 1429 1300 1507 Quoniam
1330 1430 1466 1497 oonsuli-

146 1517 206 1584 bus
226 1519 349 1585 decreta
380 1531 428 1586 est
454 1521 525 1586 Asia
547 1530 578 1586 et
598 1522 786 1608 permissum
808 1533 855 1589 est
876 1522 934 1598 iis,
966 1532 1020 1597 ut,
1053 1523 1128 1588 dum
1148 1523 1209 1609 ipsi
1237 1522 1389 1598 venirent,
1413 1523 1466 1588 da·

146 1623 217 1677 rent
238 1614 412 1698 negotium,
448 1615 503 1701 qui
530 1620 634 1681 Asiam
665 1615 844 1691 obtineant,
877 1626 1029 1700 rogote,
1065 1628 1153 1704 petas
1174 1617 1213 1683 ab
1234 1618 1293 1695 iis,
1330 1627 1366 1684 ut
1386 1617 1465 1682 bane

146 1706 325 1791 dignitatem
346 1708 541 1792 potissimum
566 1709 658 1774 nobis
679 1707 817 1775 tribuant
838 1719 870 1775 et
891 1711 967 1776 mihi
993 1710 1067 1776 dent
1091 1712 1269 1796 negotium,
1303 1721 1340 1777 ut
1360 1711 1464 1777 Asiam
1478 1730 1503 1775 ra

146 1798 318 1876 obtineam,
348 1801 424 1867 dum
452 1802 593 1889 ipsorum
621 1804 772 1869 alteruter
793 1804 887 1871 venit
929 1810 1022 1882 Nam,
1052 1806 1139 1893 quod
1158 1806 1220 1872 buc
1239 1813 1410 1893 properent
1430 1802 1464 1868 in

145 1895 329 1979 magistratu
351 1896 459 1962 venire
480 1906 535 1962 aut
555 1898 729 1963 exereitum
750 1897 894 1974 mittere,
917 1920 1043 1964 causam
1057 1921 1120 1966 non
1136 1899 1261 1966 habent.
1303 1896 1463 1964 Dolabella

145 1988 282 2053 enimin
310 1990 400 2078 Syria
420 1999 483 2066 est,
519 1998 610 2055 et-
633 2000 667 2056 ut
689 2001 723 2056 tu
745 1989 849 2057 divina
871 2000 924 2058 tua
944 2002 1048 2058 mente
1069 1994 1260 2081 prospexisti
1289 2003 1320 2057 et
1341 1989 1465 2077 praedi·

144 2082 222 2146 casti
254 2112 293 2126 -
323 2083 398 2148 dum
419 2084 471 2149 isti
497 2089 639 2159 veniunt,
671 2085 795 2152 Cassius
822 2107 894 2151 oum
925 2087 1092 2173 opprimet.
1145 2089 1298 2153 Exclusus
1320 2085 1402 2150 enim
1424 2083 1464 2149 ab

145 2176 314 2242 Antiochea
333 2177 495 2243 Dolabella
516 2178 600 2244 etin
621 2178 832 2265 oppugnando
854 2179 934 2245 male
956 2190 1117 2268 acceptus,
1140 2181 1223 2246 nulla
1245 2181 1307 2247 alia
1328 2179 1504 2245 conlisnsso

144 2268 245 2345 urbe,
277 2270 479 2347 Laodiceam,
508 2293 589 2359 quae
618 2272 723 2338 estin
753 2273 842 2361 Syria
863 2273 904 2338 ad
925 2295 1027 2348 mare,
1064 2296 1097 2339 se
1118 2275 1257 2341 contulit.
1299 2274 1347 2340 lbi
1369 2293 1464 2360 spero

144 2363 291 2429 celeriter
318 2386 390 2430 eum
411 2386 529 2452 poenas
549 2365 712 2446 daturum;
744 2388 815 2431 nam
836 2388 954 2454 neque,
976 2389 1041 2455 quo
1058 2367 1207 2454 refugiat,
1230 2368 1339 2440 habet,
1362 2386 1463 2453 neque

145 2456 263 2524 diutius
285 2456 329 2523 ibi
355 2460 471 2545 poterit
494 2469 612 2526 tantum
634 2461 807 2526 exereitum
830 2463 927 2527 Cassii
948 2462 1112 2527 sustinere.
1166 2467 1267 2548 Spero
1282 2460 1375 2526 etiam
1391 2480 1466 2525 con-

144 2549 261 2616 lectum
284 2573 354 2617 esse
374 2552 436 2618 iam
458 2562 490 2619 et
516 2574 702 2640 oppressum
723 2552 927 2620 Dolabellam.
969 2559 1000 2620 5.
1023 2557 1129 2632 Quare
1151 2577 1215 2620 non
1235 2564 1312 2641 puto
1333 2560 1464 2619 Pansam

143 2652 176 2709 et
195 2645 333 2711 Hirtium
362 2645 395 2711 in
425 2648 588 2713 consulatu
618 2656 844 2734 properaturos
865 2646 897 2711 in
918 2647 1097 2733 provincias
1123 2649 1233 2724 exire,
1269 2648 1325 2713 sed
1345 2654 1504 2714 nomnen

143 2748 269 2804 acturos
292 2739 497 2807 consulatum.
539 2746 662 2828 ltaque,
695 2741 722 2806 si
744 2739 784 2806 ab
806 2744 844 2806 iis
864 2740 1008 2827 petieris,
1031 2750 1076 2806 >ut
1096 2741 1216 2806 interea
1237 2740 1328 2806 nobis
1350 2761 1465 2826 procu·

143 2833 297 2901 rationem
319 2835 410 2899 Asiae
432 2835 521 2911 dent,
551 2857 645 2923 spero
673 2844 704 2901 te
725 2855 818 2922 posse
839 2839 1018 2920 impetrare.
1060 2840 1227 2901 Praeterea
1247 2834 1325 2900 mibi
1345 2834 1465 2920 promi·

143 2935 253 2993 serunt
279 2933 377 2995 Pansa
398 2937 429 2994 et
456 2929 576 2996 Hirtius
605 2951 711 2995 coram
740 2937 772 2993 et
799 2926 919 2992 absenti
944 2928 1022 2994 mibi
1041 2929 1254 3015 scripserunt,
1286 2929 1464 3014 Verrioque

142 3030 254 3088 nostro
273 3028 372 3088 Pansa
393 3022 558 3088 affirmavit
578 3045 613 3089 se
634 3024 779 3089 daturum
802 3043 948 3109 operam,
983 3043 1024 3087 ne
1051 3023 1085 3087 in
1114 3043 1173 3090 suo
1202 3022 1365 3088 consulatu
1387 3019 1464 3084 mibi

143 3115 338 3182 succedatur.
384 3121 452 3202 Ego
477 3138 576 3203 porro
597 3138 661 3184 non
688 3116 903 3183 mediusfidius
926 3115 1095 3202 cupiditate
1130 3115 1313 3204 provinciae
1331 3112 1462 3201 produci
1475 3129 1502 3169 ω

143 3209 268 3295 longius
290 3211 424 3297 spatium
451 3211 528 3276 mibi
546 3212 636 3290 volo;
667 3233 741 3276 nam
758 3209 836 3275 milri
863 3209 923 3275 fuit
948 3209 1008 3275 ista
1029 3209 1190 3297 provincia
1209 3209 1302 3296 plena
1327 3205 1463 3284 laboris,

143 3303 291 3390 periculi,
325 3303 520 3384 detrimenti;
556 3327 637 3393 quae
669 3326 729 3391 ego
750 3326 790 3369 ne
811 3303 928 3369 frustra
950 3301 1102 3369 subierim
1122 3325 1202 3369 neve
1223 3303 1331 3390 prius,
1368 3320 1463 3386 quam

142 3398 293 3484 reliquias
321 3419 409 3463 meae
437 3399 616 3485 diligentiae
644 3419 842 3485 consequar,
878 3397 1033 3463 decedere
1062 3418 1176 3482 cogar,
1212 3396 1303 3462 valde
1340 3393 1463 3459 laboro.

141 3495 233 3565 Nam,
268 3491 295 3556 si
315 3493 502 3578 potuissem,
533 3515 627 3581 quam
649 3514 818 3578 exegeram
837 3491 1022 3578 pecuniam,
1043 3492 1221 3556 universam
1243 3489 1384 3560 mittere,
1406 3507 1462 3574 po·

141 3585 310 3661 stularem,
333 3595 367 3651 ut
388 3586 465 3651 mibi
486 3587 726 3665 succederetur;
748 3607 846 3661 nunc,
869 3584 954 3670 quod
969 3588 1077 3652 Cassio
1096 3584 1185 3661 dedi,
1208 3584 1293 3670 quod
1313 3581 1463 3650 Trebonii
1475 3604 1504 3648 aa

142 3688 244 3745 morte
265 3679 446 3756 amisimus,
475 3679 562 3766 quod
583 3681 675 3746 etiam
697 3680 882 3746 erudelitate
903 3678 1084 3745 Dolabellae
1105 3687 1158 3745 aut
1178 3676 1309 3765 perlidia
1330 3697 1460 3752 eorum,

141 3771 197 3859 qui
218 3771 312 3838 fidem
333 3773 411 3838 mibi
431 3773 541 3861 reique
555 3773 699 3861 publicae
714 3795 778 3839 non
793 3774 1033 3860 praestiterunt,
1056 3772 1089 3837 id
1109 3773 1259 3859 consequi
1281 3780 1312 3836 et
1328 3770 1459 3835 relicom

141 3866 230 3943 volo;
253 3866 338 3952 quod
360 3868 451 3932 aliter
471 3890 534 3934 uon
555 3878 658 3955 potest
678 3868 764 3942 lieri,
786 3867 846 3933 nisi
868 3868 1002 3955 spatium
1022 3866 1176 3933 habuero.
1218 3866 1269 3939 ld,
1290 3873 1326 3930 ut
1346 3884 1404 3950 per
1425 3872 1456 3928 ta

141 3980 332 4044 consequar,
361 3961 471 4037 velim,
507 3971 542 4028 ut
568 3963 668 4036 solet,
702 3961 759 4028 tibi
791 3983 886 4026 curae
914 3961 964 4027 sit.
1007 3966 1037 4026 6.
1059 3965 1198 4046 Egome
1220 3960 1259 4025 de
1281 3955 1462 4044 republica

141 4059 218 4138 puto
247 4073 316 4118 esse
347 4055 509 4130 meritum,
542 4065 660 4122 utnon
681 4055 861 4142 provinciae
886 4055 976 4121 istius
997 4053 1183 4120 beneficium
1205 4062 1387 4139 exspectare
1408 4049 1501 4115 ‹le-m

141 4145 253 4223 beam,
286 4146 343 4211 sed
369 4156 503 4225 tantum,
539 4159 691 4237 quamam
724 4149 850 4216 Cassius
877 4157 908 4214 et
939 4149 1045 4224 Bruti,
1081 4169 1144 4213 non
1166 4148 1268 4214 solum
1284 4145 1368 4212 illius
1390 4143 1463 4208 lacti

212 4368 238 4418 1.
257 4366 381 4432 iniuriae]
406 4369 436 4418 ln
456 4382 512 4431 mg.
531 4369 569 4420 Μ.
589 4369 623 4418 ab
642 4368 695 4418 alia
721 4382 803 4419 manu
830 4370 952 4420 additum
970 4374 1010 4420 est
1027 4373 1173 4418 mouerant.
1201 4392 1235 4400 —
1269 4372 1362 4415 nostra
1380 4363 1464 4414 saluts

141 4437 186 4488 ld:
206 4446 326 4488 nostram
343 4440 453 4490 ramma
471 4440 501 4490 ll.
523 4463 554 4475 -
590 4439 617 4490 P.
634 4440 725 4502 putati
742 4439 770 4492 Μ
790 4437 848 4504 (sed
867 4441 1019 4491 litterasue
1038 4438 1144 4502 punctis
1157 4432 1294 4498 notatae),
1313 4436 1376 4497 pari
1394 4435 1464 4484 Ben-

141 4507 238 4570 gelius.
266 4533 298 4546 -
335 4510 378 4558 12.
406 4516 430 4560 ct
460 4510 549 4559 cetaria
574 4509 624 4560 ld:
655 4517 679 4560 at
710 4511 739 4559 ia
762 4512 852 4561 ceteris
881 4511 910 4561 ll.
937 4536 966 4546 -
1004 4510 1133 4571 Quonim
1159 4506 1204 4557 M:
1236 4506 1347 4568 Quando
1370 4503 1402 4554 li.
1431 4530 1461 4542 -

141 4578 185 4628 1³.
200 4578 334 4628 1111111
351 4579 388 4630 M.
411 4603 438 4614 -
459 4579 502 4629 16.
521 4581 591 4629 venit
609 4579 654 4629 rt:
673 4583 772 4630 amaru
792 4581 940 4630 Ernestius.
960 4577 1038 4630 Cous.
1057 4578 1136 4627 fland
1155 4577 1233 4626 Turs-
1255 4576 1290 4624 11.
1312 4589 1337 4638 p.
1357 4574 1418 4624 311.
1431 4598 1462 4610 -

141 4647 195 4697 boc·
215 4649 253 4698 Μ.
287 4672 318 4684 -
355 4649 397 4698 18.
424 4649 584 4711 praedixisti
611 4649 767 4700 Lambinus.
797 4673 827 4687 -
864 4650 907 4699 19.
931 4646 1100 4699 naamathi:
1131 4649 1238 4697 veniant
1261 4645 1409 4694 Ernestius.
1432 4664 1460 4676 -

141 4716 185 4767 20.
213 4719 342 4782 cansam
368 4719 405 4770 Μ.
432 4744 462 4754 -
498 4719 542 4768 Pi.
562 4719 726 4769 Dolabellam
751 4718 805 4769 dal.
834 4719 991 4768 Lambinus.
1023 4742 1054 4754 -
1090 4717 1134 4767 Pb.
1162 4718 1195 4766 iis
1220 4716 1261 4765 N:
1289 4716 1329 4765 bis
1346 4713 1406 4764 ΜΕ.
1427 4736 1461 4746 -·

140 4787 185 4838 2⁰.
205 4801 286 4850 opera
303 4789 341 4840 Μ.
363 4813 393 4825 -
430 4789 475 4838 33.
494 4788 618 4851 reliquiae
636 4790 674 4840 Μ.
695 4814 725 4826 -
762 4789 806 4839 37.
825 4789 902 4852 fidam
918 4790 984 4839 mibi
1000 4788 1046 4842 bl:
1065 4789 1129 4839 mibi
1145 4788 1221 4853 fidam
1239 4784 1271 4835 ll.
1292 4808 1322 4821 -
1346 4783 1391 4834 ³8·
1410 4781 1463 4834 nisi

140 4858 164 4907 ti
179 4860 296 4921 spatium
314 4858 430 4909 malebat
448 4858 596 4909 Ernestius.
1464 4900 1466 4905 .
