<?xml version="1.0" encoding="UTF-8"?>
<!DOCTYPE html PUBLIC "-//W3C//DTD XHTML 1.0 Transitional//EN"
    "http://www.w3.org/TR/xhtml1/DTD/xhtml1-transitional.dtd">
<html xmlns="http://www.w3.org/1999/xhtml" xml:lang="en" lang="en">
 <head>
  <title>
</title>
<meta http-equiv="Content-Type" content="text/html;charset=utf-8" />
  <meta name='ocr-system' content='tesseract 3.04.00' />
  <meta name='ocr-capabilities' content='ocr_page ocr_carea ocr_par ocr_line ocrx_word'/>
</head>
<body>
  <div class='ocr_page' id='page_1' title='image "./operaquaesupers06halmgoog/operaquaesupers06halmgoog_0148.png"; bbox 0 0 3256 5400; ppageno 0'>
   <div class='ocr_carea' id='block_1_1' title="bbox 610 233 1073 299">
    <p class='ocr_par' dir='ltr' id='par_1_1' title="bbox 610 233 1073 299">
     <span class='ocr_line' id='line_1_1' title="bbox 610 233 1073 299; baseline 0 -1"><span class='ocrx_word' id='word_1_1' title='bbox 610 233 887 299; x_wconf 77' lang='lat' dir='ltr'><strong>nrvsvottntm</strong></span> <span class='ocrx_word' id='word_1_2' title='bbox 907 234 960 298; x_wconf 79' lang='lat' dir='ltr'><strong>AD</strong></span> <span class='ocrx_word' id='word_1_3' title='bbox 982 233 1073 298; x_wconf 74' lang='lat' dir='ltr'><strong>Fdlf.</strong></span> 
     </span>
    </p>
   </div>
   <div class='ocr_carea' id='block_1_2' title="bbox 498 387 1186 578">
    <p class='ocr_par' dir='ltr' id='par_1_2' title="bbox 498 387 1186 578">
     <span class='ocr_line' id='line_1_2' title="bbox 652 387 1041 474; baseline -0.008 -19"><span class='ocrx_word' id='word_1_4' title='bbox 652 394 740 456; x_wconf 78' lang='lat' dir='ltr'><strong>am.</strong></span> <span class='ocrx_word' id='word_1_5' title='bbox 769 389 817 474; x_wconf 80' lang='lat' dir='ltr'><strong>(a.</strong></span> <span class='ocrx_word' id='word_1_6' title='bbox 845 393 878 456; x_wconf 87' lang='lat' dir='ltr'><strong>u.</strong></span> <span class='ocrx_word' id='word_1_7' title='bbox 900 392 932 455; x_wconf 86' lang='lat' dir='ltr'><strong>c.</strong></span> <span class='ocrx_word' id='word_1_8' title='bbox 955 387 1041 472; x_wconf 84' lang='lat' dir='ltr'><strong>voa.)</strong></span> 
     </span>
     <span class='ocr_line' id='line_1_3' title="bbox 498 501 1186 578; baseline -0.009 -7"><span class='ocrx_word' id='word_1_9' title='bbox 498 508 539 571; x_wconf 87' lang='lat' dir='ltr'><strong>u.</strong></span> <span class='ocrx_word' id='word_1_10' title='bbox 562 506 706 570; x_wconf 80' lang='lat' dir='ltr'><strong>oceno</strong></span> <span class='ocrx_word' id='word_1_11' title='bbox 729 506 760 568; x_wconf 91' lang='lat' dir='ltr'><strong>s.</strong></span> <span class='ocrx_word' id='word_1_12' title='bbox 782 507 820 568; x_wconf 93' lang='lat' dir='ltr'><strong>n.</strong></span> <span class='ocrx_word' id='word_1_13' title='bbox 843 506 877 567; x_wconf 79' lang='lat' dir='ltr'><strong>n.</strong></span> <span class='ocrx_word' id='word_1_14' title='bbox 899 501 1067 567; x_wconf 74' lang='lat' dir='ltr'><strong>succum</strong></span> <span class='ocrx_word' id='word_1_15' title='bbox 1091 501 1131 578; x_wconf 86' lang='lat' dir='ltr'><strong>Q.</strong></span> <span class='ocrx_word' id='word_1_16' title='bbox 1152 503 1186 565; x_wconf 78' lang='lat' dir='ltr'><strong>a.</strong></span> 
     </span>
    </p>
   </div>
   <div class='ocr_carea' id='block_1_3' title="bbox 141 619 1521 4429">
    <p class='ocr_par' dir='ltr' id='par_1_3' title="bbox 141 619 1521 4429">
     <span class='ocr_line' id='line_1_4' title="bbox 267 619 1508 714; baseline -0.004 -20"><span class='ocrx_word' id='word_1_17' title='bbox 267 633 295 694; x_wconf 85' lang='lat'><strong>1.</strong></span> <span class='ocrx_word' id='word_1_18' title='bbox 322 629 519 714; x_wconf 81' lang='lat' dir='ltr'><strong>Quamquam</strong></span> <span class='ocrx_word' id='word_1_19' title='bbox 553 624 620 712; x_wconf 91' lang='lat' dir='ltr'><strong>ipsa</strong></span> <span class='ocrx_word' id='word_1_20' title='bbox 649 623 821 690; x_wconf 90' lang='lat' dir='ltr'><strong>consolatio</strong></span> <span class='ocrx_word' id='word_1_21' title='bbox 855 621 1030 688; x_wconf 90' lang='lat' dir='ltr'><strong>litterarum</strong></span> <span class='ocrx_word' id='word_1_22' title='bbox 1060 631 1184 687; x_wconf 92' lang='lat' dir='ltr'><strong>tuarum</strong></span> <span class='ocrx_word' id='word_1_23' title='bbox 1217 619 1294 688; x_wconf 90' lang='lat' dir='ltr'><strong>mibi</strong></span> <span class='ocrx_word' id='word_1_24' title='bbox 1330 622 1508 709; x_wconf 88' lang='lat' dir='ltr'><strong>gratissima</strong></span> 
     </span>
     <span class='ocr_line' id='line_1_5' title="bbox 180 714 1507 802; baseline -0.005 -14"><span class='ocrx_word' id='word_1_25' title='bbox 180 732 228 790; x_wconf 90' lang='lat' dir='ltr'><strong>est</strong></span> <span class='ocrx_word' id='word_1_26' title='bbox 242 760 280 773; x_wconf 97' lang='lat'>-</span> <span class='ocrx_word' id='word_1_27' title='bbox 297 721 433 789; x_wconf 82' lang='lat' dir='ltr'>declarat</span> <span class='ocrx_word' id='word_1_28' title='bbox 447 720 532 787; x_wconf 91' lang='lat' dir='ltr'><strong>enim</strong></span> <span class='ocrx_word' id='word_1_29' title='bbox 547 741 700 786; x_wconf 88' lang='lat' dir='ltr'><strong>summam</strong></span> <span class='ocrx_word' id='word_1_30' title='bbox 715 716 965 784; x_wconf 75' lang='lat' dir='ltr'><strong>benevolentiam</strong></span> <span class='ocrx_word' id='word_1_31' title='bbox 977 714 1175 781; x_wconf 89' lang='lat' dir='ltr'><strong>coniunctam</strong></span> <span class='ocrx_word' id='word_1_32' title='bbox 1193 715 1262 802; x_wconf 90' lang='lat' dir='ltr'><strong>pari</strong></span> <span class='ocrx_word' id='word_1_33' title='bbox 1276 715 1445 802; x_wconf 88' lang='lat' dir='ltr'><strong>prudentia</strong></span> <span class='ocrx_word' id='word_1_34' title='bbox 1456 755 1507 793; x_wconf 93' lang='lat'><strong>—,</strong></span> 
     </span>
     <span class='ocr_line' id='line_1_6' title="bbox 157 808 1507 897; baseline -0.004 -15"><span class='ocrx_word' id='word_1_35' title='bbox 157 825 283 883; x_wconf 72' lang='lat' dir='ltr'><strong>sumen</strong></span> <span class='ocrx_word' id='word_1_36' title='bbox 303 814 391 880; x_wconf 84' lang='lat' dir='ltr'><strong>illurn</strong></span> <span class='ocrx_word' id='word_1_37' title='bbox 410 813 546 880; x_wconf 89' lang='lat' dir='ltr'><strong>fructum</strong></span> <span class='ocrx_word' id='word_1_38' title='bbox 567 834 608 878; x_wconf 83' lang='lat' dir='ltr'><strong>ex</strong></span> <span class='ocrx_word' id='word_1_39' title='bbox 632 812 672 877; x_wconf 90' lang='lat' dir='ltr'><strong>iis</strong></span> <span class='ocrx_word' id='word_1_40' title='bbox 691 810 802 877; x_wconf 91' lang='lat' dir='ltr'><strong>litteris</strong></span> <span class='ocrx_word' id='word_1_41' title='bbox 818 811 868 876; x_wconf 92' lang='lat' dir='ltr'><strong>vel</strong></span> <span class='ocrx_word' id='word_1_42' title='bbox 887 809 1061 875; x_wconf 82' lang='lat' dir='ltr'><strong>maximnm</strong></span> <span class='ocrx_word' id='word_1_43' title='bbox 1083 813 1170 896; x_wconf 93' lang='lat' dir='ltr'><strong>cepi,</strong></span> <span class='ocrx_word' id='word_1_44' title='bbox 1193 808 1279 897; x_wconf 94' lang='lat' dir='ltr'><strong>quod</strong></span> <span class='ocrx_word' id='word_1_45' title='bbox 1294 818 1324 874; x_wconf 92' lang='lat' dir='ltr'><strong>te</strong></span> <span class='ocrx_word' id='word_1_46' title='bbox 1346 810 1507 897; x_wconf 91' lang='lat' dir='ltr'><strong>praeclare</strong></span> 
     </span>
     <span class='ocr_line' id='line_1_7' title="bbox 180 903 1507 992; baseline -0.003 -18"><span class='ocrx_word' id='word_1_47' title='bbox 180 931 231 975; x_wconf 89' lang='lat' dir='ltr'><strong>res</strong></span> <span class='ocrx_word' id='word_1_48' title='bbox 253 909 403 975; x_wconf 86' lang='lat' dir='ltr'><strong>humanas</strong></span> <span class='ocrx_word' id='word_1_49' title='bbox 417 915 667 973; x_wconf 75' lang='lat' dir='ltr'><strong>contemnentem</strong></span> <span class='ocrx_word' id='word_1_50' title='bbox 684 914 715 971; x_wconf 90' lang='lat' dir='ltr'><strong>et</strong></span> <span class='ocrx_word' id='word_1_51' title='bbox 736 903 853 992; x_wconf 91' lang='lat' dir='ltr'><strong>optime</strong></span> <span class='ocrx_word' id='word_1_52' title='bbox 873 912 984 969; x_wconf 90' lang='lat' dir='ltr'><strong>contra</strong></span> <span class='ocrx_word' id='word_1_53' title='bbox 998 903 1157 969; x_wconf 85' lang='lat' dir='ltr'><strong>fortunam</strong></span> <span class='ocrx_word' id='word_1_54' title='bbox 1179 912 1322 990; x_wconf 89' lang='lat' dir='ltr'><strong>paratum</strong></span> <span class='ocrx_word' id='word_1_55' title='bbox 1338 913 1507 971; x_wconf 90' lang='lat' dir='ltr'><strong>armatum·</strong></span> 
     </span>
     <span class='ocr_line' id='line_1_8' title="bbox 179 997 1506 1092; baseline -0.005 -24"><span class='ocrx_word' id='word_1_56' title='bbox 179 1024 242 1092; x_wconf 93' lang='lat' dir='ltr'><strong>que</strong></span> <span class='ocrx_word' id='word_1_57' title='bbox 272 1001 426 1087; x_wconf 78' lang='lat' dir='ltr'><strong>cognovi:</strong></span> <span class='ocrx_word' id='word_1_58' title='bbox 463 1022 557 1089; x_wconf 61' lang='lat' dir='ltr'><strong>mam</strong></span> <span class='ocrx_word' id='word_1_59' title='bbox 586 998 714 1089; x_wconf 91' lang='lat' dir='ltr'><strong>quidem</strong></span> <span class='ocrx_word' id='word_1_60' title='bbox 742 998 866 1064; x_wconf 92' lang='lat' dir='ltr'><strong>laudem</strong></span> <span class='ocrx_word' id='word_1_61' title='bbox 895 998 1066 1085; x_wconf 80' lang='lat' dir='ltr'><strong>sapientiae</strong></span> <span class='ocrx_word' id='word_1_62' title='bbox 1090 1006 1195 1063; x_wconf 93' lang='lat' dir='ltr'><strong>statuo</strong></span> <span class='ocrx_word' id='word_1_63' title='bbox 1225 1018 1294 1063; x_wconf 90' lang='lat' dir='ltr'><strong>esse</strong></span> <span class='ocrx_word' id='word_1_64' title='bbox 1318 997 1506 1073; x_wconf 85' lang='lat' dir='ltr'><strong>maximam,</strong></span> 
     </span>
     <span class='ocr_line' id='line_1_9' title="bbox 179 1091 1508 1182; baseline -0.004 -21"><span class='ocrx_word' id='word_1_65' title='bbox 179 1117 243 1161; x_wconf 96' lang='lat' dir='ltr'><strong>non</strong></span> <span class='ocrx_word' id='word_1_66' title='bbox 264 1093 390 1160; x_wconf 85' lang='lat' dir='ltr'><strong>aliunde</strong></span> <span class='ocrx_word' id='word_1_67' title='bbox 408 1093 547 1182; x_wconf 91' lang='lat' dir='ltr'><strong>pendere</strong></span> <span class='ocrx_word' id='word_1_68' title='bbox 569 1114 626 1159; x_wconf 90' lang='lat' dir='ltr'><strong>nec</strong></span> <span class='ocrx_word' id='word_1_69' title='bbox 651 1091 847 1158; x_wconf 83' lang='lat' dir='ltr'><strong>extrinsecus</strong></span> <span class='ocrx_word' id='word_1_70' title='bbox 864 1100 918 1156; x_wconf 90' lang='lat' dir='ltr'><strong>aut</strong></span> <span class='ocrx_word' id='word_1_71' title='bbox 938 1091 1020 1157; x_wconf 91' lang='lat' dir='ltr'><strong>bene</strong></span> <span class='ocrx_word' id='word_1_72' title='bbox 1042 1101 1096 1157; x_wconf 89' lang='lat' dir='ltr'><strong>aut</strong></span> <span class='ocrx_word' id='word_1_73' title='bbox 1118 1091 1198 1156; x_wconf 88' lang='lat' dir='ltr'><strong>male</strong></span> <span class='ocrx_word' id='word_1_74' title='bbox 1225 1092 1351 1158; x_wconf 91' lang='lat' dir='ltr'><strong>vivendi</strong></span> <span class='ocrx_word' id='word_1_75' title='bbox 1376 1113 1508 1178; x_wconf 90' lang='lat' dir='ltr'><strong>suspen-</strong></span> 
     </span>
     <span class='ocr_line' id='line_1_10' title="bbox 179 1184 1507 1271; baseline -0.005 -16"><span class='ocrx_word' id='word_1_76' title='bbox 179 1210 229 1255; x_wconf 84' lang='lat' dir='ltr'><strong>sas</strong></span> <span class='ocrx_word' id='word_1_77' title='bbox 243 1187 361 1254; x_wconf 89' lang='lat' dir='ltr'><strong>babere</strong></span> <span class='ocrx_word' id='word_1_78' title='bbox 377 1187 526 1253; x_wconf 92' lang='lat' dir='ltr'><strong>rationes.</strong></span> <span class='ocrx_word' id='word_1_79' title='bbox 569 1191 600 1252; x_wconf 77' lang='lat'><strong>2.</strong></span> <span class='ocrx_word' id='word_1_80' title='bbox 627 1189 716 1266; x_wconf 87' lang='lat' dir='ltr'><strong>Quae</strong></span> <span class='ocrx_word' id='word_1_81' title='bbox 737 1184 886 1271; x_wconf 78' lang='lat' dir='ltr'><strong>cogitatio</strong></span> <span class='ocrx_word' id='word_1_82' title='bbox 907 1206 979 1252; x_wconf 87' lang='lat' dir='ltr'><strong>cum</strong></span> <span class='ocrx_word' id='word_1_83' title='bbox 1001 1186 1079 1251; x_wconf 91' lang='lat' dir='ltr'><strong>mibi</strong></span> <span class='ocrx_word' id='word_1_84' title='bbox 1100 1208 1164 1252; x_wconf 94' lang='lat' dir='ltr'><strong>non</strong></span> <span class='ocrx_word' id='word_1_85' title='bbox 1186 1187 1316 1252; x_wconf 92' lang='lat' dir='ltr'><strong>omnino</strong></span> <span class='ocrx_word' id='word_1_86' title='bbox 1339 1184 1507 1250; x_wconf 81' lang='lat' dir='ltr'><strong>excidisset</strong></span> 
     </span>
     <span class='ocr_line' id='line_1_11' title="bbox 143 1277 1507 1369; baseline -0.004 -21"><span class='ocrx_word' id='word_1_87' title='bbox 143 1305 220 1350; x_wconf 78' lang='grc' dir='ltr'><strong>ιο-</strong></span> <span class='ocrx_word' id='word_1_88' title='bbox 243 1281 359 1347; x_wconf 92' lang='lat' dir='ltr'><strong>etenim</strong></span> <span class='ocrx_word' id='word_1_89' title='bbox 380 1280 504 1369; x_wconf 89' lang='lat' dir='ltr'><strong>penitus</strong></span> <span class='ocrx_word' id='word_1_90' title='bbox 517 1279 676 1346; x_wconf 83' lang='lat' dir='ltr'><strong>insederat</strong></span> <span class='ocrx_word' id='word_1_91' title='bbox 696 1315 752 1355; x_wconf 89' lang='lat'><strong>-,</strong></span> <span class='ocrx_word' id='word_1_92' title='bbox 774 1277 807 1343; x_wconf 91' lang='lat' dir='ltr'><strong>vi</strong></span> <span class='ocrx_word' id='word_1_93' title='bbox 828 1288 931 1344; x_wconf 91' lang='lat' dir='ltr'><strong>tamen</strong></span> <span class='ocrx_word' id='word_1_94' title='bbox 953 1288 1172 1367; x_wconf 86' lang='lat' dir='ltr'><strong>tempestatum</strong></span> <span class='ocrx_word' id='word_1_95' title='bbox 1194 1288 1226 1344; x_wconf 91' lang='lat' dir='ltr'><strong>et</strong></span> <span class='ocrx_word' id='word_1_96' title='bbox 1247 1300 1404 1344; x_wconf 86' lang='lat' dir='ltr'><strong>concursu</strong></span> <span class='ocrx_word' id='word_1_97' title='bbox 1426 1277 1507 1342; x_wconf 89' lang='lat' dir='ltr'><strong>cala-</strong></span> 
     </span>
     <span class='ocr_line' id='line_1_12' title="bbox 179 1369 1507 1460; baseline -0.003 -21"><span class='ocrx_word' id='word_1_98' title='bbox 179 1374 321 1441; x_wconf 90' lang='lat' dir='ltr'><strong>mitatum</strong></span> <span class='ocrx_word' id='word_1_99' title='bbox 348 1383 416 1440; x_wconf 91' lang='lat' dir='ltr'><strong>erat</strong></span> <span class='ocrx_word' id='word_1_100' title='bbox 436 1373 630 1460; x_wconf 90' lang='lat' dir='ltr'><strong>aliquantum</strong></span> <span class='ocrx_word' id='word_1_101' title='bbox 651 1369 833 1437; x_wconf 83' lang='lat' dir='ltr'><strong>labefactata</strong></span> <span class='ocrx_word' id='word_1_102' title='bbox 854 1382 948 1459; x_wconf 89' lang='lat' dir='ltr'><strong>atque</strong></span> <span class='ocrx_word' id='word_1_103' title='bbox 968 1374 1140 1452; x_wconf 89' lang='lat' dir='ltr'><strong>convulsa;</strong></span> <span class='ocrx_word' id='word_1_104' title='bbox 1172 1373 1225 1438; x_wconf 91' lang='lat' dir='ltr'><strong>cui</strong></span> <span class='ocrx_word' id='word_1_105' title='bbox 1249 1382 1281 1438; x_wconf 91' lang='lat' dir='ltr'><strong>te</strong></span> <span class='ocrx_word' id='word_1_106' title='bbox 1303 1370 1454 1459; x_wconf 82' lang='lat' dir='ltr'><strong>opitrdari</strong></span> <span class='ocrx_word' id='word_1_107' title='bbox 1476 1379 1507 1435; x_wconf 89' lang='lat' dir='ltr'><strong>et</strong></span> 
     </span>
     <span class='ocr_line' id='line_1_13' title="bbox 178 1463 1506 1554; baseline -0.003 -19"><span class='ocrx_word' id='word_1_108' title='bbox 178 1469 273 1536; x_wconf 92' lang='lat' dir='ltr'><strong>video</strong></span> <span class='ocrx_word' id='word_1_109' title='bbox 295 1478 327 1534; x_wconf 93' lang='lat' dir='ltr'><strong>et</strong></span> <span class='ocrx_word' id='word_1_110' title='bbox 353 1467 387 1535; x_wconf 90' lang='lat' dir='ltr'><strong>id</strong></span> <span class='ocrx_word' id='word_1_111' title='bbox 415 1467 527 1533; x_wconf 88' lang='lat' dir='ltr'><strong>fecisse</strong></span> <span class='ocrx_word' id='word_1_112' title='bbox 556 1466 649 1531; x_wconf 91' lang='lat' dir='ltr'><strong>etiam</strong></span> <span class='ocrx_word' id='word_1_113' title='bbox 671 1465 825 1552; x_wconf 85' lang='lat' dir='ltr'><strong>proximis</strong></span> <span class='ocrx_word' id='word_1_114' title='bbox 846 1465 960 1532; x_wconf 89' lang='lat' dir='ltr'><strong>litteris</strong></span> <span class='ocrx_word' id='word_1_115' title='bbox 981 1467 1178 1554; x_wconf 87' lang='lat' dir='ltr'><strong>multumque</strong></span> <span class='ocrx_word' id='word_1_116' title='bbox 1200 1464 1372 1554; x_wconf 88' lang='lat' dir='ltr'><strong>profecisse</strong></span> <span class='ocrx_word' id='word_1_117' title='bbox 1394 1463 1506 1531; x_wconf 89' lang='lat' dir='ltr'><strong>sentio.</strong></span> 
     </span>
     <span class='ocr_line' id='line_1_14' title="bbox 179 1557 1507 1650; baseline -0.005 -21"><span class='ocrx_word' id='word_1_118' title='bbox 179 1567 287 1650; x_wconf 91' lang='lat' dir='ltr'><strong>ltaque</strong></span> <span class='ocrx_word' id='word_1_119' title='bbox 308 1563 369 1628; x_wconf 91' lang='lat' dir='ltr'><strong>boc</strong></span> <span class='ocrx_word' id='word_1_120' title='bbox 388 1561 514 1649; x_wconf 84' lang='lat' dir='ltr'><strong>saepius</strong></span> <span class='ocrx_word' id='word_1_121' title='bbox 535 1559 701 1625; x_wconf 93' lang='lat' dir='ltr'><strong>dicendum</strong></span> <span class='ocrx_word' id='word_1_122' title='bbox 722 1558 843 1648; x_wconf 89' lang='lat' dir='ltr'><strong>tibique</strong></span> <span class='ocrx_word' id='word_1_123' title='bbox 865 1581 929 1626; x_wconf 93' lang='lat' dir='ltr'><strong>non</strong></span> <span class='ocrx_word' id='word_1_124' title='bbox 950 1559 1188 1646; x_wconf 89' lang='lat' dir='ltr'><strong>significandum</strong></span> <span class='ocrx_word' id='word_1_125' title='bbox 1209 1559 1313 1626; x_wconf 90' lang='lat' dir='ltr'><strong>solum</strong></span> <span class='ocrx_word' id='word_1_126' title='bbox 1334 1557 1391 1624; x_wconf 90' lang='lat' dir='ltr'><strong>sed</strong></span> <span class='ocrx_word' id='word_1_127' title='bbox 1412 1558 1507 1623; x_wconf 89' lang='lat' dir='ltr'><strong>etiam</strong></span> 
     </span>
     <span class='ocr_line' id='line_1_15' title="bbox 180 1651 1506 1740; baseline -0.002 -18"><span class='ocrx_word' id='word_1_128' title='bbox 180 1656 401 1723; x_wconf 87' lang='lat' dir='ltr'><strong>declarandum</strong></span> <span class='ocrx_word' id='word_1_129' title='bbox 433 1654 594 1728; x_wconf 85' lang='lat' dir='ltr'><strong>arbitror,</strong></span> <span class='ocrx_word' id='word_1_130' title='bbox 635 1651 713 1719; x_wconf 93' lang='lat' dir='ltr'><strong>nibil</strong></span> <span class='ocrx_word' id='word_1_131' title='bbox 744 1652 821 1717; x_wconf 85' lang='lat' dir='ltr'><strong>milri</strong></span> <span class='ocrx_word' id='word_1_132' title='bbox 855 1674 924 1719; x_wconf 90' lang='lat' dir='ltr'><strong>esse</strong></span> <span class='ocrx_word' id='word_1_133' title='bbox 962 1653 1102 1740; x_wconf 88' lang='lat' dir='ltr'><strong>potuisse</strong></span> <span class='ocrx_word' id='word_1_134' title='bbox 1133 1653 1195 1718; x_wconf 92' lang='lat' dir='ltr'><strong>tuis</strong></span> <span class='ocrx_word' id='word_1_135' title='bbox 1230 1652 1342 1718; x_wconf 88' lang='lat' dir='ltr'><strong>litteris</strong></span> <span class='ocrx_word' id='word_1_136' title='bbox 1377 1652 1506 1737; x_wconf 87' lang='lat' dir='ltr'><strong>gratius.</strong></span> 
     </span>
     <span class='ocr_line' id='line_1_16' title="bbox 144 1746 1507 1835; baseline -0.004 -21"><span class='ocrx_word' id='word_1_137' title='bbox 144 1772 171 1818; x_wconf 78' lang='lat' dir='ltr'><strong>ss</strong></span> <span class='ocrx_word' id='word_1_138' title='bbox 180 1754 210 1816; x_wconf 88' lang='grc'><strong>3.</strong></span> <span class='ocrx_word' id='word_1_139' title='bbox 244 1749 292 1815; x_wconf 80' lang='lat' dir='ltr'><strong>Ad</strong></span> <span class='ocrx_word' id='word_1_140' title='bbox 314 1747 538 1816; x_wconf 88' lang='lat' dir='ltr'><strong>consolandum</strong></span> <span class='ocrx_word' id='word_1_141' title='bbox 563 1757 667 1813; x_wconf 90' lang='lat' dir='ltr'><strong>antem</strong></span> <span class='ocrx_word' id='word_1_142' title='bbox 699 1767 771 1811; x_wconf 91' lang='lat' dir='ltr'><strong>cum</strong></span> <span class='ocrx_word' id='word_1_143' title='bbox 793 1746 847 1812; x_wconf 90' lang='lat' dir='ltr'><strong>illa</strong></span> <span class='ocrx_word' id='word_1_144' title='bbox 875 1747 995 1823; x_wconf 88' lang='lat' dir='ltr'><strong>valent,</strong></span> <span class='ocrx_word' id='word_1_145' title='bbox 1033 1768 1114 1835; x_wconf 91' lang='lat' dir='ltr'><strong>quae</strong></span> <span class='ocrx_word' id='word_1_146' title='bbox 1136 1747 1296 1833; x_wconf 81' lang='lat' dir='ltr'><strong>eleganter</strong></span> <span class='ocrx_word' id='word_1_147' title='bbox 1316 1746 1507 1833; x_wconf 86' lang='lat' dir='ltr'><strong>copioseque</strong></span> 
     </span>
     <span class='ocr_line' id='line_1_17' title="bbox 180 1837 1507 1930; baseline -0.004 -21"><span class='ocrx_word' id='word_1_148' title='bbox 180 1843 349 1930; x_wconf 88' lang='lat' dir='ltr'><strong>collegisti,</strong></span> <span class='ocrx_word' id='word_1_149' title='bbox 382 1852 449 1907; x_wconf 90' lang='lat' dir='ltr'><strong>tum</strong></span> <span class='ocrx_word' id='word_1_150' title='bbox 476 1840 555 1906; x_wconf 92' lang='lat' dir='ltr'><strong>nihil</strong></span> <span class='ocrx_word' id='word_1_151' title='bbox 576 1841 645 1927; x_wconf 90' lang='lat' dir='ltr'><strong>plus</strong></span> <span class='ocrx_word' id='word_1_152' title='bbox 667 1860 760 1926; x_wconf 89' lang='lat' dir='ltr'><strong>qnam</strong></span> <span class='ocrx_word' id='word_1_153' title='bbox 783 1839 869 1926; x_wconf 94' lang='lat' dir='ltr'><strong>quod</strong></span> <span class='ocrx_word' id='word_1_154' title='bbox 891 1840 1116 1907; x_wconf 89' lang='lat' dir='ltr'><strong>firmitudinem</strong></span> <span class='ocrx_word' id='word_1_155' title='bbox 1142 1840 1390 1928; x_wconf 87' lang='lat' dir='ltr'><strong>gravitatemque</strong></span> <span class='ocrx_word' id='word_1_156' title='bbox 1411 1837 1507 1904; x_wconf 88' lang='lat' dir='ltr'><strong>animi</strong></span> 
     </span>
     <span class='ocr_line' id='line_1_18' title="bbox 180 1931 1507 2024; baseline -0.003 -22"><span class='ocrx_word' id='word_1_157' title='bbox 180 1936 226 2002; x_wconf 91' lang='lat' dir='ltr'><strong>tui</strong></span> <span class='ocrx_word' id='word_1_158' title='bbox 246 1935 410 2024; x_wconf 81' lang='lat' dir='ltr'><strong>perspexi;</strong></span> <span class='ocrx_word' id='word_1_159' title='bbox 433 1956 526 2024; x_wconf 90' lang='lat' dir='ltr'><strong>quam</strong></span> <span class='ocrx_word' id='word_1_160' title='bbox 545 1955 609 1999; x_wconf 95' lang='lat' dir='ltr'><strong>non</strong></span> <span class='ocrx_word' id='word_1_161' title='bbox 630 1931 747 1999; x_wconf 88' lang='lat' dir='ltr'><strong>imitari</strong></span> <span class='ocrx_word' id='word_1_162' title='bbox 768 1933 984 2020; x_wconf 87' lang='lat' dir='ltr'><strong>turpissimum</strong></span> <span class='ocrx_word' id='word_1_163' title='bbox 1007 1933 1163 2000; x_wconf 81' lang='lat' dir='ltr'><strong>existimo.</strong></span> <span class='ocrx_word' id='word_1_164' title='bbox 1206 1938 1315 2022; x_wconf 87' lang='lat' dir='ltr'><strong>ltaque</strong></span> <span class='ocrx_word' id='word_1_165' title='bbox 1337 1935 1398 2001; x_wconf 91' lang='lat' dir='ltr'><strong>boc</strong></span> <span class='ocrx_word' id='word_1_166' title='bbox 1412 1935 1507 2000; x_wconf 91' lang='lat' dir='ltr'><strong>etiam</strong></span> 
     </span>
     <span class='ocr_line' id='line_1_19' title="bbox 179 2026 1507 2116; baseline -0.002 -20"><span class='ocrx_word' id='word_1_167' title='bbox 179 2030 344 2097; x_wconf 91' lang='lat' dir='ltr'><strong>fortiorem</strong></span> <span class='ocrx_word' id='word_1_168' title='bbox 366 2050 417 2094; x_wconf 91' lang='lat' dir='ltr'><strong>me</strong></span> <span class='ocrx_word' id='word_1_169' title='bbox 445 2037 521 2115; x_wconf 93' lang='lat' dir='ltr'><strong>puto</strong></span> <span class='ocrx_word' id='word_1_170' title='bbox 544 2048 638 2114; x_wconf 91' lang='lat' dir='ltr'><strong>qnam</strong></span> <span class='ocrx_word' id='word_1_171' title='bbox 659 2026 831 2114; x_wconf 88' lang='lat' dir='ltr'><strong>teipsum,</strong></span> <span class='ocrx_word' id='word_1_172' title='bbox 868 2037 1106 2114; x_wconf 86' lang='lat' dir='ltr'><strong>praeceptorem</strong></span> <span class='ocrx_word' id='word_1_173' title='bbox 1127 2026 1341 2105; x_wconf 85' lang='lat' dir='ltr'><strong>fortitudinis,</strong></span> <span class='ocrx_word' id='word_1_174' title='bbox 1364 2028 1450 2116; x_wconf 91' lang='lat' dir='ltr'><strong>qnod</strong></span> <span class='ocrx_word' id='word_1_175' title='bbox 1472 2037 1507 2093; x_wconf 94' lang='lat' dir='ltr'><strong>tu</strong></span> 
     </span>
     <span class='ocr_line' id='line_1_20' title="bbox 180 2118 1506 2211; baseline -0.002 -23"><span class='ocrx_word' id='word_1_176' title='bbox 180 2123 256 2189; x_wconf 90' lang='lat' dir='ltr'><strong>mibi</strong></span> <span class='ocrx_word' id='word_1_177' title='bbox 281 2123 390 2188; x_wconf 85' lang='lat' dir='ltr'><strong>videre</strong></span> <span class='ocrx_word' id='word_1_178' title='bbox 425 2143 513 2210; x_wconf 88' lang='lat' dir='ltr'><strong>spem</strong></span> <span class='ocrx_word' id='word_1_179' title='bbox 544 2120 725 2186; x_wconf 92' lang='lat' dir='ltr'><strong>nonnullam</strong></span> <span class='ocrx_word' id='word_1_180' title='bbox 759 2118 877 2186; x_wconf 91' lang='lat' dir='ltr'><strong>babere</strong></span> <span class='ocrx_word' id='word_1_181' title='bbox 912 2122 991 2187; x_wconf 91' lang='lat' dir='ltr'><strong>baec</strong></span> <span class='ocrx_word' id='word_1_182' title='bbox 1018 2121 1187 2211; x_wconf 89' lang='lat' dir='ltr'><strong>aliquando</strong></span> <span class='ocrx_word' id='word_1_183' title='bbox 1222 2120 1329 2187; x_wconf 90' lang='lat' dir='ltr'><strong>futura</strong></span> <span class='ocrx_word' id='word_1_184' title='bbox 1363 2121 1506 2187; x_wconf 89' lang='lat' dir='ltr'><strong>meliora.</strong></span> 
     </span>
     <span class='ocr_line' id='line_1_21' title="bbox 142 2213 1507 2302; baseline -0.001 -21"><span class='ocrx_word' id='word_1_185' title='bbox 142 2221 275 2284; x_wconf 83' lang='lat' dir='ltr'><strong>soCasus</strong></span> <span class='ocrx_word' id='word_1_186' title='bbox 297 2215 379 2281; x_wconf 89' lang='lat' dir='ltr'><strong>enim</strong></span> <span class='ocrx_word' id='word_1_187' title='bbox 402 2214 578 2301; x_wconf 90' lang='lat' dir='ltr'><strong>gladiatorii</strong></span> <span class='ocrx_word' id='word_1_188' title='bbox 600 2213 881 2300; x_wconf 88' lang='lat' dir='ltr'><strong>similitudinesque</strong></span> <span class='ocrx_word' id='word_1_189' title='bbox 903 2237 976 2290; x_wconf 92' lang='lat' dir='ltr'><strong>eae,</strong></span> <span class='ocrx_word' id='word_1_190' title='bbox 1005 2223 1072 2280; x_wconf 91' lang='lat' dir='ltr'><strong>tum</strong></span> <span class='ocrx_word' id='word_1_191' title='bbox 1093 2215 1231 2281; x_wconf 91' lang='lat' dir='ltr'><strong>rationes</strong></span> <span class='ocrx_word' id='word_1_192' title='bbox 1253 2214 1286 2279; x_wconf 92' lang='lat' dir='ltr'><strong>in</strong></span> <span class='ocrx_word' id='word_1_193' title='bbox 1307 2236 1346 2281; x_wconf 89' lang='lat' dir='ltr'><strong>ea</strong></span> <span class='ocrx_word' id='word_1_194' title='bbox 1367 2214 1507 2302; x_wconf 90' lang='lat' dir='ltr'><strong>disputa-</strong></span> 
     </span>
     <span class='ocr_line' id='line_1_22' title="bbox 181 2306 1507 2397; baseline -0.002 -21"><span class='ocrx_word' id='word_1_195' title='bbox 181 2310 265 2376; x_wconf 91' lang='lat' dir='ltr'><strong>tione</strong></span> <span class='ocrx_word' id='word_1_196' title='bbox 293 2331 311 2374; x_wconf 92' lang='lat' dir='ltr'><strong>a</strong></span> <span class='ocrx_word' id='word_1_197' title='bbox 340 2319 371 2374; x_wconf 93' lang='lat' dir='ltr'><strong>te</strong></span> <span class='ocrx_word' id='word_1_198' title='bbox 401 2309 549 2374; x_wconf 89' lang='lat' dir='ltr'><strong>collectae</strong></span> <span class='ocrx_word' id='word_1_199' title='bbox 571 2306 717 2372; x_wconf 89' lang='lat' dir='ltr'><strong>vetabant</strong></span> <span class='ocrx_word' id='word_1_200' title='bbox 737 2328 788 2372; x_wconf 92' lang='lat' dir='ltr'><strong>me</strong></span> <span class='ocrx_word' id='word_1_201' title='bbox 811 2307 858 2372; x_wconf 92' lang='lat' dir='ltr'><strong>rei</strong></span> <span class='ocrx_word' id='word_1_202' title='bbox 880 2306 1025 2394; x_wconf 92' lang='lat' dir='ltr'><strong>publicae</strong></span> <span class='ocrx_word' id='word_1_203' title='bbox 1045 2308 1170 2397; x_wconf 90' lang='lat' dir='ltr'><strong>penitus</strong></span> <span class='ocrx_word' id='word_1_204' title='bbox 1192 2307 1344 2375; x_wconf 88' lang='lat' dir='ltr'><strong>diffidere.</strong></span> <span class='ocrx_word' id='word_1_205' title='bbox 1397 2314 1507 2397; x_wconf 88' lang='lat' dir='ltr'><strong>ltaque</strong></span> 
     </span>
     <span class='ocr_line' id='line_1_23' title="bbox 179 2401 1507 2489; baseline -0.002 -20"><span class='ocrx_word' id='word_1_206' title='bbox 179 2403 312 2470; x_wconf 91' lang='lat' dir='ltr'><strong>alterum</strong></span> <span class='ocrx_word' id='word_1_207' title='bbox 333 2403 436 2468; x_wconf 90' lang='lat' dir='ltr'><strong>miuus</strong></span> <span class='ocrx_word' id='word_1_208' title='bbox 457 2402 590 2478; x_wconf 90' lang='lat' dir='ltr'><strong>mirum,</strong></span> <span class='ocrx_word' id='word_1_209' title='bbox 622 2401 788 2467; x_wconf 91' lang='lat' dir='ltr'><strong>fortiorem</strong></span> <span class='ocrx_word' id='word_1_210' title='bbox 809 2409 841 2466; x_wconf 90' lang='lat' dir='ltr'><strong>te</strong></span> <span class='ocrx_word' id='word_1_211' title='bbox 863 2422 947 2477; x_wconf 91' lang='lat' dir='ltr'><strong>esse,</strong></span> <span class='ocrx_word' id='word_1_212' title='bbox 981 2422 1052 2467; x_wconf 88' lang='lat' dir='ltr'><strong>curu</strong></span> <span class='ocrx_word' id='word_1_213' title='bbox 1074 2401 1195 2489; x_wconf 88' lang='lat' dir='ltr'><strong>aliquid</strong></span> <span class='ocrx_word' id='word_1_214' title='bbox 1216 2422 1340 2488; x_wconf 86' lang='lat' dir='ltr'><strong>speres,</strong></span> <span class='ocrx_word' id='word_1_215' title='bbox 1373 2402 1507 2467; x_wconf 88' lang='lat' dir='ltr'><strong>alterum</strong></span> 
     </span>
     <span class='ocr_line' id='line_1_24' title="bbox 179 2493 1506 2582; baseline 0.001 -22"><span class='ocrx_word' id='word_1_216' title='bbox 179 2496 312 2572; x_wconf 88' lang='lat' dir='ltr'><strong>mirum,</strong></span> <span class='ocrx_word' id='word_1_217' title='bbox 344 2516 400 2582; x_wconf 91' lang='lat' dir='ltr'><strong>spe</strong></span> <span class='ocrx_word' id='word_1_218' title='bbox 421 2495 486 2560; x_wconf 88' lang='lat' dir='ltr'><strong>ulla</strong></span> <span class='ocrx_word' id='word_1_219' title='bbox 512 2495 622 2561; x_wconf 89' lang='lat' dir='ltr'><strong>teneri.</strong></span> <span class='ocrx_word' id='word_1_220' title='bbox 681 2493 766 2574; x_wconf 88' lang='lat' dir='ltr'><strong>Quid</strong></span> <span class='ocrx_word' id='word_1_221' title='bbox 793 2504 840 2559; x_wconf 90' lang='lat' dir='ltr'><strong>est</strong></span> <span class='ocrx_word' id='word_1_222' title='bbox 870 2493 955 2559; x_wconf 90' lang='lat' dir='ltr'><strong>enim</strong></span> <span class='ocrx_word' id='word_1_223' title='bbox 986 2516 1050 2560; x_wconf 95' lang='lat' dir='ltr'><strong>non</strong></span> <span class='ocrx_word' id='word_1_224' title='bbox 1071 2493 1113 2560; x_wconf 91' lang='lat' dir='ltr'><strong>ita</strong></span> <span class='ocrx_word' id='word_1_225' title='bbox 1134 2494 1297 2571; x_wconf 86' lang='lat' dir='ltr'><strong>affectum,</strong></span> <span class='ocrx_word' id='word_1_226' title='bbox 1331 2504 1366 2560; x_wconf 94' lang='lat' dir='ltr'><strong>ut</strong></span> <span class='ocrx_word' id='word_1_227' title='bbox 1388 2493 1420 2561; x_wconf 92' lang='lat' dir='ltr'><strong>id</strong></span> <span class='ocrx_word' id='word_1_228' title='bbox 1442 2518 1506 2561; x_wconf 92' lang='lat' dir='ltr'><strong>non</strong></span> 
     </span>
     <span class='ocr_line' id='line_1_25' title="bbox 180 2587 1508 2676; baseline -0.002 -20"><span class='ocrx_word' id='word_1_229' title='bbox 180 2589 317 2656; x_wconf 86' lang='lat' dir='ltr'><strong>deletum</strong></span> <span class='ocrx_word' id='word_1_230' title='bbox 338 2589 589 2676; x_wconf 86' lang='lat' dir='ltr'><strong>exstinctumque</strong></span> <span class='ocrx_word' id='word_1_231' title='bbox 611 2610 680 2654; x_wconf 89' lang='lat' dir='ltr'><strong>esse</strong></span> <span class='ocrx_word' id='word_1_232' title='bbox 700 2587 841 2654; x_wconf 79' lang='lat' dir='ltr'><strong>sulcaret</strong></span> <span class='ocrx_word' id='word_1_233' title='bbox 865 2588 1076 2675; x_wconf 87' lang='lat' dir='ltr'><strong>Circumspice</strong></span> <span class='ocrx_word' id='word_1_234' title='bbox 1096 2589 1202 2654; x_wconf 89' lang='lat' dir='ltr'><strong>omnia</strong></span> <span class='ocrx_word' id='word_1_235' title='bbox 1219 2587 1362 2653; x_wconf 88' lang='lat' dir='ltr'><strong>membra</strong></span> <span class='ocrx_word' id='word_1_236' title='bbox 1379 2588 1427 2653; x_wconf 89' lang='lat' dir='ltr'><strong>rei</strong></span> <span class='ocrx_word' id='word_1_237' title='bbox 1448 2608 1508 2675; x_wconf 92' lang='lat' dir='ltr'><strong>pu·</strong></span> 
     </span>
     <span class='ocr_line' id='line_1_26' title="bbox 142 2680 1506 2769; baseline 0.001 -23"><span class='ocrx_word' id='word_1_238' title='bbox 142 2682 294 2759; x_wconf 78' lang='lat' dir='ltr'><strong>sablicae,</strong></span> <span class='ocrx_word' id='word_1_239' title='bbox 327 2704 407 2768; x_wconf 90' lang='lat' dir='ltr'><strong>quae</strong></span> <span class='ocrx_word' id='word_1_240' title='bbox 429 2682 591 2747; x_wconf 89' lang='lat' dir='ltr'><strong>notissima</strong></span> <span class='ocrx_word' id='word_1_241' title='bbox 612 2691 684 2748; x_wconf 92' lang='lat' dir='ltr'><strong>sunt</strong></span> <span class='ocrx_word' id='word_1_242' title='bbox 710 2680 788 2748; x_wconf 89' lang='lat' dir='ltr'><strong>tibi:</strong></span> <span class='ocrx_word' id='word_1_243' title='bbox 825 2681 946 2747; x_wconf 89' lang='lat' dir='ltr'><strong>nullum</strong></span> <span class='ocrx_word' id='word_1_244' title='bbox 967 2681 1109 2768; x_wconf 88' lang='lat' dir='ltr'><strong>reperies</strong></span> <span class='ocrx_word' id='word_1_245' title='bbox 1136 2681 1295 2768; x_wconf 89' lang='lat' dir='ltr'><strong>profecto,</strong></span> <span class='ocrx_word' id='word_1_246' title='bbox 1334 2683 1420 2769; x_wconf 91' lang='lat' dir='ltr'><strong>qnod</strong></span> <span class='ocrx_word' id='word_1_247' title='bbox 1441 2703 1506 2748; x_wconf 92' lang='lat' dir='ltr'><strong>non</strong></span> 
     </span>
     <span class='ocr_line' id='line_1_27' title="bbox 174 2774 1505 2862; baseline -0.002 -18"><span class='ocrx_word' id='word_1_248' title='bbox 174 2776 312 2845; x_wconf 80' lang='lat' dir='ltr'><strong>&#39;fractum</strong></span> <span class='ocrx_word' id='word_1_249' title='bbox 332 2774 567 2841; x_wconf 87' lang='lat' dir='ltr'><strong>debilitatumve</strong></span> <span class='ocrx_word' id='word_1_250' title='bbox 585 2776 634 2841; x_wconf 91' lang='lat' dir='ltr'><strong>sit.</strong></span> <span class='ocrx_word' id='word_1_251' title='bbox 678 2778 768 2855; x_wconf 85' lang='lat' dir='ltr'><strong>Quae</strong></span> <span class='ocrx_word' id='word_1_252' title='bbox 783 2795 1009 2862; x_wconf 88' lang='lat' dir='ltr'><strong>persequerer,</strong></span> <span class='ocrx_word' id='word_1_253' title='bbox 1032 2775 1059 2841; x_wconf 92' lang='lat' dir='ltr'><strong>si</strong></span> <span class='ocrx_word' id='word_1_254' title='bbox 1081 2785 1135 2841; x_wconf 92' lang='lat' dir='ltr'><strong>aut</strong></span> <span class='ocrx_word' id='word_1_255' title='bbox 1155 2775 1267 2841; x_wconf 90' lang='lat' dir='ltr'><strong>melius</strong></span> <span class='ocrx_word' id='word_1_256' title='bbox 1291 2796 1328 2840; x_wconf 90' lang='lat' dir='ltr'><strong>ea</strong></span> <span class='ocrx_word' id='word_1_257' title='bbox 1352 2775 1505 2850; x_wconf 88' lang='lat' dir='ltr'><strong>viderem,</strong></span> 
     </span>
     <span class='ocr_line' id='line_1_28' title="bbox 180 2867 1506 2958; baseline -0.002 -23"><span class='ocrx_word' id='word_1_258' title='bbox 180 2891 274 2957; x_wconf 91' lang='lat' dir='ltr'><strong>quam</strong></span> <span class='ocrx_word' id='word_1_259' title='bbox 296 2877 329 2934; x_wconf 91' lang='lat' dir='ltr'><strong>tu</strong></span> <span class='ocrx_word' id='word_1_260' title='bbox 350 2868 455 2944; x_wconf 91' lang='lat' dir='ltr'><strong>vides,</strong></span> <span class='ocrx_word' id='word_1_261' title='bbox 492 2877 546 2934; x_wconf 89' lang='lat' dir='ltr'><strong>aut</strong></span> <span class='ocrx_word' id='word_1_262' title='bbox 566 2889 815 2934; x_wconf 87' lang='lat' dir='ltr'><strong>commemorare</strong></span> <span class='ocrx_word' id='word_1_263' title='bbox 834 2888 962 2955; x_wconf 89' lang='lat' dir='ltr'><strong>possem</strong></span> <span class='ocrx_word' id='word_1_264' title='bbox 983 2868 1051 2935; x_wconf 89' lang='lat' dir='ltr'><strong>sine</strong></span> <span class='ocrx_word' id='word_1_265' title='bbox 1073 2867 1198 2935; x_wconf 90' lang='lat' dir='ltr'><strong>dolore:</strong></span> <span class='ocrx_word' id='word_1_266' title='bbox 1232 2889 1421 2958; x_wconf 89' lang='lat' dir='ltr'><strong>quamquam</strong></span> <span class='ocrx_word' id='word_1_267' title='bbox 1443 2867 1506 2934; x_wconf 90' lang='lat' dir='ltr'><strong>tuis</strong></span> 
     </span>
     <span class='ocr_line' id='line_1_29' title="bbox 179 2959 1506 3050; baseline -0.002 -21"><span class='ocrx_word' id='word_1_268' title='bbox 179 2963 307 3029; x_wconf 89' lang='lat' dir='ltr'><strong>monitis</strong></span> <span class='ocrx_word' id='word_1_269' title='bbox 328 2961 566 3050; x_wconf 86' lang='lat' dir='ltr'><strong>praeceptisque</strong></span> <span class='ocrx_word' id='word_1_270' title='bbox 587 2961 689 3028; x_wconf 90' lang='lat' dir='ltr'><strong>omnis</strong></span> <span class='ocrx_word' id='word_1_271' title='bbox 711 2972 758 3027; x_wconf 91' lang='lat' dir='ltr'><strong>est</strong></span> <span class='ocrx_word' id='word_1_272' title='bbox 777 2959 969 3027; x_wconf 91' lang='lat' dir='ltr'><strong>abiiciendus</strong></span> <span class='ocrx_word' id='word_1_273' title='bbox 984 2961 1086 3028; x_wconf 93' lang='lat' dir='ltr'><strong>dolor.</strong></span> <span class='ocrx_word' id='word_1_274' title='bbox 1128 2966 1159 3029; x_wconf 78' lang='grc'><strong>4.</strong></span> <span class='ocrx_word' id='word_1_275' title='bbox 1181 2967 1267 3050; x_wconf 87' lang='lat' dir='ltr'><strong>Ergo</strong></span> <span class='ocrx_word' id='word_1_276' title='bbox 1289 2973 1320 3028; x_wconf 91' lang='lat' dir='ltr'><strong>et</strong></span> <span class='ocrx_word' id='word_1_277' title='bbox 1334 2961 1506 3028; x_wconf 86' lang='lat' dir='ltr'><strong>domestica</strong></span> 
     </span>
     <span class='ocr_line' id='line_1_30' title="bbox 180 3053 1504 3145; baseline -0.002 -24"><span class='ocrx_word' id='word_1_278' title='bbox 180 3056 331 3129; x_wconf 87' lang='lat' dir='ltr'><strong>feremus.</strong></span> <span class='ocrx_word' id='word_1_279' title='bbox 352 3065 389 3122; x_wconf 95' lang='lat' dir='ltr'><strong>ut</strong></span> <span class='ocrx_word' id='word_1_280' title='bbox 409 3076 533 3130; x_wconf 89' lang='lat' dir='ltr'><strong>censes,</strong></span> <span class='ocrx_word' id='word_1_281' title='bbox 557 3065 588 3120; x_wconf 89' lang='lat' dir='ltr'><strong>et</strong></span> <span class='ocrx_word' id='word_1_282' title='bbox 608 3054 733 3143; x_wconf 89' lang='lat' dir='ltr'><strong>publica</strong></span> <span class='ocrx_word' id='word_1_283' title='bbox 754 3055 860 3141; x_wconf 88' lang='lat' dir='ltr'><strong>paullo</strong></span> <span class='ocrx_word' id='word_1_284' title='bbox 881 3053 975 3120; x_wconf 89' lang='lat' dir='ltr'><strong>etiam</strong></span> <span class='ocrx_word' id='word_1_285' title='bbox 989 3054 1102 3122; x_wconf 90' lang='lat' dir='ltr'><strong>fortius</strong></span> <span class='ocrx_word' id='word_1_286' title='bbox 1120 3055 1253 3122; x_wconf 90' lang='lat' dir='ltr'><strong>fortasse</strong></span> <span class='ocrx_word' id='word_1_287' title='bbox 1269 3077 1363 3145; x_wconf 90' lang='lat' dir='ltr'><strong>quam</strong></span> <span class='ocrx_word' id='word_1_288' title='bbox 1377 3065 1411 3121; x_wconf 92' lang='lat' dir='ltr'><strong>tu</strong></span> <span class='ocrx_word' id='word_1_289' title='bbox 1425 3056 1504 3141; x_wconf 89' lang='lat' dir='ltr'><strong>ipse,</strong></span> 
     </span>
     <span class='ocr_line' id='line_1_31' title="bbox 142 3147 1505 3239; baseline 0.001 -27"><span class='ocrx_word' id='word_1_290' title='bbox 142 3150 234 3239; x_wconf 83' lang='lat' dir='ltr'><strong>soqui</strong></span> <span class='ocrx_word' id='word_1_291' title='bbox 255 3148 420 3237; x_wconf 88' lang='lat' dir='ltr'><strong>praecipis.</strong></span> <span class='ocrx_word' id='word_1_292' title='bbox 463 3152 506 3215; x_wconf 90' lang='lat' dir='ltr'><strong>Te</strong></span> <span class='ocrx_word' id='word_1_293' title='bbox 529 3148 612 3214; x_wconf 90' lang='lat' dir='ltr'><strong>enim</strong></span> <span class='ocrx_word' id='word_1_294' title='bbox 634 3148 738 3237; x_wconf 89' lang='lat' dir='ltr'><strong>aliqua</strong></span> <span class='ocrx_word' id='word_1_295' title='bbox 759 3169 831 3235; x_wconf 91' lang='lat' dir='ltr'><strong>spes</strong></span> <span class='ocrx_word' id='word_1_296' title='bbox 852 3148 1047 3225; x_wconf 88' lang='lat' dir='ltr'><strong>consolatur,</strong></span> <span class='ocrx_word' id='word_1_297' title='bbox 1080 3158 1116 3215; x_wconf 91' lang='lat' dir='ltr'><strong>ut</strong></span> <span class='ocrx_word' id='word_1_298' title='bbox 1137 3149 1267 3216; x_wconf 89' lang='lat' dir='ltr'><strong>scribis:</strong></span> <span class='ocrx_word' id='word_1_299' title='bbox 1305 3171 1363 3215; x_wconf 89' lang='lat' dir='ltr'><strong>nos</strong></span> <span class='ocrx_word' id='word_1_300' title='bbox 1386 3147 1505 3215; x_wconf 90' lang='lat' dir='ltr'><strong>erimus</strong></span> 
     </span>
     <span class='ocr_line' id='line_1_32' title="bbox 179 3241 1521 3328; baseline -0.004 -18"><span class='ocrx_word' id='word_1_301' title='bbox 179 3244 273 3310; x_wconf 89' lang='lat' dir='ltr'><strong>etiam</strong></span> <span class='ocrx_word' id='word_1_302' title='bbox 301 3244 334 3309; x_wconf 93' lang='lat' dir='ltr'><strong>in</strong></span> <span class='ocrx_word' id='word_1_303' title='bbox 360 3242 502 3308; x_wconf 89' lang='lat' dir='ltr'><strong>omnium</strong></span> <span class='ocrx_word' id='word_1_304' title='bbox 529 3241 748 3328; x_wconf 91' lang='lat' dir='ltr'><strong>desperatione</strong></span> <span class='ocrx_word' id='word_1_305' title='bbox 769 3241 886 3317; x_wconf 87' lang='lat' dir='ltr'><strong>fortes,</strong></span> <span class='ocrx_word' id='word_1_306' title='bbox 919 3250 954 3307; x_wconf 91' lang='lat' dir='ltr'><strong>ut</strong></span> <span class='ocrx_word' id='word_1_307' title='bbox 976 3250 1009 3307; x_wconf 93' lang='lat' dir='ltr'><strong>tu</strong></span> <span class='ocrx_word' id='word_1_308' title='bbox 1030 3250 1133 3308; x_wconf 90' lang='lat' dir='ltr'><strong>tamen</strong></span> <span class='ocrx_word' id='word_1_309' title='bbox 1154 3243 1240 3309; x_wconf 90' lang='lat' dir='ltr'><strong>idem</strong></span> <span class='ocrx_word' id='word_1_310' title='bbox 1262 3252 1293 3308; x_wconf 92' lang='lat' dir='ltr'><strong>et</strong></span> <span class='ocrx_word' id='word_1_311' title='bbox 1315 3243 1452 3309; x_wconf 89' lang='lat' dir='ltr'><strong>hortaris</strong></span> <span class='ocrx_word' id='word_1_312' title='bbox 1474 3249 1521 3307; x_wconf 89' lang='lat' dir='ltr'><strong>et.</strong></span> 
     </span>
     <span class='ocr_line' id='line_1_33' title="bbox 180 3333 1505 3425; baseline -0.002 -22"><span class='ocrx_word' id='word_1_313' title='bbox 180 3337 344 3425; x_wconf 90' lang='lat' dir='ltr'><strong>praecipis.</strong></span> <span class='ocrx_word' id='word_1_314' title='bbox 400 3341 463 3402; x_wconf 88' lang='lat' dir='ltr'><strong>Das</strong></span> <span class='ocrx_word' id='word_1_315' title='bbox 494 3334 579 3400; x_wconf 90' lang='lat' dir='ltr'><strong>enim</strong></span> <span class='ocrx_word' id='word_1_316' title='bbox 611 3333 688 3399; x_wconf 90' lang='lat' dir='ltr'><strong>mibi</strong></span> <span class='ocrx_word' id='word_1_317' title='bbox 714 3333 867 3399; x_wconf 88' lang='lat' dir='ltr'><strong>iucundas</strong></span> <span class='ocrx_word' id='word_1_318' title='bbox 888 3333 1124 3402; x_wconf 88' lang='lat' dir='ltr'><strong>recordationes</strong></span> <span class='ocrx_word' id='word_1_319' title='bbox 1145 3337 1354 3403; x_wconf 88' lang='lat' dir='ltr'><strong>conscientiae</strong></span> <span class='ocrx_word' id='word_1_320' title='bbox 1376 3345 1505 3402; x_wconf 90' lang='lat' dir='ltr'><strong>nostrae</strong></span> 
     </span>
     <span class='ocr_line' id='line_1_34' title="bbox 179 3427 1504 3518; baseline -0.002 -22"><span class='ocrx_word' id='word_1_321' title='bbox 179 3452 350 3518; x_wconf 87' lang='lat' dir='ltr'><strong>rerumque</strong></span> <span class='ocrx_word' id='word_1_322' title='bbox 372 3450 495 3504; x_wconf 90' lang='lat' dir='ltr'><strong>earum,</strong></span> <span class='ocrx_word' id='word_1_323' title='bbox 518 3449 596 3517; x_wconf 90' lang='lat' dir='ltr'><strong>quas</strong></span> <span class='ocrx_word' id='word_1_324' title='bbox 617 3436 648 3493; x_wconf 92' lang='lat' dir='ltr'><strong>te</strong></span> <span class='ocrx_word' id='word_1_325' title='bbox 669 3427 702 3492; x_wconf 93' lang='lat' dir='ltr'><strong>in</strong></span> <span class='ocrx_word' id='word_1_326' title='bbox 720 3427 830 3514; x_wconf 92' lang='lat' dir='ltr'><strong>primis</strong></span> <span class='ocrx_word' id='word_1_327' title='bbox 844 3438 973 3494; x_wconf 89' lang='lat' dir='ltr'><strong>auctore</strong></span> <span class='ocrx_word' id='word_1_328' title='bbox 986 3429 1149 3514; x_wconf 89' lang='lat' dir='ltr'><strong>gessimus.</strong></span> <span class='ocrx_word' id='word_1_329' title='bbox 1192 3431 1407 3496; x_wconf 85' lang='lat' dir='ltr'><strong>Praestitiruus</strong></span> <span class='ocrx_word' id='word_1_330' title='bbox 1419 3429 1504 3495; x_wconf 87' lang='lat' dir='ltr'><strong>enirn</strong></span> 
     </span>
     <span class='ocr_line' id='line_1_35' title="bbox 178 3520 1504 3611; baseline -0.001 -22"><span class='ocrx_word' id='word_1_331' title='bbox 178 3524 299 3611; x_wconf 88' lang='lat' dir='ltr'><strong>patriae</strong></span> <span class='ocrx_word' id='word_1_332' title='bbox 331 3545 395 3588; x_wconf 94' lang='lat' dir='ltr'><strong>non</strong></span> <span class='ocrx_word' id='word_1_333' title='bbox 419 3522 522 3588; x_wconf 91' lang='lat' dir='ltr'><strong>minus</strong></span> <span class='ocrx_word' id='word_1_334' title='bbox 554 3531 639 3587; x_wconf 89' lang='lat' dir='ltr'><strong>certe</strong></span> <span class='ocrx_word' id='word_1_335' title='bbox 672 3543 767 3608; x_wconf 90' lang='lat' dir='ltr'><strong>quam</strong></span> <span class='ocrx_word' id='word_1_336' title='bbox 802 3520 986 3598; x_wconf 89' lang='lat' dir='ltr'><strong>debuimus,</strong></span> <span class='ocrx_word' id='word_1_337' title='bbox 1022 3521 1093 3609; x_wconf 91' lang='lat' dir='ltr'><strong>plus</strong></span> <span class='ocrx_word' id='word_1_338' title='bbox 1113 3523 1256 3609; x_wconf 90' lang='lat' dir='ltr'><strong>profecto</strong></span> <span class='ocrx_word' id='word_1_339' title='bbox 1278 3546 1372 3611; x_wconf 91' lang='lat' dir='ltr'><strong>quam</strong></span> <span class='ocrx_word' id='word_1_340' title='bbox 1395 3533 1443 3590; x_wconf 88' lang='lat' dir='ltr'><strong>est</strong></span> <span class='ocrx_word' id='word_1_341' title='bbox 1464 3520 1504 3589; x_wconf 90' lang='lat' dir='ltr'><strong>ab</strong></span> 
     </span>
     <span class='ocr_line' id='line_1_36' title="bbox 142 3613 1504 3703; baseline 0.001 -22"><span class='ocrx_word' id='word_1_342' title='bbox 142 3620 285 3682; x_wconf 72' lang='lat' dir='ltr'><strong>canino</strong></span> <span class='ocrx_word' id='word_1_343' title='bbox 308 3617 491 3703; x_wconf 86' lang='lat' dir='ltr'><strong>cuiusquam</strong></span> <span class='ocrx_word' id='word_1_344' title='bbox 513 3625 567 3681; x_wconf 90' lang='lat' dir='ltr'><strong>aut</strong></span> <span class='ocrx_word' id='word_1_345' title='bbox 587 3614 719 3680; x_wconf 89' lang='lat' dir='ltr'><strong>consilio</strong></span> <span class='ocrx_word' id='word_1_346' title='bbox 737 3613 873 3680; x_wconf 91' lang='lat' dir='ltr'><strong>bominis</strong></span> <span class='ocrx_word' id='word_1_347' title='bbox 893 3616 1095 3702; x_wconf 72' lang='lat' dir='ltr'><strong>postulatum.</strong></span> <span class='ocrx_word' id='word_1_348' title='bbox 1145 3622 1176 3682; x_wconf 81' lang='lat'><strong>5.</strong></span> <span class='ocrx_word' id='word_1_349' title='bbox 1197 3621 1343 3703; x_wconf 89' lang='lat' dir='ltr'><strong>Ignosces</strong></span> <span class='ocrx_word' id='word_1_350' title='bbox 1365 3618 1442 3685; x_wconf 91' lang='lat' dir='ltr'><strong>mibi</strong></span> <span class='ocrx_word' id='word_1_351' title='bbox 1464 3616 1504 3683; x_wconf 88' lang='lat' dir='ltr'><strong>de</strong></span> 
     </span>
     <span class='ocr_line' id='line_1_37' title="bbox 179 3708 1505 3797; baseline 0.002 -21"><span class='ocrx_word' id='word_1_352' title='bbox 179 3733 230 3776; x_wconf 92' lang='lat' dir='ltr'><strong>me</strong></span> <span class='ocrx_word' id='word_1_353' title='bbox 260 3711 329 3797; x_wconf 90' lang='lat' dir='ltr'><strong>ipso</strong></span> <span class='ocrx_word' id='word_1_354' title='bbox 354 3708 472 3797; x_wconf 89' lang='lat' dir='ltr'><strong>aliquid</strong></span> <span class='ocrx_word' id='word_1_355' title='bbox 500 3708 714 3795; x_wconf 80' lang='lat' dir='ltr'><strong>praedicanti3</strong></span> <span class='ocrx_word' id='word_1_356' title='bbox 749 3729 883 3795; x_wconf 91' lang='lat' dir='ltr'><strong>quarum</strong></span> <span class='ocrx_word' id='word_1_357' title='bbox 911 3710 994 3774; x_wconf 91' lang='lat' dir='ltr'><strong>enim</strong></span> <span class='ocrx_word' id='word_1_358' title='bbox 1024 3719 1058 3775; x_wconf 94' lang='lat' dir='ltr'><strong>tn</strong></span> <span class='ocrx_word' id='word_1_359' title='bbox 1087 3731 1195 3776; x_wconf 90' lang='lat' dir='ltr'><strong>rerum</strong></span> <span class='ocrx_word' id='word_1_360' title='bbox 1227 3712 1416 3796; x_wconf 89' lang='lat' dir='ltr'><strong>cogitatione</strong></span> <span class='ocrx_word' id='word_1_361' title='bbox 1446 3733 1505 3778; x_wconf 92' lang='lat' dir='ltr'><strong>nos</strong></span> 
     </span>
     <span class='ocr_line' id='line_1_38' title="bbox 180 3801 1505 3889; baseline 0.002 -20"><span class='ocrx_word' id='word_1_362' title='bbox 180 3805 285 3870; x_wconf 90' lang='lat' dir='ltr'><strong>levare</strong></span> <span class='ocrx_word' id='word_1_363' title='bbox 306 3802 503 3889; x_wconf 89' lang='lat' dir='ltr'><strong>aegritudine</strong></span> <span class='ocrx_word' id='word_1_364' title='bbox 521 3801 664 3876; x_wconf 89' lang='lat' dir='ltr'><strong>voluisti,</strong></span> <span class='ocrx_word' id='word_1_365' title='bbox 687 3823 796 3867; x_wconf 87' lang='lat' dir='ltr'><strong>earum</strong></span> <span class='ocrx_word' id='word_1_366' title='bbox 817 3802 912 3869; x_wconf 92' lang='lat' dir='ltr'><strong>etiam</strong></span> <span class='ocrx_word' id='word_1_367' title='bbox 933 3804 1234 3870; x_wconf 90' lang='lat' dir='ltr'><strong>commemoratione</strong></span> <span class='ocrx_word' id='word_1_368' title='bbox 1255 3804 1401 3871; x_wconf 91' lang='lat' dir='ltr'><strong>lenimur.</strong></span> <span class='ocrx_word' id='word_1_369' title='bbox 1444 3809 1505 3871; x_wconf 90' lang='lat' dir='ltr'><strong>lta·</strong></span> 
     </span>
     <span class='ocr_line' id='line_1_39' title="bbox 180 3895 1504 3984; baseline 0.001 -21"><span class='ocrx_word' id='word_1_370' title='bbox 180 3918 257 3984; x_wconf 94' lang='lat' dir='ltr'><strong>que,</strong></span> <span class='ocrx_word' id='word_1_371' title='bbox 279 3906 316 3963; x_wconf 95' lang='lat' dir='ltr'><strong>ut</strong></span> <span class='ocrx_word' id='word_1_372' title='bbox 341 3919 467 3971; x_wconf 89' lang='lat' dir='ltr'><strong>mones,</strong></span> <span class='ocrx_word' id='word_1_373' title='bbox 496 3904 645 3984; x_wconf 89' lang='lat' dir='ltr'><strong>quantum</strong></span> <span class='ocrx_word' id='word_1_374' title='bbox 666 3904 779 3982; x_wconf 90' lang='lat' dir='ltr'><strong>potero</strong></span> <span class='ocrx_word' id='word_1_375' title='bbox 801 3917 853 3961; x_wconf 89' lang='lat' dir='ltr'><strong>me</strong></span> <span class='ocrx_word' id='word_1_376' title='bbox 874 3895 914 3961; x_wconf 94' lang='lat' dir='ltr'><strong>ab</strong></span> <span class='ocrx_word' id='word_1_377' title='bbox 937 3895 1082 3963; x_wconf 90' lang='lat' dir='ltr'><strong>omnibus</strong></span> <span class='ocrx_word' id='word_1_378' title='bbox 1104 3897 1258 3964; x_wconf 90' lang='lat' dir='ltr'><strong>molestiis</strong></span> <span class='ocrx_word' id='word_1_379' title='bbox 1280 3897 1504 3984; x_wconf 83' lang='lat' dir='ltr'><strong>clangoribus</strong></span> 
     </span>
     <span class='ocr_line' id='line_1_40' title="bbox 179 3988 1503 4079; baseline 0.002 -25"><span class='ocrx_word' id='word_1_380' title='bbox 179 3989 331 4055; x_wconf 88' lang='lat' dir='ltr'><strong>abducam</strong></span> <span class='ocrx_word' id='word_1_381' title='bbox 354 3991 602 4077; x_wconf 78' lang='lat' dir='ltr'><strong>transferamque</strong></span> <span class='ocrx_word' id='word_1_382' title='bbox 632 3988 771 4054; x_wconf 87' lang='lat' dir='ltr'><strong>animum</strong></span> <span class='ocrx_word' id='word_1_383' title='bbox 802 3988 842 4055; x_wconf 88' lang='lat' dir='ltr'><strong>ad</strong></span> <span class='ocrx_word' id='word_1_384' title='bbox 864 4010 917 4066; x_wconf 90' lang='lat' dir='ltr'><strong>ea,</strong></span> <span class='ocrx_word' id='word_1_385' title='bbox 953 3988 1068 4079; x_wconf 90' lang='lat' dir='ltr'><strong>quibus</strong></span> <span class='ocrx_word' id='word_1_386' title='bbox 1090 3990 1245 4055; x_wconf 90' lang='lat' dir='ltr'><strong>secundae</strong></span> <span class='ocrx_word' id='word_1_387' title='bbox 1267 4013 1319 4057; x_wconf 91' lang='lat' dir='ltr'><strong>res</strong></span> <span class='ocrx_word' id='word_1_388' title='bbox 1341 4003 1503 4068; x_wconf 89' lang='lat' dir='ltr'><strong>ornantur,</strong></span> 
     </span>
     <span class='ocr_line' id='line_1_41' title="bbox 141 4082 1505 4172; baseline 0.004 -29"><span class='ocrx_word' id='word_1_389' title='bbox 141 4082 329 4149; x_wconf 76' lang='lat' dir='ltr'><strong>soadversae</strong></span> <span class='ocrx_word' id='word_1_390' title='bbox 351 4083 553 4162; x_wconf 67' lang='lat' dir='ltr'><strong>adimantum</strong></span> <span class='ocrx_word' id='word_1_391' title='bbox 587 4092 751 4171; x_wconf 88' lang='lat' dir='ltr'><strong>tecumque</strong></span> <span class='ocrx_word' id='word_1_392' title='bbox 781 4090 812 4147; x_wconf 93' lang='lat' dir='ltr'><strong>et</strong></span> <span class='ocrx_word' id='word_1_393' title='bbox 840 4104 897 4147; x_wconf 91' lang='lat' dir='ltr'><strong>ero</strong></span> <span class='ocrx_word' id='word_1_394' title='bbox 920 4091 1038 4149; x_wconf 92' lang='lat' dir='ltr'><strong>tantum</strong></span> <span class='ocrx_word' id='word_1_395' title='bbox 1059 4092 1210 4172; x_wconf 91' lang='lat' dir='ltr'><strong>quantum</strong></span> <span class='ocrx_word' id='word_1_396' title='bbox 1231 4086 1367 4171; x_wconf 88' lang='lat' dir='ltr'><strong>patietur</strong></span> <span class='ocrx_word' id='word_1_397' title='bbox 1387 4085 1505 4150; x_wconf 78' lang='lat' dir='ltr'><strong>uuius-</strong></span> 
     </span>
     <span class='ocr_line' id='line_1_42' title="bbox 179 4175 1503 4266; baseline 0 -24"><span class='ocrx_word' id='word_1_398' title='bbox 179 4198 241 4266; x_wconf 93' lang='lat' dir='ltr'><strong>que</strong></span> <span class='ocrx_word' id='word_1_399' title='bbox 263 4185 347 4242; x_wconf 88' lang='lat' dir='ltr'><strong>aetas</strong></span> <span class='ocrx_word' id='word_1_400' title='bbox 369 4185 401 4241; x_wconf 93' lang='lat' dir='ltr'><strong>et</strong></span> <span class='ocrx_word' id='word_1_401' title='bbox 421 4176 586 4252; x_wconf 89' lang='lat' dir='ltr'><strong>valetudo,</strong></span> <span class='ocrx_word' id='word_1_402' title='bbox 608 4183 657 4250; x_wconf 90' lang='lat' dir='ltr'><strong>et,</strong></span> <span class='ocrx_word' id='word_1_403' title='bbox 682 4175 709 4240; x_wconf 88' lang='lat' dir='ltr'><strong>si</strong></span> <span class='ocrx_word' id='word_1_404' title='bbox 731 4196 800 4240; x_wconf 90' lang='lat' dir='ltr'><strong>esse</strong></span> <span class='ocrx_word' id='word_1_405' title='bbox 821 4197 883 4241; x_wconf 92' lang='lat' dir='ltr'><strong>una</strong></span> <span class='ocrx_word' id='word_1_406' title='bbox 905 4176 1008 4242; x_wconf 90' lang='lat' dir='ltr'><strong>minus</strong></span> <span class='ocrx_word' id='word_1_407' title='bbox 1029 4176 1204 4264; x_wconf 90' lang='lat' dir='ltr'><strong>poterimus</strong></span> <span class='ocrx_word' id='word_1_408' title='bbox 1226 4199 1320 4264; x_wconf 92' lang='lat' dir='ltr'><strong>quam</strong></span> <span class='ocrx_word' id='word_1_409' title='bbox 1342 4177 1503 4253; x_wconf 87' lang='lat' dir='ltr'><strong>volemus,</strong></span> 
     </span>
     <span class='ocr_line' id='line_1_43' title="bbox 179 4267 1503 4359; baseline 0.002 -25"><span class='ocrx_word' id='word_1_410' title='bbox 179 4272 355 4336; x_wconf 87' lang='lat' dir='ltr'><strong>animorum</strong></span> <span class='ocrx_word' id='word_1_411' title='bbox 377 4281 480 4335; x_wconf 68' lang='lat' dir='ltr'><strong>umen</strong></span> <span class='ocrx_word' id='word_1_412' title='bbox 501 4269 722 4335; x_wconf 89' lang='lat' dir='ltr'><strong>coniunctione</strong></span> <span class='ocrx_word' id='word_1_413' title='bbox 735 4267 912 4358; x_wconf 90' lang='lat' dir='ltr'><strong>iisdemque</strong></span> <span class='ocrx_word' id='word_1_414' title='bbox 926 4268 1036 4336; x_wconf 88' lang='lat' dir='ltr'><strong>studiis</strong></span> <span class='ocrx_word' id='word_1_415' title='bbox 1049 4269 1093 4335; x_wconf 91' lang='lat' dir='ltr'><strong>ita</strong></span> <span class='ocrx_word' id='word_1_416' title='bbox 1107 4269 1271 4347; x_wconf 83' lang='lat' dir='ltr'><strong>fruemur,</strong></span> <span class='ocrx_word' id='word_1_417' title='bbox 1293 4278 1328 4336; x_wconf 92' lang='lat' dir='ltr'><strong>nt</strong></span> <span class='ocrx_word' id='word_1_418' title='bbox 1342 4289 1503 4359; x_wconf 88' lang='lat' dir='ltr'><strong>nunquam</strong></span> 
     </span>
     <span class='ocr_line' id='line_1_44' title="bbox 179 4363 613 4429; baseline 0.002 -1"><span class='ocrx_word' id='word_1_419' title='bbox 179 4385 243 4429; x_wconf 93' lang='lat' dir='ltr'><strong>non</strong></span> <span class='ocrx_word' id='word_1_420' title='bbox 264 4386 327 4429; x_wconf 91' lang='lat' dir='ltr'><strong>una</strong></span> <span class='ocrx_word' id='word_1_421' title='bbox 350 4385 418 4429; x_wconf 89' lang='lat' dir='ltr'><strong>esse</strong></span> <span class='ocrx_word' id='word_1_422' title='bbox 440 4363 613 4429; x_wconf 88' lang='lat' dir='ltr'><strong>videamur.</strong></span> 
     </span>
    </p>
   </div>
   <div class='ocr_carea' id='block_1_4' title="bbox 176 4523 1503 4940">
    <p class='ocr_par' dir='ltr' id='par_1_4' title="bbox 176 4523 1503 4940">
     <span class='ocr_line' id='line_1_45' title="bbox 248 4523 1502 4590; baseline -0.001 -12"><span class='ocrx_word' id='word_1_423' title='bbox 248 4528 275 4578; x_wconf 79' lang='grc' dir='ltr'><strong>ὅ.</strong></span> <span class='ocrx_word' id='word_1_424' title='bbox 295 4523 338 4589; x_wconf 76' lang='lat' dir='ltr'><strong>tta]</strong></span> <span class='ocrx_word' id='word_1_425' title='bbox 357 4527 397 4576; x_wconf 73' lang='lat' dir='ltr'><strong>blo</strong></span> <span class='ocrx_word' id='word_1_426' title='bbox 413 4526 452 4578; x_wconf 93' lang='grc'><strong>11.</strong></span> <span class='ocrx_word' id='word_1_427' title='bbox 482 4549 517 4565; x_wconf 94' lang='grc'>-</span> <span class='ocrx_word' id='word_1_428' title='bbox 552 4526 596 4577; x_wconf 75' lang='lat' dir='ltr'><strong>tf.</strong></span> <span class='ocrx_word' id='word_1_429' title='bbox 614 4525 697 4590; x_wconf 72' lang='lat' dir='ltr'><strong>Atque</strong></span> <span class='ocrx_word' id='word_1_430' title='bbox 713 4526 845 4578; x_wconf 76' lang='lat' dir='ltr'><strong>tocCod.</strong></span> <span class='ocrx_word' id='word_1_431' title='bbox 865 4526 1015 4577; x_wconf 64' lang='grc'><strong>131111.-</strong></span> <span class='ocrx_word' id='word_1_432' title='bbox 1049 4526 1094 4578; x_wconf 75' lang='grc'><strong>31.</strong></span> <span class='ocrx_word' id='word_1_433' title='bbox 1112 4527 1236 4577; x_wconf 71' lang='lat' dir='ltr'><strong>uetabant</strong></span> <span class='ocrx_word' id='word_1_434' title='bbox 1254 4527 1292 4579; x_wconf 88' lang='grc'><strong>11.</strong></span> <span class='ocrx_word' id='word_1_435' title='bbox 1313 4551 1345 4564; x_wconf 92' lang='grc'>-</span> <span class='ocrx_word' id='word_1_436' title='bbox 1381 4528 1427 4579; x_wconf 73' lang='grc'><strong>33.</strong></span> <span class='ocrx_word' id='word_1_437' title='bbox 1446 4540 1502 4577; x_wconf 82' lang='lat' dir='ltr'><strong>mo-</strong></span> 
     </span>
     <span class='ocr_line' id='line_1_46' title="bbox 176 4596 1503 4661; baseline 0.001 -15"><span class='ocrx_word' id='word_1_438' title='bbox 176 4597 300 4647; x_wconf 67' lang='lat' dir='ltr'><strong>nimentis</strong></span> <span class='ocrx_word' id='word_1_439' title='bbox 325 4597 440 4646; x_wconf 78' lang='lat' dir='ltr'><strong>Ernestii</strong></span> <span class='ocrx_word' id='word_1_440' title='bbox 465 4597 611 4661; x_wconf 80' lang='lat' dir='ltr'><strong>typotheta.</strong></span> <span class='ocrx_word' id='word_1_441' title='bbox 644 4619 673 4632; x_wconf 93' lang='lat'><strong>·-</strong></span> <span class='ocrx_word' id='word_1_442' title='bbox 710 4596 754 4647; x_wconf 85' lang='grc'><strong>30.</strong></span> <span class='ocrx_word' id='word_1_443' title='bbox 773 4597 865 4661; x_wconf 77' lang='lat' dir='ltr'><strong>otique</strong></span> <span class='ocrx_word' id='word_1_444' title='bbox 881 4609 939 4661; x_wconf 70' lang='lat' dir='ltr'><strong>apen</strong></span> <span class='ocrx_word' id='word_1_445' title='bbox 955 4596 1000 4648; x_wconf 79' lang='lat' dir='ltr'><strong>bl:</strong></span> <span class='ocrx_word' id='word_1_446' title='bbox 1027 4608 1085 4660; x_wconf 75' lang='lat' dir='ltr'><strong>apsa</strong></span> <span class='ocrx_word' id='word_1_447' title='bbox 1102 4597 1193 4661; x_wconf 68' lang='lat' dir='ltr'><strong>utiquo</strong></span> <span class='ocrx_word' id='word_1_448' title='bbox 1216 4597 1247 4647; x_wconf 83' lang='lat' dir='ltr'><strong>ll.</strong></span> <span class='ocrx_word' id='word_1_449' title='bbox 1274 4621 1305 4633; x_wconf 98' lang='lat'><em>-</em></span> <span class='ocrx_word' id='word_1_450' title='bbox 1340 4611 1389 4647; x_wconf 78' lang='lat' dir='ltr'><strong>eoa</strong></span> <span class='ocrx_word' id='word_1_451' title='bbox 1405 4599 1503 4648; x_wconf 66' lang='lat' dir='ltr'><strong>mmm</strong></span> 
     </span>
     <span class='ocr_line' id='line_1_47' title="bbox 177 4665 1501 4731; baseline 0.001 -14"><span class='ocrx_word' id='word_1_452' title='bbox 177 4665 225 4718; x_wconf 76' lang='lat' dir='ltr'><strong>at:</strong></span> <span class='ocrx_word' id='word_1_453' title='bbox 244 4680 293 4716; x_wconf 78' lang='lat' dir='ltr'><strong>noa</strong></span> <span class='ocrx_word' id='word_1_454' title='bbox 311 4674 397 4716; x_wconf 82' lang='lat' dir='ltr'><strong>nutem</strong></span> <span class='ocrx_word' id='word_1_455' title='bbox 415 4668 510 4716; x_wconf 69' lang='lat' dir='ltr'><strong>crimin</strong></span> <span class='ocrx_word' id='word_1_456' title='bbox 528 4666 558 4716; x_wconf 83' lang='lat' dir='ltr'><strong>ll.</strong></span> <span class='ocrx_word' id='word_1_457' title='bbox 585 4690 617 4703; x_wconf 92' lang='lat'>-</span> <span class='ocrx_word' id='word_1_458' title='bbox 654 4666 699 4716; x_wconf 87' lang='grc'><strong>31.</strong></span> <span class='ocrx_word' id='word_1_459' title='bbox 718 4667 836 4716; x_wconf 70' lang='lat' dir='ltr'><strong>mettas</strong></span> <span class='ocrx_word' id='word_1_460' title='bbox 852 4666 900 4727; x_wconf 86' lang='grc'><strong>11,</strong></span> <span class='ocrx_word' id='word_1_461' title='bbox 930 4668 1001 4716; x_wconf 73' lang='lat' dir='ltr'><strong>emat</strong></span> <span class='ocrx_word' id='word_1_462' title='bbox 1017 4666 1057 4725; x_wconf 84' lang='lat' dir='ltr'><strong>N,</strong></span> <span class='ocrx_word' id='word_1_463' title='bbox 1077 4667 1194 4717; x_wconf 70' lang='lat' dir='ltr'><strong>emotum</strong></span> <span class='ocrx_word' id='word_1_464' title='bbox 1211 4681 1299 4717; x_wconf 73' lang='lat' dir='ltr'><strong>renam</strong></span> <span class='ocrx_word' id='word_1_465' title='bbox 1318 4680 1373 4728; x_wconf 82' lang='lat' dir='ltr'><strong>mg.</strong></span> <span class='ocrx_word' id='word_1_466' title='bbox 1393 4668 1501 4731; x_wconf 82' lang='lat' dir='ltr'><strong>Repett.</strong></span> 
     </span>
     <span class='ocr_line' id='line_1_48' title="bbox 178 4735 1498 4800; baseline 0.002 -15"><span class='ocrx_word' id='word_1_467' title='bbox 178 4735 273 4786; x_wconf 83' lang='lat' dir='ltr'><strong>Lamb.</strong></span> <span class='ocrx_word' id='word_1_468' title='bbox 294 4761 324 4772; x_wconf 93' lang='lat'>-</span> <span class='ocrx_word' id='word_1_469' title='bbox 344 4737 387 4787; x_wconf 83' lang='lat'><strong>³5.</strong></span> <span class='ocrx_word' id='word_1_470' title='bbox 408 4738 479 4787; x_wconf 81' lang='lat' dir='ltr'><strong>fort.</strong></span> <span class='ocrx_word' id='word_1_471' title='bbox 493 4738 644 4800; x_wconf 77' lang='lat' dir='ltr'><strong>cuiusquam</strong></span> <span class='ocrx_word' id='word_1_472' title='bbox 656 4750 771 4800; x_wconf 77' lang='lat' dir='ltr'><strong>unquam</strong></span> <span class='ocrx_word' id='word_1_473' title='bbox 783 4743 841 4787; x_wconf 79' lang='lat' dir='ltr'><strong>out.</strong></span> <span class='ocrx_word' id='word_1_474' title='bbox 861 4735 911 4788; x_wconf 84' lang='grc' dir='ltr'><strong>Οι.</strong></span> <span class='ocrx_word' id='word_1_475' title='bbox 932 4759 963 4772; x_wconf 94' lang='grc'><strong>-</strong></span> <span class='ocrx_word' id='word_1_476' title='bbox 980 4736 1144 4799; x_wconf 75' lang='lat' dir='ltr'><strong>postulatum</strong></span> <span class='ocrx_word' id='word_1_477' title='bbox 1155 4736 1201 4787; x_wconf 75' lang='lat' dir='ltr'><strong>u:</strong></span> <span class='ocrx_word' id='word_1_478' title='bbox 1219 4737 1407 4799; x_wconf 74' lang='lat' dir='ltr'><strong>postulandum</strong></span> <span class='ocrx_word' id='word_1_479' title='bbox 1426 4738 1456 4787; x_wconf 87' lang='lat' dir='ltr'><strong>ll.</strong></span> <span class='ocrx_word' id='word_1_480' title='bbox 1469 4762 1498 4774; x_wconf 89' lang='lat'>-</span> 
     </span>
     <span class='ocr_line' id='line_1_49' title="bbox 177 4806 1501 4872; baseline 0.001 -16"><span class='ocrx_word' id='word_1_481' title='bbox 177 4806 222 4857; x_wconf 82' lang='grc'><strong>37.</strong></span> <span class='ocrx_word' id='word_1_482' title='bbox 242 4808 325 4857; x_wconf 73' lang='lat' dir='ltr'><strong>beeri</strong></span> <span class='ocrx_word' id='word_1_483' title='bbox 341 4806 592 4872; x_wconf 66' lang='lat' dir='ltr'><strong>flengni-Lagona.</strong></span> <span class='ocrx_word' id='word_1_484' title='bbox 613 4831 645 4843; x_wconf 96' lang='lat'><em>-</em></span> <span class='ocrx_word' id='word_1_485' title='bbox 670 4807 834 4871; x_wconf 73' lang='lat' dir='ltr'><strong>ceqrttudtae</strong></span> <span class='ocrx_word' id='word_1_486' title='bbox 851 4806 962 4857; x_wconf 81' lang='lat' dir='ltr'><strong>seclusit</strong></span> <span class='ocrx_word' id='word_1_487' title='bbox 981 4807 1011 4858; x_wconf 85' lang='lat' dir='ltr'><strong>n.</strong></span> <span class='ocrx_word' id='word_1_488' title='bbox 1033 4830 1064 4844; x_wconf 91' lang='lat'><em>-</em></span> <span class='ocrx_word' id='word_1_489' title='bbox 1100 4806 1145 4859; x_wconf 76' lang='grc'><strong>41.</strong></span> <span class='ocrx_word' id='word_1_490' title='bbox 1164 4809 1305 4858; x_wconf 69' lang='lat' dir='ltr'><strong>monimus</strong></span> <span class='ocrx_word' id='word_1_491' title='bbox 1322 4807 1361 4859; x_wconf 89' lang='grc'><strong>11.</strong></span> <span class='ocrx_word' id='word_1_492' title='bbox 1382 4806 1501 4858; x_wconf 81' lang='lat' dir='ltr'><strong>-colo-</strong></span> 
     </span>
     <span class='ocr_line' id='line_1_50' title="bbox 176 4876 989 4940; baseline 0.002 -13"><span class='ocrx_word' id='word_1_493' title='bbox 176 4890 234 4927; x_wconf 74' lang='lat' dir='ltr'><strong>sans</strong></span> <span class='ocrx_word' id='word_1_494' title='bbox 250 4877 293 4928; x_wconf 77' lang='lat' dir='ltr'><strong>bl:</strong></span> <span class='ocrx_word' id='word_1_495' title='bbox 312 4877 430 4928; x_wconf 74' lang='lat' dir='ltr'><strong>volontas</strong></span> <span class='ocrx_word' id='word_1_496' title='bbox 449 4877 480 4929; x_wconf 83' lang='lat' dir='ltr'><strong>lt.</strong></span> <span class='ocrx_word' id='word_1_497' title='bbox 502 4901 534 4914; x_wconf 92' lang='lat'><em>-</em></span> <span class='ocrx_word' id='word_1_498' title='bbox 569 4877 615 4929; x_wconf 72' lang='grc'><strong>43.</strong></span> <span class='ocrx_word' id='word_1_499' title='bbox 633 4877 770 4940; x_wconf 54' lang='lat' dir='ltr'><strong>&amp;magne</strong></span> <span class='ocrx_word' id='word_1_500' title='bbox 787 4876 829 4929; x_wconf 78' lang='lat' dir='ltr'><strong>lfa</strong></span> <span class='ocrx_word' id='word_1_501' title='bbox 848 4877 939 4928; x_wconf 66' lang='lat' dir='ltr'><strong>timon</strong></span> <span class='ocrx_word' id='word_1_502' title='bbox 956 4876 989 4930; x_wconf 82' lang='lat' dir='ltr'><strong>lt.</strong></span> 
     </span>
    </p>
   </div>
   <div class='ocr_carea' id='block_1_5' title="bbox 0 0 1632 5400">
    <p class='ocr_par' dir='ltr' id='par_1_5' title="bbox 0 0 1632 5400">
     <span class='ocr_line' id='line_1_51' title="bbox 0 0 1632 5400; baseline 0 1"><span class='ocrx_word' id='word_1_503' title='bbox 0 0 1632 5400; x_wconf 95' lang='lat' dir='ltr'><strong> </strong></span> 
     </span>
    </p>
   </div>
  </div>
 </body>
</html>
