3256 5400
529 267 604 330 LIB.
624 268 691 331 vll.
732 268 792 332 ΕΡ.
814 269 845 332 6.
866 269 897 331 6.
917 268 948 330 7.
970 268 1002 332 8.

621 421 980 508 menam)

553 536 695 602 cronno
718 539 749 601 s.
771 541 808 600 n.
830 537 1037 601 rannnrro.

225 663 255 724 1.
275 661 312 723 Ιιι
339 654 485 722 omnibus
513 657 592 722 meis
619 656 778 742 epistolis,
813 678 890 743 quas
918 655 959 720 ad
989 659 1151 721 Caesarem
1179 658 1299 724 autad
1327 656 1458 724 Balbum

141 754 248 828 mitto,
274 751 414 837 legitima
434 750 587 837 quaedam
609 759 657 815 est
677 750 813 815 accessio
835 749 1112 815 commendationis
1135 760 1222 827 tuae,
1254 773 1311 816 nee
1333 773 1369 815 ea
1391 752 1460 816 vnl-

141 846 240 933 garis,
269 845 324 910 sed
351 866 423 909 cnm
452 844 558 931 aliquo
585 844 700 928 insigni
720 843 837 908 indicio
863 865 951 908 meae
973 865 1048 928 erga
1070 854 1100 909 te
1122 844 1368 912 benevolentiae.
1411 852 1483 911 Tu⁵

140 940 236 1006 modo
257 939 387 1025 ineptias
409 938 483 1002 istas
514 946 545 1002 et
579 937 735 1002 desideria
760 936 848 1002 urbis
881 946 912 1001 et
931 936 1117 1002 urbanitatis
1140 938 1280 1024 depone,
1314 949 1364 1013 et,
1394 960 1458 1027 quo

141 1033 272 1099 consilio
293 1032 453 1119 proiectus
474 1053 524 1105 es,
546 1031 579 1097 id
601 1031 780 1097 assiduitate
802 1040 833 1094 et
853 1030 968 1095 virtute
990 1051 1194 1118 consequere.
1237 1037 1305 1099 Hoc
1327 1032 1382 1099 tibi
1397 1044 1459 1098 tam

140 1129 337 1215 ignoscemus
359 1148 416 1192 nos
437 1127 544 1200 amici,
565 1147 659 1211 quam
679 1125 868 1209 ignoverunt
888 1124 1037 1201 Medeae,

226 1251 311 1328 θυαε
332 1250 509 1313 Corinthum
529 1268 628 1310 arcem
641 1250 734 1310 altam
747 1249 904 1320 habebant,
926 1257 1080 1311 metrorus
1094 1250 1264 1329 opulentae,
1287 1251 1460 1330 optimates:

140 1367 255 1457 quibus
277 1369 330 1434 illa
351 1367 494 1433 manibus
518 1367 741 1456 gypsatissimis
762 1368 937 1455 persuasit,
964 1389 1005 1433 ne
1027 1368 1088 1435 sibi
1109 1368 1186 1434 vitio
1205 1368 1276 1433 illae
1291 1376 1498 1443 verterentro

140 1463 225 1552 qnod
247 1462 369 1528 abesset
390 1483 408 1526 a
432 1463 548 1547 patria;
571 1483 641 1525 nam

222 1587 313 1649 Multi
333 1605 420 1647 mm
441 1604 504 1647 rem
523 1585 591 1647 bene
611 1603 725 1665 gessere
745 1591 773 1646 et
788 1585 940 1665 publicam
956 1586 1063 1666 patrio
1078 1586 1207 1666 promel:

222 1680 332 1751 dlnlte',
355 1681 408 1761 qni
427 1679 509 1741 domi
529 1687 654 1740 oetatem
675 1687 809 1758 caperent,
826 1687 987 1758 propterea
1006 1688 1076 1740 sunt
1096 1680 1266 1759 improbati.

142 1801 214 1877 Quo
235 1798 268 1863 in
289 1819 422 1865 numero
455 1806 490 1862 tn
521 1806 606 1861 certe
628 1796 758 1871 luisses,
794 1796 912 1861 uisite
940 1797 1191 1863 extrusissemus.
1236 1803 1266 1863 2.
1288 1797 1348 1863 Sed
1369 1797 1459 1884 plura

140 1888 315 1957 scribemus
336 1890 423 1955 alias.
477 1896 542 1964 Tu,
579 1891 634 1976 qui
661 1891 775 1955 ceteris
801 1911 914 1955 cavere
942 1890 1095 1965 didicisti,
1125 1891 1157 1955 in
1179 1891 1336 1956 Britannia
1358 1911 1398 1954 ne
1419 1889 1458 1955 ab
1470 1907 1496 1951 ιε

140 1983 307 2049 essedariis
336 1983 519 2069 decipiaris,
554 1991 679 2059 caveto,
716 1993 767 2059 et,
800 1984 949 2071 qnoniam
975 1984 1117 2050 Medeam
1139 1985 1229 2071 coepi
1250 2005 1360 2069 agere,
1382 1983 1460 2049 illud

140 2096 265 2163 semper
287 2084 463 2142 memento:

225 2197 288 2276 Qui
307 2200 369 2280 ipse
389 2199 447 2261 nbi
466 2201 586 2281 sepinas
600 2200 740 2283 prodesse
764 2219 826 2262 non
845 2201 929 2282 qnit,
950 2201 1148 2282 nequidquam
1168 2202 1256 2282 sapit.

141 2320 223 2384 Cura
243 2329 280 2385 ut
299 2318 414 2385 valeas.

616 2457 993 2545 manem)
1467 2481 1497 2524 o

615 2573 757 2637 cronno
780 2573 987 2636 murano.

225 2697 254 2758 1.
287 2696 355 2778 Ego
384 2701 415 2756 te
440 2691 660 2757 commendare
689 2711 751 2755 non
778 2690 909 2765 desisto,
946 2690 1018 2767 sed,
1049 2689 1125 2778 quid
1154 2690 1336 2777 proficiam,
1365 2715 1406 2757 ex
1427 2703 1458 2759 te

141 2787 221 2854 seire
247 2787 351 2873 cupio.
406 2790 500 2872 Spem
527 2787 694 2850 maximam
721 2781 822 2849 babeo
844 2784 877 2849 in
898 2782 1012 2858 Balbo,
1042 2784 1196 2870 adquam
1218 2784 1257 2849 de
1279 2793 1308 2849 te
1330 2785 1460 2871 diligen-

140 2880 259 2948 tissime
281 2888 312 2944 et
334 2879 516 2965 saepissime
538 2877 651 2943 scribo.
695 2877 774 2943 lllnd
795 2878 885 2942 soleo
907 2877 1032 2951 mirari,
1054 2898 1117 2942 non
1138 2900 1188 2942 mc
1205 2877 1295 2943 toties
1316 2879 1458 2966 accipere

141 2985 209 3040 tuas
230 2973 364 3047 litteras,
387 2972 509 3059 quoties
531 2992 549 3035 a
572 2970 688 3048 Quinto
710 2970 786 3035 mibi
807 2971 904 3035 iratre
926 2971 1107 3036 afferantur.
1148 2976 1184 3037 ln
1205 2971 1363 3038 Britannia
1381 2973 1495 3037 nihilis

141 3088 209 3133 esse
245 3065 338 3132 audio
371 3086 473 3152 neque
509 3064 578 3128 auri
609 3085 709 3150 neque
741 3064 871 3148 argenti.
914 3064 949 3129 ld
971 3064 998 3128 si
1018 3065 1060 3128 ita
1083 3072 1143 3139 est,
1166 3063 1309 3130 essedum
1331 3065 1459 3152 aliquod

140 3161 244 3247 capias
272 3159 389 3225 suadeo
417 3167 449 3223 et
475 3157 515 3222 ad
542 3178 599 3222 nos
626 3178 718 3243 quam
747 3158 882 3243 primum
910 3178 1067 3223 recurras.
1117 3162 1146 3222 2.
1180 3158 1234 3223 Sin
1266 3168 1368 3224 antem
1390 3162 1458 3225 sine

141 3252 297 3321 Britannia
319 3264 422 3316 tamen
443 3250 586 3336 assequi,
623 3249 707 3335 quod
732 3251 893 3326 volumus,
915 3270 1101 3337 possumus,
1138 3249 1271 3336 pertice,
1303 3263 1338 3318 ut
1359 3254 1401 3318 sis
1423 3253 1456 3318 in

140 3345 346 3415 familiaribus
368 3344 518 3412 Caesaris.
570 3343 701 3408 Multum
729 3351 760 3408 te
781 3343 814 3407 in
839 3364 877 3408 eo
899 3343 997 3408 irater
1017 3342 1177 3408 adiuvabit
1197 3364 1304 3420 meus,
1326 3346 1458 3410 multum

141 3438 269 3512 Balbus,
292 3438 364 3515 sed,
399 3438 475 3503 mibi
497 3436 606 3512 crede,
630 3446 700 3501 tuns
720 3436 824 3522 pudor
846 3446 876 3502 et
896 3435 988 3502 labor
1009 3437 1189 3522 plurimum.
1231 3441 1494 3523 Imperatoremro

141 3531 412 3606 liberalissimum,
435 3540 566 3596 aetatem
588 3529 899 3615 opportunissimam,
921 3529 1222 3595 commendationem
1244 3541 1328 3597 certe
1352 3531 1459 3617 singn-

140 3618 255 3692 lareinl
276 3634 312 3691 nt
333 3625 390 3691 tibi
411 3646 508 3690 unum
529 3623 701 3690 timendum
722 3625 778 3700 sit,
800 3645 840 3688 ne
861 3625 928 3711 ipse
952 3624 1007 3690 tibi
1029 3625 1166 3690 defuisse
1187 3625 1325 3691 videare.
1424 3688 1428 3695 .

616 3767 695 3855 arn.
726 3761 771 3848 (a.
800 3766 833 3828 n.
856 3766 888 3828 c.
911 3760 996 3847 τοο.)

612 3886 754 3950 CICERO
776 3885 982 3949 TREBATIO.

226 4001 255 4063 1.
283 3996 413 4083 Scripsit
441 3995 481 4060 ad
502 4017 552 4060 me
575 3998 688 4061 Caesar
719 3994 953 4082 perhumaniter
980 3994 1119 4062 nondum
1145 4004 1176 4062 te
1204 3996 1265 4063 sibi
1293 3998 1367 4064 satis
1388 4018 1493 4063 essens

142 4091 327 4158 familiarem
348 4099 478 4177 propter
500 4091 718 4176 occupationes
741 4110 829 4164 snas,
852 4088 907 4152 sed
928 4098 1012 4155 certe
1033 4090 1112 4155 lore.
1168 4090 1224 4156 Cui
1247 4091 1374 4178 quidem
1397 4112 1456 4177 ego

141 4185 303 4272 rescripsi,
341 4204 434 4271 qnam
466 4182 543 4247 mibi
571 4192 694 4267 gratum
715 4189 798 4247 esset
818 4180 980 4255 futurum,
1017 4183 1044 4246 si
1065 4205 1159 4269 quam
1180 4185 1350 4270 plurimum
1371 4185 1404 4249 in
1426 4194 1456 4249 te

142 4278 248 4353 studii,
272 4277 389 4352 ollicii,
425 4275 617 4342 liberalitatis
638 4297 714 4341 suae
743 4274 932 4340 contulisset.
975 4275 1036 4340 Sed
1059 4297 1100 4340 er
1116 4277 1177 4342 tuis
1198 4278 1308 4343 litteris
1323 4277 1457 4363 cognovi

141 4392 385 4459 praeproperam
416 4370 570 4457 quandam
606 4368 834 4434 festinationem
867 4376 972 4441 tuam,
1009 4377 1040 4433 et
1061 4370 1153 4435 simul
1175 4393 1243 4436 snm
1265 4372 1455 4446 admiratus,

142 4486 198 4531 eur
218 4464 393 4530 tribunatus
422 4463 603 4536 commoda,
637 4462 763 4547 dempto
792 4463 977 4547 praesertim
1004 4463 1112 4528 labore
1137 4465 1285 4538 militiae,
1319 4475 1493 4530 contem-ro

208 4619 236 4669 B.
262 4618 380 4668 Corinthi
397 4617 552 4666 Lambinus·
574 4641 603 4653 -
638 4616 682 4666 16.
700 4616 823 4678 qnoniam
841 4614 886 4664 lla
905 4615 1010 4678 quondo
1037 4615 1067 4666 B.
1089 4640 1119 4651 -
1138 4620 1208 4679 coepi
1226 4631 1301 4681 opere
1319 4616 1360 4666 bl:
1380 4629 1456 4681 oqere

141 4690 213 4751 eoept
231 4687 314 4737 11.-
357 4687 401 4737 26.
421 4686 540 4738 ttnatbl.
561 4711 590 4723 -
627 4684 1182 4748 27·ecpinsruodeobl:anndeoenptor
1200 4687 1230 4736 ll.
1264 4710 1294 4721 -
1331 4686 1374 4735 ³1.
1402 4688 1456 4735 nn·

140 4758 257 4824 gntnrem
275 4756 321 4808 Mt
352 4757 509 4821 stapulensem
526 4756 603 4805 nobes
620 4755 650 4804 B.
678 4781 710 4791 -
745 4755 790 4805 36.
816 4761 882 4805 certe
899 4754 941 4804 M:
970 4762 1040 4805 certo
1058 4755 1089 4805 ll.
1126 4755 1181 4806 Clr.
1208 4755 1288 4805 Hand
1318 4756 1397 4805 Tura.
1417 4755 1454 4805 ll.

141 4840 169 4892 p.
187 4829 232 4877 22.
259 4853 291 4862 -
326 4826 370 4876 37.
398 4827 470 4876 Fort.
498 4840 577 4889 qnam
592 4826 656 4873 mibi
672 4831 779 4890 protum
800 4837 851 4874 ease
867 4825 994 4887 naturum.
1014 4824 1064 4876 Or.
1083 4849 1114 4861 -
1150 4826 1194 4876 39.
1209 4838 1303 4888 prosp.
1323 4825 1456 4890 quondum

140 4898 332 4962 {minationem
349 4895 394 4947 Ma
411 4909 506 4959 praep.
525 4896 715 4961 {attnnttonem
733 4892 799 4958 (om.
817 4890 961 4958 quondam)
980 4893 1011 4943 ll.
