3256 5400
176 250 218 313 st
602 242 876 306 EPISTOLARUM
898 243 950 305 itt
972 243 1063 309 ΕΔΜ.

175 404 286 471 fecisse
308 404 478 475 scientem,
512 399 598 487 quod
630 409 713 463 esset
742 407 852 462 contra
872 409 926 462 ant
947 417 1016 461 rem
1037 406 1090 461 aut
1111 395 1375 461 existimationem
1395 407 1497 474 tuam:

176 500 263 574 dein,
285 499 312 563 si
332 497 488 562 rationum
510 493 748 558 referendarum
769 491 820 555 ins
842 500 931 556 vetus
954 500 984 554 et
1006 511 1075 555 mos
1096 491 1242 576 antiquus
1264 501 1426 565 maneret,
1448 511 1499 555 mo

176 593 348 658 relaturum
381 589 533 661 rationes,
571 585 631 650 nisi
654 596 757 650 tecum
785 604 844 669 pro
866 583 1086 648 coniunctione
1108 593 1234 649 nostrae
1256 583 1495 649 necessitudinis

175 686 376 752 contulissem
411 679 695 765 coniecissemque,
731 698 794 741 non
827 675 933 741 luisse.
991 681 1021 742 2.
1053 677 1146 755 Quod
1174 678 1272 762 igitur
1292 677 1437 741 iecissem
1460 674 1500 740 ad

156 778 304 853 surbem,
340 777 366 841 si
389 773 583 840 consuetudo
605 771 734 858 pristina
757 780 914 843 maneret,
947 770 997 844 id,
1034 771 1181 856 quoniam
1211 772 1282 855 lege
1304 771 1382 835 Iulia
1404 770 1500 834 relin-

177 892 274 958 quere
295 870 432 935 rationcs
456 869 487 932 in
513 866 674 952 provincia
702 884 829 928 necesse
856 874 924 927 erat
949 863 1137 949 easdemque
1163 865 1293 930 totidem
1321 863 1428 929 verbis
1449 884 1500 928 re-

175 965 260 1030 ferre
283 963 323 1028 ad
344 962 521 1035 aerarium,
559 960 618 1025 ieci
641 959 673 1023 in
689 956 861 1042 provincia.
915 961 1022 1043 Neque
1045 957 1086 1022 ita
1117 957 1200 1032 leci,
1230 968 1265 1023 nt
1284 969 1314 1024 te
1333 959 1374 1023 ad
1393 979 1499 1022 meum

176 1057 342 1123 arbitrium
357 1055 566 1127 adducerem,
589 1052 645 1117 sed
666 1050 763 1115 tribui
789 1048 845 1115 tibi
865 1059 1001 1124 tantum,
1024 1060 1173 1137 quantum
1191 1073 1242 1115 me
1258 1051 1406 1117 tribuisse
1421 1074 1498 1117 nnn·

177 1173 270 1238 quam
290 1171 340 1214 me
357 1147 547 1235 poenitebit:
571 1155 671 1212 totum
695 1144 779 1209 enirn
804 1143 939 1208 scribam
963 1165 1084 1216 meum,
1107 1166 1201 1229 quem
1224 1144 1279 1211 tibi
1300 1147 1394 1213 video
1417 1167 1500 1212 nune

140 1266 246 1310 messe
267 1252 464 1330 suspectum,
486 1239 543 1306 tibi
565 1238 696 1317 tradidi:
718 1249 753 1303 tn
774 1237 804 1301 ei
824 1241 865 1302 Μ.
884 1237 1051 1313 Mindium,
1074 1238 1203 1302 fratrem
1226 1249 1331 1313 tuum,
1354 1239 1500 1305 adiunxi·

176 1339 225 1404 sti.
268 1337 414 1404 Rationes
437 1334 596 1400 conlectae
618 1354 669 1397 me
693 1329 820 1396 absente
844 1338 916 1395 sunt
937 1341 1055 1404 tecum,
1079 1332 1118 1396 ad
1139 1354 1216 1418 quas
1234 1354 1294 1416 ego
1314 1333 1392 1397 nibil
1413 1331 1500 1396 adbi-

176 1430 232 1497 bui
254 1439 380 1517 praeter
392 1428 568 1494 lectionem.
611 1431 657 1491 Ita
672 1426 777 1511 accepi
792 1423 908 1489 librum
928 1446 946 1488 a
967 1445 1039 1490 meo
1054 1446 1148 1490 servo
1165 1425 1288 1500 scriba,
1311 1435 1345 1491 ut
1364 1425 1500 1491 eundem

177 1523 391 1609 acceperima
423 1521 520 1586 fratre
549 1531 613 1586 tuo.
672 1519 706 1583 si
728 1518 828 1583 bonos
856 1517 983 1590 isfuit,
1020 1518 1172 1584 maiorem
1203 1518 1260 1584 tibi
1285 1517 1402 1584 babere
1436 1538 1500 1583 non

176 1617 287 1705 potui;
310 1615 336 1680 si
358 1613 450 1688 lides,
483 1614 635 1678 maiorem
656 1611 714 1678 tibi
732 1610 828 1676 habui
847 1633 940 1697 mam
962 1632 1062 1698 paene
1083 1613 1144 1698 ipsi
1165 1613 1259 1691 mibi;
1282 1613 1309 1679 si
1329 1610 1500 1698 providen-

142 1711 252 1777 rvdum
271 1710 345 1784 snit,
367 1730 406 1773 ne
433 1706 509 1793 quid
530 1707 635 1781 alitor,
657 1727 693 1770 ac
713 1703 770 1770 tibi
788 1711 820 1768 et
840 1703 1007 1770 honestum
1033 1714 1064 1769 et
1088 1707 1166 1771 utile
1191 1718 1289 1782 esset,
1312 1705 1499 1778 referretur,

178 1826 241 1869 non
257 1801 365 1876 babni,
388 1801 439 1865 oui
454 1800 559 1886 potius
573 1799 607 1863 id
623 1797 741 1884 negotii
756 1796 880 1872 darem,
903 1819 998 1884 qnam
1020 1803 1032 1828 *
1048 1804 1060 1827 *
1075 1799 1098 1880 †
1113 1798 1231 1865 darem.
1274 1799 1353 1865 lllud
1372 1795 1500 1885 quidem

178 1907 262 1961 certe
283 1896 480 1968 factumest,
517 1892 602 1980 qnod
623 1893 676 1958 lex
695 1889 841 1964 iubebat,
868 1899 903 1956 ut
923 1890 1007 1978 apud
1036 1891 1114 1957 duas
1134 1893 1292 1969 civitates,
1328 1891 1501 1958 Laodicen·

178 1998 290 2055 semet
309 1996 551 2074 Apamensem,
575 2007 655 2073 qnae
669 1983 761 2049 nobis
773 1984 908 2048 maxime
923 1984 1124 2060 videbantur,
1146 1987 1294 2072 qnoniam
1309 1988 1351 2052 ita
1371 2005 1500 2050 necesse

178 2090 260 2157 erat,
282 2081 419 2145 rationes
443 2080 600 2145 coniectas
618 2079 745 2144 collatas
767 2077 1006 2162 deponeremus.
1048 2083 1157 2166 ltaque
1175 2080 1248 2145 buin
1268 2081 1339 2146 loco
1362 2079 1499 2166 primum

142 2200 169 2238 so
178 2175 369 2260 respondeo,
392 2195 457 2249 me,
480 2194 668 2260 quamquam
690 2171 779 2236 iustis
801 2170 840 2235 de
862 2171 962 2235 causis
983 2172 1122 2237 rationes
1144 2172 1269 2240 dclcrre
1289 2172 1499 2259 properarim,

180 2279 282 2335 tamen
313 2278 342 2333 te
373 2277 628 2353 exspectaturum
658 2265 778 2338 luisse,
811 2262 870 2327 nisi
899 2263 931 2326 in
953 2264 1117 2349 provincia
1142 2267 1267 2331 relictas
1288 2269 1426 2333 rationes
1440 2286 1499 2353 pro

179 2363 286 2428 relatis
311 2360 475 2435 baberem,
508 2358 745 2446 quamobrem.
768 2407 776 2423 .
799 2404 840 2422 ..
892 2362 923 2422 3.
954 2363 1001 2423 De
1024 2359 1155 2425 Volusio
1176 2360 1262 2446 quod
1282 2360 1414 2435 scribis,
1436 2380 1500 2425 non

180 2467 227 2522 est
248 2455 280 2520 id
298 2455 473 2520 rationum:
496 2453 671 2519 docuerunt
692 2452 775 2516 enim
789 2471 841 2514 me
862 2450 957 2537 periti
973 2451 1130 2526 bomines,
1153 2452 1184 2517 in
1200 2454 1248 2518 bis
1267 2474 1337 2517 cum
1358 2453 1500 2518 omnium

180 2549 402 2637 peritissimus,
431 2556 497 2612 tum
521 2546 599 2610 mihi
625 2544 849 2618 amicissimus,
873 2547 905 2609 C.
929 2544 1091 2619 Camillus,
1128 2546 1167 2611 ad
1188 2547 1352 2613 Volusium
1372 2544 1500 2611 traferri

143 2662 294 2707 ssnomen
320 2662 338 2705 a
360 2640 485 2706 Valerio
506 2660 569 2704 non
591 2638 748 2724 potuisse,
783 2636 916 2721 praedes
944 2638 1129 2703 Valerianos
1157 2640 1266 2704 teneri.
1327 2647 1434 2726 Neque
1467 2637 1499 2703 id

181 2743 248 2799 erat
262 2737 333 2799 HS.
355 2756 448 2807 axx„
470 2742 505 2798 nt
518 2731 645 2807 scribis,
668 2730 724 2795 sed
746 2731 816 2794 HS.
832 2749 901 2794 xlx.
943 2734 1018 2797 Erat
1034 2732 1119 2797 onim
1140 2742 1248 2798 curata
1262 2732 1353 2798 nobis
1367 2732 1500 2818 pecnnia

181 2827 296 2894 Valerii
314 2825 462 2910 mancipis
487 2825 628 2898 nomine,
652 2846 692 2888 ex
714 2843 776 2908 qua
794 2822 952 2908 reliquum
971 2825 1057 2910 quod
1078 2836 1164 2899 erat,
1187 2826 1218 2889 in
1242 2826 1417 2892 rationibus
1438 2836 1501 2892 ret-

181 2920 247 2984 tuli.
290 2923 320 2982 t.
343 2918 405 2982 Sed
427 2919 472 2982 sio
493 2939 544 2981 me
567 2926 598 2982 et
618 2915 810 2995 liberalitatis
831 2914 936 2981 fructu
961 2918 1066 3002 privas
1090 2930 1122 2985 et
1146 2918 1322 3003 diligentiae
1344 2931 1391 2996 et,
1414 2919 1501 3008 quod

181 3011 309 3074 minime
334 3019 436 3075 tamen
455 3010 582 3085 laboro,
616 3009 783 3074 mediocris
808 3008 902 3073 etiam
924 3010 1129 3094 prudentiae:
1166 3011 1379 3089 liberalitatis,
1414 3015 1500 3100 quod

143 3104 280 3174 aomavis
314 3103 434 3169 scribae
464 3104 525 3168 mei
554 3102 706 3168 beneficio
735 3122 828 3188 quam
852 3123 924 3167 meo
953 3103 1089 3188 legatum
1115 3125 1219 3170 meum
1244 3108 1500 3197 praefectumque

182 3202 219 3276 Q.
249 3202 376 3283 Leptam
403 3197 540 3262 maxima
565 3196 738 3261 calamitate
769 3195 905 3270 levatos,
943 3217 1015 3262 cum
1045 3199 1230 3284 praesertim
1257 3221 1321 3264 non
1349 3200 1501 3267 deberent

181 3313 250 3356 esse
283 3290 426 3376 obligati:
463 3289 658 3374 diligentiae,
695 3287 781 3375 quod
810 3288 970 3354 existimas
985 3288 1032 3357 ¹de
1054 3299 1139 3361 tanto
1161 3292 1267 3358 officio
1289 3315 1381 3370 meo,
1414 3304 1500 3360 tanto

180 3385 275 3450 etiam
295 3383 457 3469 periculo,
479 3404 537 3448 neo
558 3383 654 3449 scisse
676 3403 726 3446 me
749 3381 919 3467 quidquam
937 3404 995 3448 nec
1011 3385 1212 3469 cogitavisse,
1234 3386 1385 3461 scribam,
1408 3387 1500 3475 quid-

180 3477 256 3563 quid
271 3477 437 3553 voluisset,
471 3499 541 3543 enm
560 3477 593 3541 id
617 3475 694 3540 mibi
719 3497 759 3540 nc
780 3476 971 3544 recitavisset
992 3479 1137 3565 quidem,
1167 3480 1338 3559 rettulisse:
1362 3481 1501 3568 pruden-

143 3572 257 3644 sstiac,
293 3591 365 3634 cum
385 3591 454 3634 rem
476 3592 494 3634 a
516 3591 566 3634 nro
588 3591 651 3634 non
673 3568 857 3655 insipienter
878 3572 1101 3657 excogitatam,
1123 3595 1163 3637 ne
1184 3572 1350 3657 cogitatam
1372 3575 1500 3661 quidem

180 3675 280 3750 putas.
323 3669 398 3727 Nam
421 3673 451 3727 et
477 3664 596 3731 Volusii
614 3662 768 3729 liberandi
790 3683 896 3728 meum
920 3664 979 3731 suit
996 3667 1177 3741 consilium,
1200 3679 1244 3741 ct,
1267 3677 1302 3733 ut
1320 3667 1416 3732 multa
1437 3677 1500 3731 tam

180 3758 284 3841 gravis
305 3756 479 3824 Valerianis
504 3756 673 3843 praedibus
704 3755 828 3841 ipsique
854 3762 888 3821 T.
911 3758 1011 3823 Mario
1040 3758 1267 3844 depelleretur,
1304 3784 1321 3826 a
1351 3782 1401 3825 me
1423 3760 1501 3826 inita

180 3852 261 3917 ratio
283 3860 346 3929 est;
369 3873 461 3937 qnam
483 3852 609 3938 quidem
639 3871 749 3916 omnes
775 3873 838 3915 non
861 3852 963 3917 solum
985 3851 1137 3940 probant,
1159 3855 1215 3919 sed
1242 3855 1336 3920 etiam
1356 3852 1499 3928 laudant,

248 4044 275 4092 ls.
308 4043 376 4106 Quid
401 4042 439 4092 Μ.
469 4066 499 4077 -
535 4043 562 4092 5.
581 4044 704 4106 qnoniam
722 4042 767 4092 M:
797 4055 874 4106 quum
893 4041 924 4092 Ε.
956 4067 990 4080 -
1025 4043 1051 4092 6.
1075 4044 1174 4107 deterre
1196 4044 1446 4110 Martyni-Laguna.
1467 4069 1499 4081 -

180 4112 206 4161 8.
233 4126 367 4175 nuoqoom
392 4125 432 4161 ms
457 4111 503 4162 M:
533 4125 667 4174 nunquam
694 4111 724 4160 Ε.
754 4134 784 4147 -
820 4112 848 4160 a.
869 4108 964 4175 totum]
998 4112 1110 4162 Tettium
1129 4127 1184 4176 mg.
1205 4114 1330 4177 Repetitt.
1351 4115 1446 4164 Lamb.
1467 4140 1500 4151 -

181 4183 224 4232 16.
250 4184 349 4245 negotis·
373 4182 480 4241 daron,
511 4194 589 4243 qoem
608 4217 615 4230 .
636 4216 644 4230 .
665 4215 672 4230 .
694 4217 701 4231 .
720 4182 812 4231 darem
836 4181 881 4230 M:
909 4183 1007 4246 negotii
1023 4182 1112 4232 dorna
1131 4183 1161 4232 Ε.
1187 4184 1259 4233 Fort.
1278 4186 1377 4249 negotii
1393 4185 1498 4244 dorus,

181 4266 259 4314 quom
276 4254 317 4301 cot
334 4253 501 4301 memorem.
520 4250 571 4301 Oa.
593 4275 623 4288 -
660 4252 703 4302 17.
723 4259 822 4301 certum
839 4250 877 4301 M.
898 4275 929 4287 -
966 4252 1009 4302 18.
1028 4254 1141 4303 montom
1159 4254 1217 4303 Vb:
1235 4257 1368 4304 maximos
1385 4254 1445 4304 ΜΕ.
1466 4278 1498 4291 -

180 4318 313 4384 quoniam]
340 4334 418 4385 quom
447 4321 484 4371 M.
512 4345 540 4355 -
595 4322 638 4372 19.
669 4322 798 4386 confectos
824 4321 935 4372 collatos
958 4322 1093 4373 Orellius:
1125 4326 1253 4388 consectas
1278 4324 1428 4375 consolatos
1452 4323 1498 4381 M,

181 4392 308 4454 confectos
326 4398 350 4440 et
368 4391 542 4440 consolidatos
561 4390 591 4440 Ε.
613 4390 752 4455 (confectos
770 4391 927 4454 coltotosqna
946 4405 1001 4455 mg.
1021 4392 1124 4456 Repeti.
1144 4393 1262 4456 Lamb.).
1283 4418 1311 4428 -
1341 4395 1385 4443 26.
1405 4395 1500 4457 reterre

183 4462 203 4509 l.
225 4462 254 4510 F.
279 4461 440 4510 Gronovius.
469 4484 497 4494 -
534 4462 579 4510 22.
598 4462 690 4511 retati:
708 4475 769 4510 curn
788 4461 920 4511 Lambino
939 4461 981 4513 ll:
1008 4461 1070 4512 lotis
1087 4463 1136 4522 M,
1156 4465 1259 4513 collatis
1277 4464 1382 4514 ilentiv.
1402 4463 1446 4513 16.
1465 4484 1500 4498 -·

181 4529 320 4589 haberem,
340 4530 505 4593 quomobrem
524 4564 530 4576 .
552 4565 559 4580 .
582 4566 616 4580 ..
655 4532 692 4581 Ds
713 4532 817 4581 Volusio
834 4531 968 4580 Orelllus:
988 4533 1115 4583 haberem.
1154 4535 1326 4596 Quamobrem
1344 4535 1375 4585 da
1397 4533 1501 4584 Vetusto

181 4600 252 4660 ΜΕ,
272 4601 399 4649 liniarem.
437 4600 473 4649 Da
506 4601 608 4649 Volusio
631 4600 790 4651 Lambinus.
827 4601 931 4651 Excidit
958 4603 1046 4664 potius
1072 4603 1153 4652 detuli
1177 4610 1240 4653 ante
1259 4605 1361 4654 litteras
1378 4605 1410 4654 da
1426 4603 1499 4655 nolu.

182 4668 233 4719 On.
256 4694 282 4703 -
310 4670 355 4719 26.
375 4670 485 4733 traferri
502 4670 546 4719 M:
567 4672 709 4734 tromsarrs‘
727 4671 758 4721 Ε.
779 4696 809 4707 -
840 4671 885 4721 26.
902 4673 1013 4733 proedo:
1029 4671 1076 4723 M:
1094 4674 1139 4722 sed
1154 4675 1263 4735 praedes
1283 4673 1313 4722 Ε.
1333 4700 1362 4711 -
1391 4672 1437 4724 26.
1457 4686 1500 4724 sas·

182 4739 400 4790 rotoooln'sM:
430 4739 504 4788 nobis
522 4748 616 4790 curata
635 4741 665 4790 Ε.
698 4764 729 4776 -
766 4739 810 4790 61.
830 4741 861 4802 Q.
881 4740 990 4802 Leptam
1008 4755 1065 4791 om.
1083 4743 1123 4802 N,
1152 4744 1309 4802 Manutius,
1330 4744 1499 4805 Lambinus,

183 4809 429 4871 Martvni-Lagnna.
451 4833 481 4844 -
518 4809 1081 4874 ³4.prndeotios,qnodrsm1.ambinus.
1103 4838 1134 4850 -
1170 4814 1216 4865 65.
1232 4829 1265 4866 ns
1282 4816 1425 4879 cogitatam
1442 4827 1499 4866 om.

182 4879 219 4931 ti.
240 4879 321 4929 Vetus
339 4884 380 4930 est
396 4879 624 4942 supplementum.
