3256 5400
615 203 890 269 EPtsrocsuutt
910 207 962 267 ab
984 206 1074 269 ΕΔΜ.

662 363 714 423 rr.
757 358 1024 443 (suc-110.)

648 475 818 537 eunucus
847 475 1040 538 cronnonr.

275 597 303 657 1.
337 590 536 659 Gratissimae
562 592 640 657 mibi
661 601 733 657 tuae
754 593 876 658 litterae
898 592 1041 666 luerunt,
1068 614 1145 679 quas
1167 615 1206 658 ex
1228 594 1335 659 Furnii
1357 614 1502 660 sermone

188 698 219 752 te
245 686 406 771 scripsisse
434 685 648 751 animadverti.
698 691 765 772 Ego
786 697 890 751 autem
912 686 1072 772 praeteriti
1095 688 1245 771 temporis
1268 687 1503 752 excusationem

164 781 302 855 sall'ero,
324 779 409 865 quod
431 788 461 844 le
482 779 656 865 protectum
679 779 860 857 audieram3
882 800 940 844 nec
961 779 1060 844 multo
1082 790 1153 844 ante
1175 781 1293 846 redisse
1315 781 1385 853 seii,
1409 802 1504 868 quam

189 898 229 941 ex
251 873 382 961 epistola
404 883 456 938 tua
478 873 621 957 cognovi.
663 873 787 937 Nullum
810 873 891 936 enim
915 872 946 936 in
968 881 998 937 tc
1020 874 1172 947 officium,
1196 897 1234 939 ne
1257 876 1418 940 minimum
1435 874 1505 959 qui-

189 969 276 1043 dem,
310 969 377 1033 sine
400 967 534 1031 maxima
556 967 645 1052 culpa
667 967 778 1030 videor
799 987 891 1051 posse
913 967 1100 1051 praeterire;
1124 967 1155 1031 in
1178 990 1241 1055 quo
1264 969 1380 1033 tuendo
1403 966 1504 1031 babeo

189 1081 299 1126 causas
325 1060 474 1144 plurimas
507 1060 555 1124 vel
584 1070 730 1144 paternae
759 1059 995 1124 necessitudinis
1017 1061 1066 1125 vel
1089 1082 1176 1125 meae
1199 1083 1216 1125 a
1239 1063 1373 1147 pueritia
1395 1060 1505 1124 obscr-

189 1155 310 1219 vantiae
332 1156 381 1219 vel
404 1155 448 1219 tui
470 1175 544 1238 erga
565 1175 615 1217 me
638 1153 737 1217 mutui
759 1153 885 1218 amoris.
929 1157 959 1218 2.
982 1156 1104 1230 Quare,
1126 1156 1169 1219 mi
1186 1156 1311 1228 Cicero,
1334 1156 1418 1241 quod
1435 1175 1504 1217 mea

155 1259 304 1335 rotuaque
326 1249 444 1336 patitur
464 1258 564 1320 aetas,
597 1247 751 1333 persuade
773 1247 829 1313 tibi
851 1259 881 1312 te
909 1269 1005 1312 unum
1028 1270 1112 1322 esse,
1150 1249 1183 1314 in
1205 1271 1268 1335 quo
1290 1271 1350 1334 ego
1372 1247 1503 1312 colendo

189 1342 320 1429 patriam
331 1341 407 1406 mihi
421 1342 636 1407 constituerim
650 1342 852 1407 sanctitatem.
896 1343 1007 1407 Omnia
1022 1343 1118 1425 igilur
1131 1352 1182 1408 tua
1204 1343 1332 1408 consilia
1354 1341 1428 1405 mihi
1442 1361 1504 1403 non

188 1441 288 1524 magis
319 1437 503 1526 prudentiae
531 1437 639 1521 plena,
673 1457 752 1522 quae
781 1457 900 1501 summa
923 1445 987 1511 est,
1023 1436 1183 1510 videntur,
1217 1459 1310 1523 quam
1332 1435 1504 1508 fidelitatis,

189 1555 284 1620 quam
316 1553 375 1617 ego
404 1553 445 1596 ex
477 1551 546 1594 mea
579 1529 766 1594 conscientia
794 1531 918 1595 metior.
970 1533 1075 1608 Quare
1104 1531 1130 1594 si
1151 1540 1204 1597 aut
1225 1530 1316 1594 aliter
1337 1528 1504 1600 sentirem,
1610 1560 1612 1564 ·

190 1636 275 1691 certe
297 1624 470 1690 admonitio
491 1634 543 1688 tua
565 1644 616 1687 me
637 1623 811 1708 reprimere
833 1633 899 1697 aut,
921 1623 949 1689 si
971 1623 1163 1697 dubitarem,
1186 1622 1321 1688 hortatio
1343 1621 1504 1708 impellere

156 1743 181 1784 ns
190 1728 312 1806 posset,
334 1727 369 1783 ut
390 1717 421 1783 id
444 1737 610 1803 sequerer,
633 1716 718 1802 quod
739 1724 773 1781 tu
794 1716 945 1802 optimum
968 1728 1105 1802 putares.
1147 1720 1235 1782 Nunc
1257 1738 1333 1781 vero
1355 1714 1504 1801 quidest,

192 1812 277 1900 quod
298 1833 349 1876 me
370 1811 403 1876 iu
424 1811 516 1876 aliam
537 1820 656 1896 partem
679 1809 804 1874 trabere
824 1810 942 1896 possit?
972 1813 1184 1895 Quaecunque
1205 1809 1237 1874 in
1260 1831 1308 1873 me
1331 1808 1412 1875 bona
1434 1816 1506 1873 sunt

192 1915 244 1972 aut
266 1904 409 1970 fortunae
442 1903 594 1968 beneficio
623 1901 739 1967 tributa
768 1910 821 1966 aut
841 1923 912 1967 meo
934 1901 1042 1967 labore
1063 1911 1168 1988 parta,
1205 1902 1264 1966 etsi
1285 1923 1302 1965 a
1323 1913 1353 1967 te
1375 1917 1506 1988 propter

192 2019 332 2064 amorem
353 1998 457 2063 carius
478 2007 550 2063 suot
570 1996 743 2069 aestimata,
767 2004 868 2060 tamen
890 1996 940 2060 vel
961 1996 1168 2060 inimicissimi
1189 1994 1306 2060 iudicio
1328 2006 1409 2060 tanta
1424 2004 1504 2069 sunt,

191 2104 227 2160 ut
258 2102 381 2178 practer
408 2091 523 2157 bonam
558 2088 672 2154 lamam
699 2088 776 2153 nibil
809 2088 988 2154 desiderare
1015 2088 1190 2154 videantur.
1247 2095 1277 2153 3.
1307 2093 1413 2167 Quare
1447 2090 1506 2154 hoc

154 2207 288 2252 connum
310 2185 366 2250 tibi
387 2184 559 2270 persuade,
581 2191 730 2269 quantum
754 2180 874 2247 viribus
896 2183 986 2257 eniti,
1008 2182 1140 2248 consilio
1162 2181 1348 2268 providere,
1371 2183 1507 2249 auctori·

190 2290 252 2346 tate
280 2300 409 2344 monere
440 2287 595 2363 potuero,
629 2275 689 2340 boc
721 2296 814 2340 omne
842 2276 889 2340 rei
915 2274 1058 2361 publicae
1080 2296 1204 2361 semper
1231 2275 1381 2339 futurum.
1437 2280 1506 2339 Non

192 2383 239 2440 est
260 2375 383 2459 ignotus
414 2371 492 2436 mibi
524 2392 633 2435 sensus
655 2377 746 2445 tuus;
774 2389 893 2455 neque,
916 2369 942 2433 si
964 2367 1092 2434 facultas
1113 2368 1258 2455 optabilis
1279 2369 1356 2434 mibi
1378 2369 1506 2455 quidem

190 2467 237 2532 tui
258 2465 428 2552 praesentis
450 2472 546 2539 essct,
567 2484 705 2549 unquam
727 2484 746 2526 a
766 2462 828 2527 tuis
849 2461 986 2527 consiliis
1005 2461 1231 2549 discreparem:
1254 2483 1312 2528 nec
1326 2484 1407 2528 nunc
1421 2484 1506 2528 com·

191 2560 327 2634 mittam,
360 2567 396 2623 ut
416 2558 514 2623 ullum
536 2578 640 2621 meum
662 2556 777 2622 lactum
798 2555 1030 2641 reprehendere
1051 2556 1121 2620 iure
1143 2557 1255 2642 possis.
1307 2562 1337 2622 d.
1367 2560 1443 2620 Sum
1473 2557 1507 2620 iu

127 2728 130 2733 .
154 2672 183 2714 rs
192 2652 424 2740 exspectatione
451 2649 591 2716 omnium
618 2671 742 2724 rerum,
772 2649 847 2736 quid
879 2649 911 2714 iu
940 2649 1036 2715 Gallia
1065 2649 1227 2722 citeriore,
1262 2651 1337 2734 quid
1366 2651 1398 2714 in
1425 2649 1506 2715 urbe

192 2768 298 2811 mense
320 2744 465 2811 ianuario
486 2753 630 2827 geratur,
652 2753 686 2807 ut
707 2743 812 2807 sciam.
855 2742 982 2808 Interim
1005 2742 1173 2806 maximam
1194 2741 1245 2806 bic
1266 2742 1507 2808 sollicitudinem

191 2861 360 2926 curamque
389 2840 544 2913 sustineo,
581 2859 619 2902 ne
646 2836 726 2901 inter
752 2837 852 2902 aliena
874 2837 948 2902 vitia
978 2836 1034 2901 hae
1056 2847 1163 2921 gentes
1189 2847 1296 2902 nostra
1319 2839 1397 2903 mala
1419 2860 1507 2902 suam

191 2942 300 3018 putent
321 2933 527 2998 occasionem.
572 2930 665 3008 Quod
687 2930 713 2994 si
735 2930 888 3016 proinde,
910 2940 945 2996 ut
966 2931 1032 3016 ipse
1054 2952 1193 3006 mercor,
1215 2931 1293 2996 mibi
1314 2933 1506 3008 successerit,

191 3038 277 3092 certe
310 3035 341 3091 et
370 3024 440 3102 tibi,
473 3025 524 3091 cui
551 3027 687 3090 maxime
720 3025 828 3109 cupio,
861 3037 893 3089 et
924 3023 1068 3089 omnibus
1094 3024 1171 3090 viris
1197 3022 1287 3090 bonis
1309 3026 1507 3092 satisfaciam.

156 3125 252 3187 solae
273 3120 377 3186 valeas
398 3140 511 3206 meque
532 3129 642 3183 mutuo
664 3117 784 3202 diligas.

680 3261 710 3322 ν.
753 3257 802 3341 (A.
827 3261 860 3323 o.
883 3260 914 3323 c.
936 3259 1021 3342 ru.)

665 3372 807 3437 crosno
828 3373 981 3436 rusuco
1004 3375 1035 3436 s.

279 3498 307 3560 1.
334 3493 427 3559 Binas
459 3515 477 3558 a
506 3502 536 3558 te
562 3492 668 3578 accepi
696 3493 813 3558 litteras
842 3492 954 3556 eodem
983 3493 1142 3580 exemplo;
1179 3494 1264 3579 quod
1291 3495 1392 3581 ipsum
1415 3516 1509 3580 argu-

192 3596 298 3652 mento
319 3588 394 3652 mibi
416 3586 475 3652 luit
496 3586 674 3671 diligentiae
696 3593 778 3651 tuae.
831 3585 972 3650 lntcllexi
995 3586 1079 3650 enim
1101 3596 1129 3650 te
1152 3585 1311 3662 laborare,
1341 3597 1376 3652 ut
1397 3587 1436 3652 ad
1457 3610 1508 3653 me

156 3681 268 3754 mmihi
291 3680 573 3766 exspectatissimae
594 3681 715 3745 litterae
729 3679 956 3765 perferrentur.
998 3683 1046 3744 Ex
1068 3678 1182 3764 quibus
1204 3682 1272 3767 cepi
1294 3681 1427 3746 fructum
1451 3682 1509 3746 du·

192 3776 303 3860 plicem
333 3773 471 3859 mihique
503 3774 536 3838 iu
562 3773 794 3859 comparatione
823 3772 977 3836 dillicilem
1007 3772 1045 3836 ad
1073 3773 1290 3846 iudicandum,
1327 3796 1509 3842 amoremne

191 3888 265 3952 erga
287 3889 338 3931 mc
360 3877 463 3942 tuum,
498 3889 537 3932 sn
558 3867 696 3931 animum
718 3867 750 3930 in
779 3887 846 3929 rem
875 3864 1030 3950 publicam
1052 3865 1150 3951 pluris
1172 3867 1398 3932 aestimandum
1420 3879 1509 3954 puta-

190 3982 268 4026 rem.
310 3965 365 4025 Est
386 3961 514 4025 omniuo
535 3961 654 4046 patriae
675 3959 787 4024 caritas
809 3980 879 4023 meo
901 3958 1027 4044 quidem
1042 3959 1160 4024 iudicio
1176 3961 1325 4039 maxima3
1348 3961 1401 4026 scd
1418 3983 1509 4027 amor

191 4054 420 4139 voluntatisque
441 4053 619 4119 coniunctio
646 4054 717 4139 plus
738 4062 822 4117 certo
844 4050 937 4117 babet
964 4053 1133 4117 suavitatis.
1191 4059 1298 4139 ltaque
1319 4076 1508 4120 commemo-

154 4148 271 4220 ,oratio
299 4158 350 4212 tua
383 4158 530 4232 paternae
557 4146 793 4212 necessitudinis
815 4144 1112 4232 benevolentiaeque
1134 4153 1214 4220 eius,
1245 4169 1338 4233 quam
1361 4170 1435 4233 erga
1457 4169 1508 4212 me

191 4263 209 4306 a
237 4243 369 4327 pueritia
401 4241 599 4314 contulisses,
637 4252 874 4325 ceterarumque
908 4260 1029 4310 rerum.
1060 4261 1141 4324 quae
1170 4241 1210 4305 ad
1236 4262 1304 4305 eam
1326 4242 1509 4306 sententiam

190 4334 401 4420 pertinebant,
425 4334 639 4399 incredibilem
661 4333 737 4398 mihi
759 4333 906 4398 laetitiam
924 4332 1103 4398 attuleruut.
1147 4338 1176 4398 2.
1199 4340 1318 4400 Rursus
1340 4334 1509 4400 declaratio

190 4429 287 4494 animi
308 4433 374 4501 tui,
407 4450 502 4512 quem
531 4427 663 4493 haberes
685 4427 725 4492 de
747 4449 781 4492 re
802 4426 926 4518 publica
949 4447 1104 4512 quemque
1127 4426 1289 4492 habiturus
1311 4449 1409 4504 esses,
1432 4428 1510 4493 mibi

191 4532 259 4587 erat
279 4521 519 4587 iucundissima:
542 4542 644 4608 eoque
659 4521 761 4586 maior
775 4532 841 4586 erat
856 4521 931 4585 baec
946 4520 1077 4592 laetitia,
1101 4520 1185 4607 quod
1208 4521 1247 4586 ad
1269 4521 1320 4586 illa
1345 4522 1510 4607 superiora

262 4704 288 4752 5.
307 4704 353 4752 acti
371 4703 511 4752 Baiterus:
530 4704 591 4751 sctis
609 4703 654 4762 ll,
674 4705 736 4752 scitu·
755 4704 785 4752 Ε.
807 4729 835 4739 -‹
874 4703 918 4752 21.
937 4716 1037 4751 moriere
1057 4715 1098 4764 pr.
1116 4702 1152 4751 Μ.
1192 4701 1243 4751 Sed
1263 4702 1296 4750 el.
1313 4702 1370 4750 Ltb.
1392 4702 1437 4753 lx.
1458 4702 1507 4764 Ep.

191 4773 236 4823 et.
256 4770 285 4834 ὃ.
304 4772 331 4822 lt.
353 4781 512 4834 -potuero
531 4773 575 4822 bl:
602 4772 742 4835 poterell.
770 4797 800 4809 -
819 4773 863 4823 2³.
884 4774 1003 4821 omittam
1021 4771 1057 4822 Μ.
1084 4792 1112 4804 -
1130 4771 1175 4820 26.
1195 4779 1223 4821 ut
1241 4774 1321 4821 setam
1340 4772 1404 4821 secl.
1426 4772 1454 4821 ll.
1478 4797 1508 4806 -

191 4843 486 4904 28.1urmmammr.
506 4848 569 4893 tres.
584 4866 614 4885 1·-
634 4843 677 4892 80·
697 4843 779 4894 mutto
799 4843 834 4892 Μ.
848 4870 877 4880 -
898 4843 940 4892 37.
960 4855 1017 4904 rep.
1037 4841 1073 4891 Μ.
1092 4864 1122 4876 -
1143 4841 1185 4890 42.
1204 4842 1332 4892 attulerat
1351 4841 1508 4891 Lambinus.
