<?xml version="1.0" encoding="UTF-8"?>
<!DOCTYPE html PUBLIC "-//W3C//DTD XHTML 1.0 Transitional//EN"
    "http://www.w3.org/TR/xhtml1/DTD/xhtml1-transitional.dtd">
<html xmlns="http://www.w3.org/1999/xhtml" xml:lang="en" lang="en">
 <head>
  <title>
</title>
<meta http-equiv="Content-Type" content="text/html;charset=utf-8" />
  <meta name='ocr-system' content='tesseract 3.04.00' />
  <meta name='ocr-capabilities' content='ocr_page ocr_carea ocr_par ocr_line ocrx_word'/>
</head>
<body>
  <div class='ocr_page' id='page_1' title='image "./operaquaesupers06halmgoog/operaquaesupers06halmgoog_0683.png"; bbox 0 0 3256 5400; ppageno 0'>
   <div class='ocr_carea' id='block_1_1' title="bbox 593 191 1002 256">
    <p class='ocr_par' dir='ltr' id='par_1_1' title="bbox 593 191 1002 256">
     <span class='ocr_line' id='line_1_1' title="bbox 593 191 1002 256; baseline 0.005 -2"><span class='ocrx_word' id='word_1_1' title='bbox 593 193 665 254; x_wconf 78' lang='grc' dir='ltr'>ΗΒ.</span> <span class='ocrx_word' id='word_1_2' title='bbox 688 191 742 253; x_wconf 86' lang='lat' dir='ltr'>xt.</span> <span class='ocrx_word' id='word_1_3' title='bbox 786 191 843 252; x_wconf 81' lang='grc' dir='ltr'>ΕΡ.</span> <span class='ocrx_word' id='word_1_4' title='bbox 865 193 895 252; x_wconf 80' lang='lat' dir='ltr'>d.</span> <span class='ocrx_word' id='word_1_5' title='bbox 919 192 948 253; x_wconf 85' lang='lat'>5.</span> <span class='ocrx_word' id='word_1_6' title='bbox 972 192 1002 256; x_wconf 88' lang='grc'>6.</span> 
     </span>
    </p>
   </div>
   <div class='ocr_carea' id='block_1_2' title="bbox 628 346 973 431">
    <p class='ocr_par' dir='ltr' id='par_1_2' title="bbox 628 346 973 431">
     <span class='ocr_line' id='line_1_2' title="bbox 628 346 973 431; baseline 0.009 -22"><span class='ocrx_word' id='word_1_7' title='bbox 628 350 658 411; x_wconf 78' lang='lat' dir='ltr'>r.</span> <span class='ocrx_word' id='word_1_8' title='bbox 702 346 751 429; x_wconf 78' lang='lat' dir='ltr'>(A.</span> <span class='ocrx_word' id='word_1_9' title='bbox 778 349 810 412; x_wconf 87' lang='lat' dir='ltr'>u.</span> <span class='ocrx_word' id='word_1_10' title='bbox 833 350 866 412; x_wconf 86' lang='lat' dir='ltr'>c.</span> <span class='ocrx_word' id='word_1_11' title='bbox 889 349 973 431; x_wconf 83' lang='lat' dir='ltr'>roc.)</span> 
     </span>
    </p>
   </div>
   <div class='ocr_carea' id='block_1_3' title="bbox 608 470 989 535">
    <p class='ocr_par' dir='ltr' id='par_1_3' title="bbox 608 470 989 535">
     <span class='ocr_line' id='line_1_3' title="bbox 608 470 989 535; baseline -0.003 -1"><span class='ocrx_word' id='word_1_12' title='bbox 608 470 749 535; x_wconf 81' lang='lat' dir='ltr'>CICERO</span> <span class='ocrx_word' id='word_1_13' title='bbox 783 471 925 534; x_wconf 79' lang='lat' dir='ltr'>tt&#39;l&#39;TlCO</span> <span class='ocrx_word' id='word_1_14' title='bbox 959 473 989 533; x_wconf 91' lang='lat' dir='ltr'>S.</span> 
     </span>
    </p>
   </div>
   <div class='ocr_carea' id='block_1_4' title="bbox 140 579 1479 862">
    <p class='ocr_par' dir='ltr' id='par_1_4' title="bbox 140 579 1479 862">
     <span class='ocr_line' id='line_1_4' title="bbox 226 579 1459 673; baseline 0 -20"><span class='ocrx_word' id='word_1_15' title='bbox 226 593 253 654; x_wconf 89' lang='lat' dir='ltr'>t.</span> <span class='ocrx_word' id='word_1_16' title='bbox 277 590 365 666; x_wconf 85' lang='lat' dir='ltr'><strong>Quae</strong></span> <span class='ocrx_word' id='word_1_17' title='bbox 387 606 437 649; x_wconf 93' lang='lat' dir='ltr'>me</span> <span class='ocrx_word' id='word_1_18' title='bbox 458 604 570 649; x_wconf 89' lang='lat' dir='ltr'>causae</span> <span class='ocrx_word' id='word_1_19' title='bbox 592 579 763 653; x_wconf 87' lang='lat' dir='ltr'>moverint,</span> <span class='ocrx_word' id='word_1_20' title='bbox 795 601 889 666; x_wconf 89' lang='lat' dir='ltr'>quam</span> <span class='ocrx_word' id='word_1_21' title='bbox 911 580 1057 656; x_wconf 81' lang='lat' dir='ltr'>acerbae,</span> <span class='ocrx_word' id='word_1_22' title='bbox 1092 605 1184 669; x_wconf 93' lang='lat' dir='ltr'>quam</span> <span class='ocrx_word' id='word_1_23' title='bbox 1208 606 1335 670; x_wconf 77' lang='lat' dir='ltr'>graves,</span> <span class='ocrx_word' id='word_1_24' title='bbox 1367 609 1459 673; x_wconf 91' lang='lat' dir='ltr'>quam</span> 
     </span>
     <span class='ocr_line' id='line_1_5' title="bbox 140 673 1459 765; baseline -0.001 -18"><span class='ocrx_word' id='word_1_25' title='bbox 140 704 256 756; x_wconf 89' lang='lat' dir='ltr'>novae,</span> <span class='ocrx_word' id='word_1_26' title='bbox 290 679 513 764; x_wconf 80' lang='lat' dir='ltr'>co&#39;e&#39;geriutque</span> <span class='ocrx_word' id='word_1_27' title='bbox 535 677 654 761; x_wconf 91' lang='lat' dir='ltr'>impetu</span> <span class='ocrx_word' id='word_1_28' title='bbox 676 673 774 758; x_wconf 78' lang='lat' dir='ltr'>magis</span> <span class='ocrx_word' id='word_1_29' title='bbox 795 673 932 759; x_wconf 92' lang='lat' dir='ltr'>quodam</span> <span class='ocrx_word' id='word_1_30' title='bbox 955 675 1048 740; x_wconf 91' lang='lat' dir='ltr'>animi</span> <span class='ocrx_word' id='word_1_31' title='bbox 1071 678 1116 741; x_wconf 93' lang='lat' dir='ltr'>uti</span> <span class='ocrx_word' id='word_1_32' title='bbox 1139 700 1231 763; x_wconf 89' lang='lat' dir='ltr'>quam</span> <span class='ocrx_word' id='word_1_33' title='bbox 1254 682 1459 765; x_wconf 69' lang='lat' dir='ltr'>cogitatione,</span> 
     </span>
     <span class='ocr_line' id='line_1_6' title="bbox 140 767 1479 862; baseline -0.004 -21"><span class='ocrx_word' id='word_1_34' title='bbox 140 798 203 841; x_wconf 93' lang='lat' dir='ltr'>non</span> <span class='ocrx_word' id='word_1_35' title='bbox 225 797 352 862; x_wconf 91' lang='lat' dir='ltr'>possum</span> <span class='ocrx_word' id='word_1_36' title='bbox 374 772 412 837; x_wconf 91' lang='lat' dir='ltr'>ad</span> <span class='ocrx_word' id='word_1_37' title='bbox 435 782 465 837; x_wconf 91' lang='lat' dir='ltr'>tc</span> <span class='ocrx_word' id='word_1_38' title='bbox 487 772 554 836; x_wconf 89' lang='lat' dir='ltr'>sine</span> <span class='ocrx_word' id='word_1_39' title='bbox 577 769 714 833; x_wconf 83' lang='lat' dir='ltr'>maximo</span> <span class='ocrx_word' id='word_1_40' title='bbox 737 767 847 832; x_wconf 92' lang='lat' dir='ltr'>dolore</span> <span class='ocrx_word' id='word_1_41' title='bbox 870 767 1027 845; x_wconf 86' lang='lat' dir='ltr'>scribere;</span> <span class='ocrx_word' id='word_1_42' title='bbox 1051 769 1179 836; x_wconf 84' lang='lat' dir='ltr'>luerunt</span> <span class='ocrx_word' id='word_1_43' title='bbox 1201 774 1327 858; x_wconf 92' lang='lat' dir='ltr'>quidem</span> <span class='ocrx_word' id='word_1_44' title='bbox 1349 787 1479 848; x_wconf 77' lang='lat' dir='ltr'>tantaes</span> 
     </span>
    </p>
   </div>
   <div class='ocr_carea' id='block_1_5' title="bbox 140 862 1503 2716">
    <p class='ocr_par' dir='ltr' id='par_1_5' title="bbox 140 862 1503 2716">
     <span class='ocr_line' id='line_1_7' title="bbox 140 862 1462 955; baseline -0.001 -20"><span class='ocrx_word' id='word_1_45' title='bbox 140 879 174 936; x_wconf 93' lang='lat' dir='ltr'>ut</span> <span class='ocrx_word' id='word_1_46' title='bbox 196 869 248 944; x_wconf 95' lang='lat' dir='ltr'>id,</span> <span class='ocrx_word' id='word_1_47' title='bbox 286 867 371 955; x_wconf 94' lang='lat' dir='ltr'>quod</span> <span class='ocrx_word' id='word_1_48' title='bbox 392 866 494 937; x_wconf 86' lang='lat' dir='ltr'>vides,</span> <span class='ocrx_word' id='word_1_49' title='bbox 525 862 696 928; x_wconf 86' lang='lat' dir='ltr'>ellecerint.</span> <span class='ocrx_word' id='word_1_50' title='bbox 747 867 854 947; x_wconf 91' lang='lat' dir='ltr'>ltaque</span> <span class='ocrx_word' id='word_1_51' title='bbox 876 883 933 927; x_wconf 92' lang='lat' dir='ltr'>ncc</span> <span class='ocrx_word' id='word_1_52' title='bbox 955 862 1030 948; x_wconf 94' lang='lat' dir='ltr'>quid</span> <span class='ocrx_word' id='word_1_53' title='bbox 1053 864 1091 928; x_wconf 91' lang='lat' dir='ltr'>ad</span> <span class='ocrx_word' id='word_1_54' title='bbox 1115 874 1144 928; x_wconf 91' lang='lat' dir='ltr'>te</span> <span class='ocrx_word' id='word_1_55' title='bbox 1167 866 1301 931; x_wconf 91' lang='lat' dir='ltr'>scribam</span> <span class='ocrx_word' id='word_1_56' title='bbox 1325 868 1362 932; x_wconf 89' lang='lat' dir='ltr'>de</span> <span class='ocrx_word' id='word_1_57' title='bbox 1384 870 1462 934; x_wconf 90' lang='lat' dir='ltr'>meis</span> 
     </span>
     <span class='ocr_line' id='line_1_8' title="bbox 141 957 1462 1047; baseline -0.002 -19"><span class='ocrx_word' id='word_1_58' title='bbox 141 963 236 1028; x_wconf 91' lang='lat' dir='ltr'>rebus</span> <span class='ocrx_word' id='word_1_59' title='bbox 270 982 327 1026; x_wconf 91' lang='lat' dir='ltr'>nec</span> <span class='ocrx_word' id='word_1_60' title='bbox 354 960 429 1047; x_wconf 91' lang='lat' dir='ltr'>quid</span> <span class='ocrx_word' id='word_1_61' title='bbox 457 981 475 1023; x_wconf 86' lang='lat' dir='ltr'>a</span> <span class='ocrx_word' id='word_1_62' title='bbox 505 967 534 1022; x_wconf 90' lang='lat' dir='ltr'>te</span> <span class='ocrx_word' id='word_1_63' title='bbox 563 967 682 1043; x_wconf 87' lang='lat' dir='ltr'>petam,</span> <span class='ocrx_word' id='word_1_64' title='bbox 719 957 856 1041; x_wconf 84' lang='lat' dir='ltr'>reperio.</span> <span class='ocrx_word' id='word_1_65' title='bbox 899 962 975 1022; x_wconf 87' lang='lat' dir='ltr'>Rem</span> <span class='ocrx_word' id='word_1_66' title='bbox 998 966 1029 1021; x_wconf 90' lang='lat' dir='ltr'>et</span> <span class='ocrx_word' id='word_1_67' title='bbox 1050 980 1202 1022; x_wconf 91' lang='lat' dir='ltr'>summam</span> <span class='ocrx_word' id='word_1_68' title='bbox 1225 962 1342 1045; x_wconf 82' lang='lat' dir='ltr'>negotii</span> <span class='ocrx_word' id='word_1_69' title='bbox 1366 963 1462 1028; x_wconf 84' lang='lat' dir='ltr'>vides.</span> 
     </span>
     <span class='ocr_line' id='line_1_9' title="bbox 140 1049 1463 1142; baseline 0.001 -21"><span class='ocrx_word' id='word_1_70' title='bbox 140 1056 292 1142; x_wconf 86' lang='lat' dir='ltr'>Equidem</span> <span class='ocrx_word' id='word_1_71' title='bbox 321 1077 360 1118; x_wconf 85' lang='lat' dir='ltr'>ex</span> <span class='ocrx_word' id='word_1_72' title='bbox 389 1053 450 1118; x_wconf 91' lang='lat' dir='ltr'>tuis</span> <span class='ocrx_word' id='word_1_73' title='bbox 478 1052 589 1118; x_wconf 91' lang='lat' dir='ltr'>litteris</span> <span class='ocrx_word' id='word_1_74' title='bbox 624 1049 763 1114; x_wconf 76' lang='lat' dir='ltr'>intellexi</span> <span class='ocrx_word' id='word_1_75' title='bbox 792 1058 823 1114; x_wconf 90' lang='lat' dir='ltr'>et</span> <span class='ocrx_word' id='word_1_76' title='bbox 856 1051 912 1122; x_wconf 87' lang='lat' dir='ltr'>iis,</span> <span class='ocrx_word' id='word_1_77' title='bbox 950 1072 1027 1136; x_wconf 91' lang='lat' dir='ltr'>quas</span> <span class='ocrx_word' id='word_1_78' title='bbox 1056 1053 1264 1118; x_wconf 90' lang='lat' dir='ltr'>communiter</span> <span class='ocrx_word' id='word_1_79' title='bbox 1296 1076 1365 1120; x_wconf 92' lang='lat' dir='ltr'>cum</span> <span class='ocrx_word' id='word_1_80' title='bbox 1395 1058 1463 1122; x_wconf 86' lang='lat' dir='ltr'>aliis</span> 
     </span>
     <span class='ocr_line' id='line_1_10' title="bbox 141 1144 1462 1236; baseline 0.001 -21"><span class='ocrx_word' id='word_1_81' title='bbox 141 1150 308 1236; x_wconf 90' lang='lat' dir='ltr'>scripsisti,</span> <span class='ocrx_word' id='word_1_82' title='bbox 339 1158 369 1212; x_wconf 93' lang='lat' dir='ltr'>et</span> <span class='ocrx_word' id='word_1_83' title='bbox 391 1148 447 1222; x_wconf 92' lang='lat' dir='ltr'>iis,</span> <span class='ocrx_word' id='word_1_84' title='bbox 477 1167 555 1234; x_wconf 89' lang='lat' dir='ltr'>quas</span> <span class='ocrx_word' id='word_1_85' title='bbox 584 1155 637 1210; x_wconf 91' lang='lat' dir='ltr'>tuo</span> <span class='ocrx_word' id='word_1_86' title='bbox 665 1145 810 1215; x_wconf 85' lang='lat' dir='ltr'>nomine.</span> <span class='ocrx_word' id='word_1_87' title='bbox 845 1144 930 1229; x_wconf 91' lang='lat' dir='ltr'>quod</span> <span class='ocrx_word' id='word_1_88' title='bbox 957 1146 1049 1208; x_wconf 87' lang='lat' dir='ltr'>etiam</span> <span class='ocrx_word' id='word_1_89' title='bbox 1078 1167 1146 1210; x_wconf 89' lang='lat' dir='ltr'>mea</span> <span class='ocrx_word' id='word_1_90' title='bbox 1169 1160 1279 1232; x_wconf 90' lang='lat' dir='ltr'>sponte</span> <span class='ocrx_word' id='word_1_91' title='bbox 1302 1150 1462 1225; x_wconf 87' lang='lat' dir='ltr'>videbam,</span> 
     </span>
     <span class='ocr_line' id='line_1_11' title="bbox 140 1237 1501 1324; baseline 0.001 -15"><span class='ocrx_word' id='word_1_92' title='bbox 140 1253 171 1308; x_wconf 95' lang='lat' dir='ltr'>te</span> <span class='ocrx_word' id='word_1_93' title='bbox 194 1243 447 1308; x_wconf 90' lang='lat' dir='ltr'>subdebilitatum</span> <span class='ocrx_word' id='word_1_94' title='bbox 471 1262 567 1304; x_wconf 91' lang='lat' dir='ltr'>novas</span> <span class='ocrx_word' id='word_1_95' title='bbox 596 1238 733 1303; x_wconf 90' lang='lat' dir='ltr'>rationes</span> <span class='ocrx_word' id='word_1_96' title='bbox 756 1237 863 1302; x_wconf 90' lang='lat' dir='ltr'>tuendi</span> <span class='ocrx_word' id='word_1_97' title='bbox 885 1239 947 1303; x_wconf 90' lang='lat' dir='ltr'>mei</span> <span class='ocrx_word' id='word_1_98' title='bbox 970 1260 1133 1324; x_wconf 89' lang='lat' dir='ltr'>quaerere.</span> <span class='ocrx_word' id='word_1_99' title='bbox 1183 1246 1213 1305; x_wconf 84' lang='grc'>2.</span> <span class='ocrx_word' id='word_1_100' title='bbox 1236 1245 1328 1320; x_wconf 88' lang='lat' dir='ltr'>Quod</span> <span class='ocrx_word' id='word_1_101' title='bbox 1352 1246 1463 1311; x_wconf 92' lang='lat' dir='ltr'>scribis</span> <span class='ocrx_word' id='word_1_102' title='bbox 1475 1260 1501 1300; x_wconf 82' lang='lat'>¹⁰</span> 
     </span>
     <span class='ocr_line' id='line_1_12' title="bbox 140 1332 1464 1423; baseline 0.002 -21"><span class='ocrx_word' id='word_1_103' title='bbox 140 1339 285 1423; x_wconf 90' lang='lat' dir='ltr'>placere,</span> <span class='ocrx_word' id='word_1_104' title='bbox 308 1345 343 1399; x_wconf 93' lang='lat' dir='ltr'>ut</span> <span class='ocrx_word' id='word_1_105' title='bbox 364 1339 494 1421; x_wconf 91' lang='lat' dir='ltr'>propius</span> <span class='ocrx_word' id='word_1_106' title='bbox 517 1332 660 1397; x_wconf 82' lang='lat' dir='ltr'>accedam</span> <span class='ocrx_word' id='word_1_107' title='bbox 683 1332 804 1416; x_wconf 85' lang='lat' dir='ltr'>iterque</span> <span class='ocrx_word' id='word_1_108' title='bbox 827 1352 884 1416; x_wconf 90' lang='lat' dir='ltr'>per</span> <span class='ocrx_word' id='word_1_109' title='bbox 906 1332 1021 1417; x_wconf 88' lang='lat' dir='ltr'>oppida</span> <span class='ocrx_word' id='word_1_110' title='bbox 1042 1343 1137 1398; x_wconf 91' lang='lat' dir='ltr'>noctu</span> <span class='ocrx_word' id='word_1_111' title='bbox 1159 1334 1285 1409; x_wconf 87' lang='lat' dir='ltr'>faciam,</span> <span class='ocrx_word' id='word_1_112' title='bbox 1308 1360 1370 1403; x_wconf 96' lang='lat' dir='ltr'>non</span> <span class='ocrx_word' id='word_1_113' title='bbox 1390 1361 1464 1404; x_wconf 91' lang='lat' dir='ltr'>saue</span> 
     </span>
     <span class='ocr_line' id='line_1_13' title="bbox 141 1423 1465 1516; baseline 0.002 -21"><span class='ocrx_word' id='word_1_114' title='bbox 141 1431 251 1502; x_wconf 84' lang='lat' dir='ltr'>video,</span> <span class='ocrx_word' id='word_1_115' title='bbox 283 1427 544 1516; x_wconf 87' lang='lat' dir='ltr'>quemadmodum</span> <span class='ocrx_word' id='word_1_116' title='bbox 578 1425 609 1490; x_wconf 96' lang='lat' dir='ltr'>id</span> <span class='ocrx_word' id='word_1_117' title='bbox 639 1423 707 1488; x_wconf 80' lang='lat' dir='ltr'>lieri</span> <span class='ocrx_word' id='word_1_118' title='bbox 736 1426 842 1510; x_wconf 89' lang='lat' dir='ltr'>possit.</span> <span class='ocrx_word' id='word_1_119' title='bbox 894 1430 1001 1511; x_wconf 89' lang='lat' dir='ltr'>Neque</span> <span class='ocrx_word' id='word_1_120' title='bbox 1024 1426 1107 1490; x_wconf 90' lang='lat' dir='ltr'>enim</span> <span class='ocrx_word' id='word_1_121' title='bbox 1131 1428 1171 1491; x_wconf 90' lang='lat' dir='ltr'>ita</span> <span class='ocrx_word' id='word_1_122' title='bbox 1194 1439 1264 1514; x_wconf 88' lang='lat' dir='ltr'>apta</span> <span class='ocrx_word' id='word_1_123' title='bbox 1288 1431 1388 1497; x_wconf 90' lang='lat' dir='ltr'>babeo</span> <span class='ocrx_word' id='word_1_124' title='bbox 1411 1433 1465 1498; x_wconf 88' lang='lat' dir='ltr'>de·</span> 
     </span>
     <span class='ocr_line' id='line_1_14' title="bbox 141 1517 1465 1611; baseline 0.004 -24"><span class='ocrx_word' id='word_1_125' title='bbox 141 1525 304 1598; x_wconf 89' lang='lat' dir='ltr'>versoria,</span> <span class='ocrx_word' id='word_1_126' title='bbox 340 1532 375 1586; x_wconf 94' lang='lat' dir='ltr'>ut</span> <span class='ocrx_word' id='word_1_127' title='bbox 396 1532 461 1586; x_wconf 86' lang='lat' dir='ltr'>tota</span> <span class='ocrx_word' id='word_1_128' title='bbox 493 1533 636 1605; x_wconf 87' lang='lat' dir='ltr'>tempora</span> <span class='ocrx_word' id='word_1_129' title='bbox 665 1517 778 1581; x_wconf 87' lang='lat' dir='ltr'>diurna</span> <span class='ocrx_word' id='word_1_130' title='bbox 806 1519 838 1583; x_wconf 92' lang='lat' dir='ltr'>in</span> <span class='ocrx_word' id='word_1_131' title='bbox 860 1519 899 1583; x_wconf 92' lang='lat' dir='ltr'>iis</span> <span class='ocrx_word' id='word_1_132' title='bbox 922 1520 1039 1604; x_wconf 91' lang='lat' dir='ltr'>possim</span> <span class='ocrx_word' id='word_1_133' title='bbox 1062 1541 1266 1599; x_wconf 88' lang='lat' dir='ltr'>consumere;</span> <span class='ocrx_word' id='word_1_134' title='bbox 1301 1526 1465 1611; x_wconf 86' lang='lat' dir='ltr'>nequead</span> 
     </span>
     <span class='ocr_line' id='line_1_15' title="bbox 142 1611 1465 1704; baseline 0.003 -23"><span class='ocrx_word' id='word_1_135' title='bbox 142 1617 191 1690; x_wconf 95' lang='lat' dir='ltr'>id,</span> <span class='ocrx_word' id='word_1_136' title='bbox 226 1617 311 1702; x_wconf 95' lang='lat' dir='ltr'>quod</span> <span class='ocrx_word' id='word_1_137' title='bbox 338 1616 480 1704; x_wconf 89' lang='lat' dir='ltr'>quaeris,</span> <span class='ocrx_word' id='word_1_138' title='bbox 510 1613 641 1678; x_wconf 92' lang='lat' dir='ltr'>multum</span> <span class='ocrx_word' id='word_1_139' title='bbox 669 1611 819 1684; x_wconf 89' lang='lat' dir='ltr'>interest,</span> <span class='ocrx_word' id='word_1_140' title='bbox 847 1623 957 1678; x_wconf 76' lang='lat' dir='ltr'>&#39;utrum</span> <span class='ocrx_word' id='word_1_141' title='bbox 991 1634 1040 1677; x_wconf 91' lang='lat' dir='ltr'>me</span> <span class='ocrx_word' id='word_1_142' title='bbox 1063 1614 1203 1679; x_wconf 88' lang='lat' dir='ltr'>homines</span> <span class='ocrx_word' id='word_1_143' title='bbox 1226 1616 1256 1680; x_wconf 92' lang='lat' dir='ltr'>in</span> <span class='ocrx_word' id='word_1_144' title='bbox 1279 1620 1396 1704; x_wconf 93' lang='lat' dir='ltr'>oppido</span> <span class='ocrx_word' id='word_1_145' title='bbox 1420 1621 1465 1685; x_wconf 91' lang='lat' dir='ltr'>vi-</span> 
     </span>
     <span class='ocr_line' id='line_1_16' title="bbox 142 1704 1501 1799; baseline 0.004 -25"><span class='ocrx_word' id='word_1_146' title='bbox 142 1711 234 1775; x_wconf 86' lang='lat' dir='ltr'>deant</span> <span class='ocrx_word' id='word_1_147' title='bbox 255 1732 294 1774; x_wconf 93' lang='lat' dir='ltr'>an</span> <span class='ocrx_word' id='word_1_148' title='bbox 316 1711 348 1774; x_wconf 95' lang='lat' dir='ltr'>in</span> <span class='ocrx_word' id='word_1_149' title='bbox 370 1711 428 1779; x_wconf 83' lang='lat' dir='ltr'>via.</span> <span class='ocrx_word' id='word_1_150' title='bbox 472 1708 532 1774; x_wconf 92' lang='lat' dir='ltr'>Sed</span> <span class='ocrx_word' id='word_1_151' title='bbox 557 1718 658 1772; x_wconf 90' lang='lat' dir='ltr'>tamen</span> <span class='ocrx_word' id='word_1_152' title='bbox 681 1704 741 1770; x_wconf 89' lang='lat' dir='ltr'>hoe</span> <span class='ocrx_word' id='word_1_153' title='bbox 763 1707 885 1791; x_wconf 88' lang='lat' dir='ltr'>ipsum,</span> <span class='ocrx_word' id='word_1_154' title='bbox 917 1708 996 1772; x_wconf 90' lang='lat' dir='ltr'>sicut</span> <span class='ocrx_word' id='word_1_155' title='bbox 1017 1708 1076 1772; x_wconf 94' lang='lat' dir='ltr'>alia</span> <span class='ocrx_word' id='word_1_156' title='bbox 1098 1709 1322 1785; x_wconf 85' lang='lat' dir='ltr'>considerabo,</span> <span class='ocrx_word' id='word_1_157' title='bbox 1356 1735 1501 1799; x_wconf 79' lang='lat' dir='ltr'>quem-rs</span> 
     </span>
     <span class='ocr_line' id='line_1_17' title="bbox 142 1799 1465 1890; baseline 0.002 -20"><span class='ocrx_word' id='word_1_158' title='bbox 142 1804 309 1871; x_wconf 86' lang='lat' dir='ltr'>admodum</span> <span class='ocrx_word' id='word_1_159' title='bbox 340 1803 591 1869; x_wconf 89' lang='lat' dir='ltr'>commodissime</span> <span class='ocrx_word' id='word_1_160' title='bbox 622 1799 689 1864; x_wconf 84' lang='lat' dir='ltr'>beri</span> <span class='ocrx_word' id='word_1_161' title='bbox 720 1820 812 1885; x_wconf 90' lang='lat' dir='ltr'>posse</span> <span class='ocrx_word' id='word_1_162' title='bbox 835 1802 987 1871; x_wconf 90' lang='lat' dir='ltr'>videatur.</span> <span class='ocrx_word' id='word_1_163' title='bbox 1036 1807 1066 1867; x_wconf 83' lang='lat'>3.</span> <span class='ocrx_word' id='word_1_164' title='bbox 1089 1809 1156 1886; x_wconf 83' lang='lat' dir='ltr'>Ego</span> <span class='ocrx_word' id='word_1_165' title='bbox 1179 1816 1308 1890; x_wconf 89' lang='lat' dir='ltr'>propter</span> <span class='ocrx_word' id='word_1_166' title='bbox 1329 1807 1465 1872; x_wconf 91' lang='lat' dir='ltr'>incredi-</span> 
     </span>
     <span class='ocr_line' id='line_1_18' title="bbox 142 1893 1462 1986; baseline 0.002 -23"><span class='ocrx_word' id='word_1_167' title='bbox 142 1899 235 1965; x_wconf 87' lang='lat' dir='ltr'>bilem</span> <span class='ocrx_word' id='word_1_168' title='bbox 259 1909 289 1963; x_wconf 91' lang='lat' dir='ltr'>et</span> <span class='ocrx_word' id='word_1_169' title='bbox 311 1899 407 1963; x_wconf 91' lang='lat' dir='ltr'>animi</span> <span class='ocrx_word' id='word_1_170' title='bbox 429 1910 459 1963; x_wconf 92' lang='lat' dir='ltr'>ct</span> <span class='ocrx_word' id='word_1_171' title='bbox 481 1897 625 1984; x_wconf 94' lang='lat' dir='ltr'>corporis</span> <span class='ocrx_word' id='word_1_172' title='bbox 647 1893 819 1960; x_wconf 87' lang='lat' dir='ltr'>molestiam</span> <span class='ocrx_word' id='word_1_173' title='bbox 843 1896 998 1960; x_wconf 89' lang='lat' dir='ltr'>conficere</span> <span class='ocrx_word' id='word_1_174' title='bbox 1020 1898 1126 1982; x_wconf 88' lang='lat' dir='ltr'>plures</span> <span class='ocrx_word' id='word_1_175' title='bbox 1149 1899 1265 1964; x_wconf 87' lang='lat' dir='ltr'>litteras</span> <span class='ocrx_word' id='word_1_176' title='bbox 1281 1922 1343 1964; x_wconf 92' lang='lat' dir='ltr'>non</span> <span class='ocrx_word' id='word_1_177' title='bbox 1360 1901 1462 1986; x_wconf 90' lang='lat' dir='ltr'>potui;</span> 
     </span>
     <span class='ocr_line' id='line_1_19' title="bbox 143 1991 1465 2081; baseline 0.002 -22"><span class='ocrx_word' id='word_1_178' title='bbox 143 1995 181 2059; x_wconf 91' lang='lat' dir='ltr'>iis</span> <span class='ocrx_word' id='word_1_179' title='bbox 203 2004 320 2059; x_wconf 92' lang='lat' dir='ltr'>tantum</span> <span class='ocrx_word' id='word_1_180' title='bbox 343 1993 508 2079; x_wconf 86' lang='lat' dir='ltr'>rescripsi,</span> <span class='ocrx_word' id='word_1_181' title='bbox 531 2015 548 2057; x_wconf 95' lang='lat' dir='ltr'>a</span> <span class='ocrx_word' id='word_1_182' title='bbox 571 1991 685 2079; x_wconf 91' lang='lat' dir='ltr'>quibus</span> <span class='ocrx_word' id='word_1_183' title='bbox 707 2009 899 2074; x_wconf 87' lang='lat' dir='ltr'>acceperam.</span> <span class='ocrx_word' id='word_1_184' title='bbox 942 1997 988 2056; x_wconf 90' lang='lat' dir='ltr'>Tu</span> <span class='ocrx_word' id='word_1_185' title='bbox 1010 1991 1103 2055; x_wconf 90' lang='lat' dir='ltr'>vclim</span> <span class='ocrx_word' id='word_1_186' title='bbox 1126 2005 1156 2058; x_wconf 91' lang='lat' dir='ltr'>et</span> <span class='ocrx_word' id='word_1_187' title='bbox 1178 1995 1282 2059; x_wconf 91' lang='lat' dir='ltr'>Basilo</span> <span class='ocrx_word' id='word_1_188' title='bbox 1305 2003 1336 2058; x_wconf 89' lang='lat' dir='ltr'>et</span> <span class='ocrx_word' id='word_1_189' title='bbox 1350 1995 1465 2081; x_wconf 88' lang='lat' dir='ltr'>quibus</span> 
     </span>
     <span class='ocr_line' id='line_1_20' title="bbox 141 2083 1466 2173; baseline 0.002 -21"><span class='ocrx_word' id='word_1_190' title='bbox 141 2098 304 2173; x_wconf 90' lang='lat' dir='ltr'>praeterea</span> <span class='ocrx_word' id='word_1_191' title='bbox 334 2086 509 2158; x_wconf 85' lang='lat' dir='ltr'>videbitur,</span> <span class='ocrx_word' id='word_1_192' title='bbox 547 2087 640 2150; x_wconf 90' lang='lat' dir='ltr'>etiam</span> <span class='ocrx_word' id='word_1_193' title='bbox 664 2085 798 2152; x_wconf 79' lang='lat' dir='ltr'>Servilio</span> <span class='ocrx_word' id='word_1_194' title='bbox 821 2083 1014 2158; x_wconf 81' lang='lat' dir='ltr'>conscribas,</span> <span class='ocrx_word' id='word_1_195' title='bbox 1049 2095 1083 2149; x_wconf 91' lang='lat' dir='ltr'>ut</span> <span class='ocrx_word' id='word_1_196' title='bbox 1104 2085 1161 2150; x_wconf 93' lang='lat' dir='ltr'>tibi</span> <span class='ocrx_word' id='word_1_197' title='bbox 1183 2087 1356 2162; x_wconf 86' lang='lat' dir='ltr'>videbitur,</span> <span class='ocrx_word' id='word_1_198' title='bbox 1393 2111 1466 2154; x_wconf 90' lang='lat' dir='ltr'>mco</span> 
     </span>
     <span class='ocr_line' id='line_1_21' title="bbox 143 2177 1503 2269; baseline 0.001 -25"><span class='ocrx_word' id='word_1_199' title='bbox 143 2181 278 2245; x_wconf 92' lang='lat' dir='ltr'>nominc.</span> <span class='ocrx_word' id='word_1_200' title='bbox 337 2180 429 2258; x_wconf 91' lang='lat' dir='ltr'>Quod</span> <span class='ocrx_word' id='word_1_201' title='bbox 453 2189 536 2245; x_wconf 91' lang='lat' dir='ltr'>tanto</span> <span class='ocrx_word' id='word_1_202' title='bbox 559 2182 723 2246; x_wconf 87' lang='lat' dir='ltr'>intervallo</span> <span class='ocrx_word' id='word_1_203' title='bbox 746 2178 821 2243; x_wconf 92' lang='lat' dir='ltr'>nibil</span> <span class='ocrx_word' id='word_1_204' title='bbox 844 2178 973 2243; x_wconf 91' lang='lat' dir='ltr'>omnino</span> <span class='ocrx_word' id='word_1_205' title='bbox 996 2177 1034 2242; x_wconf 89' lang='lat' dir='ltr'>ad</span> <span class='ocrx_word' id='word_1_206' title='bbox 1057 2200 1130 2254; x_wconf 86' lang='lat' dir='ltr'>vos,</span> <span class='ocrx_word' id='word_1_207' title='bbox 1154 2182 1296 2266; x_wconf 87' lang='lat' dir='ltr'>protecto</span> <span class='ocrx_word' id='word_1_208' title='bbox 1318 2184 1503 2269; x_wconf 73' lang='lat' dir='ltr'>intelligisne</span> 
     </span>
     <span class='ocr_line' id='line_1_22' title="bbox 142 2271 1466 2359; baseline 0.004 -21"><span class='ocrx_word' id='word_1_209' title='bbox 142 2296 210 2339; x_wconf 91' lang='lat' dir='ltr'>rem</span> <span class='ocrx_word' id='word_1_210' title='bbox 234 2274 309 2339; x_wconf 91' lang='lat' dir='ltr'>mihi</span> <span class='ocrx_word' id='word_1_211' title='bbox 331 2274 454 2346; x_wconf 89' lang='lat' dir='ltr'>deesse,</span> <span class='ocrx_word' id='word_1_212' title='bbox 492 2274 531 2338; x_wconf 90' lang='lat' dir='ltr'>de</span> <span class='ocrx_word' id='word_1_213' title='bbox 553 2296 614 2359; x_wconf 93' lang='lat' dir='ltr'>qua</span> <span class='ocrx_word' id='word_1_214' title='bbox 637 2273 787 2347; x_wconf 91' lang='lat' dir='ltr'>scribam,</span> <span class='ocrx_word' id='word_1_215' title='bbox 821 2293 883 2336; x_wconf 93' lang='lat' dir='ltr'>non</span> <span class='ocrx_word' id='word_1_216' title='bbox 907 2271 1107 2337; x_wconf 85' lang='lat' dir='ltr'>voluntatem.</span> <span class='ocrx_word' id='word_1_217' title='bbox 1150 2277 1180 2338; x_wconf 79' lang='grc'>4.</span> <span class='ocrx_word' id='word_1_218' title='bbox 1204 2275 1298 2352; x_wconf 87' lang='lat' dir='ltr'>Quod</span> <span class='ocrx_word' id='word_1_219' title='bbox 1321 2276 1360 2342; x_wconf 93' lang='lat' dir='ltr'>de</span> <span class='ocrx_word' id='word_1_220' title='bbox 1381 2279 1466 2343; x_wconf 87' lang='lat' dir='ltr'>Vati·</span> 
     </span>
     <span class='ocr_line' id='line_1_23' title="bbox 143 2365 1466 2454; baseline 0.003 -24"><span class='ocrx_word' id='word_1_221' title='bbox 143 2369 196 2433; x_wconf 92' lang='lat' dir='ltr'>nio</span> <span class='ocrx_word' id='word_1_222' title='bbox 226 2369 364 2453; x_wconf 87' lang='lat' dir='ltr'>quaeris,</span> <span class='ocrx_word' id='word_1_223' title='bbox 402 2390 503 2454; x_wconf 92' lang='lat' dir='ltr'>neque</span> <span class='ocrx_word' id='word_1_224' title='bbox 525 2368 608 2432; x_wconf 89' lang='lat' dir='ltr'>illius</span> <span class='ocrx_word' id='word_1_225' title='bbox 635 2388 736 2454; x_wconf 90' lang='lat' dir='ltr'>neque</span> <span class='ocrx_word' id='word_1_226' title='bbox 759 2367 942 2451; x_wconf 90' lang='lat' dir='ltr'>cuiusquam</span> <span class='ocrx_word' id='word_1_227' title='bbox 971 2365 1045 2429; x_wconf 92' lang='lat' dir='ltr'>mihi</span> <span class='ocrx_word' id='word_1_228' title='bbox 1067 2377 1231 2450; x_wconf 85' lang='lat' dir='ltr'>praeterea</span> <span class='ocrx_word' id='word_1_229' title='bbox 1254 2370 1389 2434; x_wconf 84' lang='lat' dir='ltr'>officium</span> <span class='ocrx_word' id='word_1_230' title='bbox 1412 2370 1466 2434; x_wconf 89' lang='lat' dir='ltr'>de-</span> 
     </span>
     <span class='ocr_line' id='line_1_24' title="bbox 143 2460 1465 2546; baseline 0.003 -23"><span class='ocrx_word' id='word_1_231' title='bbox 143 2473 239 2531; x_wconf 88' lang='lat' dir='ltr'>esset,</span> <span class='ocrx_word' id='word_1_232' title='bbox 263 2463 289 2525; x_wconf 87' lang='lat' dir='ltr'>si</span> <span class='ocrx_word' id='word_1_233' title='bbox 312 2462 451 2546; x_wconf 88' lang='lat' dir='ltr'>reperire</span> <span class='ocrx_word' id='word_1_234' title='bbox 474 2470 613 2546; x_wconf 85' lang='lat' dir='ltr'>possent,</span> <span class='ocrx_word' id='word_1_235' title='bbox 643 2483 703 2546; x_wconf 94' lang='lat' dir='ltr'>qua</span> <span class='ocrx_word' id='word_1_236' title='bbox 725 2461 757 2524; x_wconf 95' lang='lat' dir='ltr'>in</span> <span class='ocrx_word' id='word_1_237' title='bbox 780 2481 815 2524; x_wconf 91' lang='lat' dir='ltr'>re</span> <span class='ocrx_word' id='word_1_238' title='bbox 837 2481 887 2522; x_wconf 91' lang='lat' dir='ltr'>me</span> <span class='ocrx_word' id='word_1_239' title='bbox 909 2460 1064 2524; x_wconf 88' lang='lat' dir='ltr'>iuvarent.</span> <span class='ocrx_word' id='word_1_240' title='bbox 1108 2461 1243 2537; x_wconf 87' lang='lat' dir='ltr'>Quintus</span> <span class='ocrx_word' id='word_1_241' title='bbox 1265 2463 1465 2528; x_wconf 86' lang='lat' dir='ltr'>aversissimo</span> 
     </span>
     <span class='ocr_line' id='line_1_25' title="bbox 142 2552 1466 2640; baseline 0.004 -24"><span class='ocrx_word' id='word_1_242' title='bbox 142 2575 160 2616; x_wconf 91' lang='lat' dir='ltr'>a</span> <span class='ocrx_word' id='word_1_243' title='bbox 191 2576 239 2618; x_wconf 87' lang='lat' dir='ltr'>me</span> <span class='ocrx_word' id='word_1_244' title='bbox 269 2555 373 2618; x_wconf 87' lang='lat' dir='ltr'>animo</span> <span class='ocrx_word' id='word_1_245' title='bbox 403 2555 502 2618; x_wconf 88' lang='lat' dir='ltr'>Patris</span> <span class='ocrx_word' id='word_1_246' title='bbox 531 2554 597 2619; x_wconf 85' lang='lat' dir='ltr'>luit.</span> <span class='ocrx_word' id='word_1_247' title='bbox 653 2553 771 2618; x_wconf 87' lang='lat' dir='ltr'>Eodem</span> <span class='ocrx_word' id='word_1_248' title='bbox 801 2557 936 2640; x_wconf 79' lang='lat' dir='ltr'>Corcyra</span> <span class='ocrx_word' id='word_1_249' title='bbox 965 2552 1046 2617; x_wconf 89' lang='lat' dir='ltr'>lilius</span> <span class='ocrx_word' id='word_1_250' title='bbox 1069 2554 1164 2618; x_wconf 89' lang='lat' dir='ltr'>venit.</span> <span class='ocrx_word' id='word_1_251' title='bbox 1207 2554 1283 2619; x_wconf 92' lang='lat' dir='ltr'>lude</span> <span class='ocrx_word' id='word_1_252' title='bbox 1306 2555 1466 2640; x_wconf 83' lang='lat' dir='ltr'>profectos</span> 
     </span>
     <span class='ocr_line' id='line_1_26' title="bbox 143 2646 1502 2716; baseline 0.004 -6"><span class='ocrx_word' id='word_1_253' title='bbox 143 2667 198 2710; x_wconf 87' lang='lat' dir='ltr'>eos</span> <span class='ocrx_word' id='word_1_254' title='bbox 220 2668 279 2711; x_wconf 91' lang='lat' dir='ltr'>una</span> <span class='ocrx_word' id='word_1_255' title='bbox 302 2669 372 2712; x_wconf 91' lang='lat' dir='ltr'>cum</span> <span class='ocrx_word' id='word_1_256' title='bbox 395 2652 507 2712; x_wconf 88' lang='lat' dir='ltr'>ceteris</span> <span class='ocrx_word' id='word_1_257' title='bbox 529 2646 677 2714; x_wconf 89' lang='lat' dir='ltr'>arbitror.</span> <span class='ocrx_word' id='word_1_258' title='bbox 1474 2675 1502 2716; x_wconf 81' lang='lat' dir='ltr'>es</span> 
     </span>
    </p>
   </div>
   <div class='ocr_carea' id='block_1_6' title="bbox 626 2795 991 2985">
    <p class='ocr_par' dir='ltr' id='par_1_6' title="bbox 626 2795 991 2985">
     <span class='ocr_line' id='line_1_27' title="bbox 627 2795 991 2879; baseline 0 -19"><span class='ocrx_word' id='word_1_259' title='bbox 627 2801 673 2862; x_wconf 79' lang='lat' dir='ltr'>rr.</span> <span class='ocrx_word' id='word_1_260' title='bbox 716 2802 768 2879; x_wconf 79' lang='lat' dir='ltr'>(A.</span> <span class='ocrx_word' id='word_1_261' title='bbox 794 2800 826 2862; x_wconf 89' lang='lat' dir='ltr'>u.</span> <span class='ocrx_word' id='word_1_262' title='bbox 850 2800 882 2862; x_wconf 79' lang='lat' dir='ltr'>e.</span> <span class='ocrx_word' id='word_1_263' title='bbox 904 2795 991 2879; x_wconf 82' lang='lat' dir='ltr'>ros.)</span> 
     </span>
     <span class='ocr_line' id='line_1_28' title="bbox 626 2921 990 2985; baseline -0.003 -1"><span class='ocrx_word' id='word_1_264' title='bbox 626 2921 769 2985; x_wconf 81' lang='lat' dir='ltr'>crunno</span> <span class='ocrx_word' id='word_1_265' title='bbox 792 2921 937 2984; x_wconf 77' lang='lat' dir='ltr'>amuco</span> <span class='ocrx_word' id='word_1_266' title='bbox 960 2921 990 2982; x_wconf 93' lang='lat' dir='ltr'>s.</span> 
     </span>
    </p>
   </div>
   <div class='ocr_carea' id='block_1_7' title="bbox 142 3039 1503 3972">
    <p class='ocr_par' dir='ltr' id='par_1_7' title="bbox 142 3039 1503 3972">
     <span class='ocr_line' id='line_1_29' title="bbox 230 3039 1466 3127; baseline 0.002 -22"><span class='ocrx_word' id='word_1_267' title='bbox 230 3047 257 3105; x_wconf 91' lang='lat' dir='ltr'>t.</span> <span class='ocrx_word' id='word_1_268' title='bbox 287 3039 459 3105; x_wconf 88' lang='lat' dir='ltr'>Sollicitum</span> <span class='ocrx_word' id='word_1_269' title='bbox 489 3061 558 3105; x_wconf 89' lang='lat' dir='ltr'>esse</span> <span class='ocrx_word' id='word_1_270' title='bbox 590 3050 620 3104; x_wconf 92' lang='lat' dir='ltr'>te</span> <span class='ocrx_word' id='word_1_271' title='bbox 649 3062 719 3105; x_wconf 94' lang='lat' dir='ltr'>cum</span> <span class='ocrx_word' id='word_1_272' title='bbox 749 3039 878 3104; x_wconf 87' lang='lat' dir='ltr'>de-tuis</span> <span class='ocrx_word' id='word_1_273' title='bbox 909 3041 1191 3127; x_wconf 91' lang='lat' dir='ltr'>communibusque</span> <span class='ocrx_word' id='word_1_274' title='bbox 1220 3042 1369 3119; x_wconf 82' lang='lat' dir='ltr'>fortunis,</span> <span class='ocrx_word' id='word_1_275' title='bbox 1401 3054 1466 3108; x_wconf 93' lang='lat' dir='ltr'>tum</span> 
     </span>
     <span class='ocr_line' id='line_1_30' title="bbox 142 3133 1466 3220; baseline 0.004 -24"><span class='ocrx_word' id='word_1_276' title='bbox 142 3133 279 3198; x_wconf 83' lang='lat' dir='ltr'>maxime</span> <span class='ocrx_word' id='word_1_277' title='bbox 302 3134 340 3198; x_wconf 93' lang='lat' dir='ltr'>dc</span> <span class='ocrx_word' id='word_1_278' title='bbox 363 3157 412 3198; x_wconf 93' lang='lat' dir='ltr'>me</span> <span class='ocrx_word' id='word_1_279' title='bbox 435 3156 471 3199; x_wconf 93' lang='lat' dir='ltr'>ac</span> <span class='ocrx_word' id='word_1_280' title='bbox 493 3135 532 3199; x_wconf 88' lang='lat' dir='ltr'>de</span> <span class='ocrx_word' id='word_1_281' title='bbox 554 3134 665 3199; x_wconf 91' lang='lat' dir='ltr'>dolore</span> <span class='ocrx_word' id='word_1_282' title='bbox 688 3155 760 3198; x_wconf 90' lang='lat' dir='ltr'>meo</span> <span class='ocrx_word' id='word_1_283' title='bbox 782 3135 899 3210; x_wconf 91' lang='lat' dir='ltr'>sentio;</span> <span class='ocrx_word' id='word_1_284' title='bbox 934 3135 988 3220; x_wconf 93' lang='lat' dir='ltr'>qui</span> <span class='ocrx_word' id='word_1_285' title='bbox 1016 3135 1144 3220; x_wconf 92' lang='lat' dir='ltr'>quidem</span> <span class='ocrx_word' id='word_1_286' title='bbox 1174 3136 1266 3201; x_wconf 94' lang='lat' dir='ltr'>dolor</span> <span class='ocrx_word' id='word_1_287' title='bbox 1293 3158 1381 3202; x_wconf 91' lang='lat' dir='ltr'>meus</span> <span class='ocrx_word' id='word_1_288' title='bbox 1403 3159 1466 3202; x_wconf 93' lang='lat' dir='ltr'>non</span> 
     </span>
     <span class='ocr_line' id='line_1_31' title="bbox 143 3227 1503 3312; baseline 0.003 -21"><span class='ocrx_word' id='word_1_289' title='bbox 143 3228 238 3292; x_wconf 92' lang='lat' dir='ltr'>modo</span> <span class='ocrx_word' id='word_1_290' title='bbox 262 3250 323 3292; x_wconf 93' lang='lat' dir='ltr'>uon</span> <span class='ocrx_word' id='word_1_291' title='bbox 345 3230 514 3303; x_wconf 92' lang='lat' dir='ltr'>minuitur,</span> <span class='ocrx_word' id='word_1_292' title='bbox 537 3250 608 3293; x_wconf 88' lang='lat' dir='ltr'>cum</span> <span class='ocrx_word' id='word_1_293' title='bbox 631 3228 750 3292; x_wconf 89' lang='lat' dir='ltr'>socium</span> <span class='ocrx_word' id='word_1_294' title='bbox 774 3227 834 3292; x_wconf 92' lang='lat' dir='ltr'>sibi</span> <span class='ocrx_word' id='word_1_295' title='bbox 856 3228 995 3312; x_wconf 80' lang='lat' dir='ltr'>adiungit</span> <span class='ocrx_word' id='word_1_296' title='bbox 1016 3228 1158 3292; x_wconf 91' lang='lat' dir='ltr'>dolorem</span> <span class='ocrx_word' id='word_1_297' title='bbox 1176 3241 1279 3302; x_wconf 92' lang='lat' dir='ltr'>tuum,</span> <span class='ocrx_word' id='word_1_298' title='bbox 1303 3231 1356 3294; x_wconf 92' lang='lat' dir='ltr'>sed</span> <span class='ocrx_word' id='word_1_299' title='bbox 1373 3231 1503 3303; x_wconf 60' lang='lat' dir='ltr'>etiamen</span> 
     </span>
     <span class='ocr_line' id='line_1_32' title="bbox 143 3321 1467 3407; baseline 0.003 -23"><span class='ocrx_word' id='word_1_300' title='bbox 143 3331 282 3404; x_wconf 85' lang='lat' dir='ltr'>augetur.</span> <span class='ocrx_word' id='word_1_301' title='bbox 328 3323 462 3386; x_wconf 85' lang='lat' dir='ltr'>Omnino</span> <span class='ocrx_word' id='word_1_302' title='bbox 485 3342 544 3407; x_wconf 95' lang='lat' dir='ltr'>pro</span> <span class='ocrx_word' id='word_1_303' title='bbox 566 3333 618 3385; x_wconf 88' lang='lat' dir='ltr'>tua</span> <span class='ocrx_word' id='word_1_304' title='bbox 641 3321 805 3407; x_wconf 89' lang='lat' dir='ltr'>prudentia</span> <span class='ocrx_word' id='word_1_305' title='bbox 828 3321 939 3394; x_wconf 91' lang='lat' dir='ltr'>sentis,</span> <span class='ocrx_word' id='word_1_306' title='bbox 965 3342 1024 3407; x_wconf 90' lang='lat' dir='ltr'>qua</span> <span class='ocrx_word' id='word_1_307' title='bbox 1047 3322 1260 3387; x_wconf 89' lang='lat' dir='ltr'>consolatione</span> <span class='ocrx_word' id='word_1_308' title='bbox 1284 3323 1380 3387; x_wconf 86' lang='lat' dir='ltr'>levari</span> <span class='ocrx_word' id='word_1_309' title='bbox 1402 3345 1467 3388; x_wconf 93' lang='lat' dir='ltr'>ma·</span> 
     </span>
     <span class='ocr_line' id='line_1_33' title="bbox 142 3414 1465 3503; baseline 0.005 -26"><span class='ocrx_word' id='word_1_310' title='bbox 142 3419 227 3478; x_wconf 78' lang='lat' dir='ltr'>xime</span> <span class='ocrx_word' id='word_1_311' title='bbox 255 3416 380 3498; x_wconf 89' lang='lat' dir='ltr'>possim.</span> <span class='ocrx_word' id='word_1_312' title='bbox 435 3415 553 3480; x_wconf 89' lang='lat' dir='ltr'>Probas</span> <span class='ocrx_word' id='word_1_313' title='bbox 583 3417 664 3479; x_wconf 93' lang='lat' dir='ltr'>enim</span> <span class='ocrx_word' id='word_1_314' title='bbox 695 3436 798 3479; x_wconf 93' lang='lat' dir='ltr'>mcum</span> <span class='ocrx_word' id='word_1_315' title='bbox 828 3414 992 3479; x_wconf 91' lang='lat' dir='ltr'>consilium</span> <span class='ocrx_word' id='word_1_316' title='bbox 1019 3436 1176 3502; x_wconf 83' lang='lat' dir='ltr'>negasque</span> <span class='ocrx_word' id='word_1_317' title='bbox 1199 3416 1274 3482; x_wconf 87' lang='lat' dir='ltr'>mibi</span> <span class='ocrx_word' id='word_1_318' title='bbox 1296 3417 1465 3503; x_wconf 92' lang='lat' dir='ltr'>quidquam</span> 
     </span>
     <span class='ocr_line' id='line_1_34' title="bbox 144 3509 1465 3596; baseline 0.002 -24"><span class='ocrx_word' id='word_1_319' title='bbox 144 3510 197 3573; x_wconf 92' lang='lat' dir='ltr'>tali</span> <span class='ocrx_word' id='word_1_320' title='bbox 221 3520 360 3594; x_wconf 87' lang='lat' dir='ltr'>tempore</span> <span class='ocrx_word' id='word_1_321' title='bbox 390 3511 497 3595; x_wconf 85' lang='lat' dir='ltr'>potius</span> <span class='ocrx_word' id='word_1_322' title='bbox 525 3510 699 3574; x_wconf 87' lang='lat' dir='ltr'>laciendum</span> <span class='ocrx_word' id='word_1_323' title='bbox 728 3510 833 3573; x_wconf 88' lang='lat' dir='ltr'>luisse.</span> <span class='ocrx_word' id='word_1_324' title='bbox 886 3509 982 3573; x_wconf 79' lang='lat' dir='ltr'>addis</span> <span class='ocrx_word' id='word_1_325' title='bbox 1011 3511 1104 3575; x_wconf 89' lang='lat' dir='ltr'>etiam</span> <span class='ocrx_word' id='word_1_326' title='bbox 1138 3542 1168 3553; x_wconf 93' lang='lat'><em>-</em></span> <span class='ocrx_word' id='word_1_327' title='bbox 1197 3510 1286 3596; x_wconf 91' lang='lat' dir='ltr'>quod</span> <span class='ocrx_word' id='word_1_328' title='bbox 1309 3511 1366 3575; x_wconf 89' lang='lat' dir='ltr'>etsi</span> <span class='ocrx_word' id='word_1_329' title='bbox 1390 3512 1465 3576; x_wconf 92' lang='lat' dir='ltr'>mibi</span> 
     </span>
     <span class='ocr_line' id='line_1_35' title="bbox 143 3603 1465 3692; baseline 0.002 -25"><span class='ocrx_word' id='word_1_330' title='bbox 143 3604 243 3667; x_wconf 87' lang='lat' dir='ltr'>levius</span> <span class='ocrx_word' id='word_1_331' title='bbox 265 3614 312 3667; x_wconf 92' lang='lat' dir='ltr'>est</span> <span class='ocrx_word' id='word_1_332' title='bbox 333 3625 426 3689; x_wconf 90' lang='lat' dir='ltr'>quam</span> <span class='ocrx_word' id='word_1_333' title='bbox 449 3613 535 3667; x_wconf 94' lang='lat' dir='ltr'>tuum</span> <span class='ocrx_word' id='word_1_334' title='bbox 559 3603 726 3676; x_wconf 90' lang='lat' dir='ltr'>iudicium,</span> <span class='ocrx_word' id='word_1_335' title='bbox 753 3614 857 3667; x_wconf 91' lang='lat' dir='ltr'>tamen</span> <span class='ocrx_word' id='word_1_336' title='bbox 880 3623 942 3667; x_wconf 90' lang='lat' dir='ltr'>non</span> <span class='ocrx_word' id='word_1_337' title='bbox 965 3613 1012 3667; x_wconf 92' lang='lat' dir='ltr'>est</span> <span class='ocrx_word' id='word_1_338' title='bbox 1033 3604 1101 3667; x_wconf 87' lang='lat' dir='ltr'>leve</span> <span class='ocrx_word' id='word_1_339' title='bbox 1124 3638 1163 3649; x_wconf 93' lang='lat'>-</span> <span class='ocrx_word' id='word_1_340' title='bbox 1186 3605 1299 3668; x_wconf 89' lang='lat' dir='ltr'>ceteris</span> <span class='ocrx_word' id='word_1_341' title='bbox 1322 3626 1465 3692; x_wconf 90' lang='lat' dir='ltr'>quoque,</span> 
     </span>
     <span class='ocr_line' id='line_1_36' title="bbox 144 3696 1502 3783; baseline 0.002 -24"><span class='ocrx_word' id='word_1_342' title='bbox 144 3696 174 3760; x_wconf 98' lang='lat' dir='ltr'>id</span> <span class='ocrx_word' id='word_1_343' title='bbox 198 3708 258 3768; x_wconf 86' lang='lat' dir='ltr'>est,</span> <span class='ocrx_word' id='word_1_344' title='bbox 296 3698 351 3782; x_wconf 89' lang='lat' dir='ltr'>qui</span> <span class='ocrx_word' id='word_1_345' title='bbox 373 3698 495 3782; x_wconf 91' lang='lat' dir='ltr'>pondus</span> <span class='ocrx_word' id='word_1_346' title='bbox 518 3697 664 3770; x_wconf 89' lang='lat' dir='ltr'>babeant,</span> <span class='ocrx_word' id='word_1_347' title='bbox 701 3696 815 3760; x_wconf 89' lang='lat' dir='ltr'>lactum</span> <span class='ocrx_word' id='word_1_348' title='bbox 838 3707 980 3761; x_wconf 91' lang='lat' dir='ltr'>nostrum</span> <span class='ocrx_word' id='word_1_349' title='bbox 1005 3696 1144 3782; x_wconf 91' lang='lat' dir='ltr'>probari.</span> <span class='ocrx_word' id='word_1_350' title='bbox 1201 3697 1236 3761; x_wconf 93' lang='lat' dir='ltr'>ld</span> <span class='ocrx_word' id='word_1_351' title='bbox 1264 3697 1289 3761; x_wconf 89' lang='lat' dir='ltr'>si</span> <span class='ocrx_word' id='word_1_352' title='bbox 1312 3698 1355 3762; x_wconf 88' lang='lat' dir='ltr'>ita</span> <span class='ocrx_word' id='word_1_353' title='bbox 1378 3708 1502 3783; x_wconf 68' lang='lat' dir='ltr'>puta-25</span> 
     </span>
     <span class='ocr_line' id='line_1_37' title="bbox 145 3790 1465 3877; baseline 0.001 -23"><span class='ocrx_word' id='word_1_354' title='bbox 145 3812 226 3865; x_wconf 90' lang='lat' dir='ltr'>rem,</span> <span class='ocrx_word' id='word_1_355' title='bbox 255 3792 355 3857; x_wconf 85' lang='lat' dir='ltr'>levius</span> <span class='ocrx_word' id='word_1_356' title='bbox 377 3791 527 3856; x_wconf 87' lang='lat' dir='ltr'>dolerem.</span> <span class='ocrx_word' id='word_1_357' title='bbox 571 3797 601 3856; x_wconf 87' lang='grc'>2.</span> <span class='ocrx_word' id='word_1_358' title='bbox 625 3791 795 3865; x_wconf 82' lang='lat' dir='ltr'>„Crede&#39;&#39;,</span> <span class='ocrx_word' id='word_1_359' title='bbox 833 3792 954 3876; x_wconf 92' lang='lat' dir='ltr'>inquis,</span> <span class='ocrx_word' id='word_1_360' title='bbox 990 3791 1122 3866; x_wconf 81' lang='lat' dir='ltr'>„mint”</span> <span class='ocrx_word' id='word_1_361' title='bbox 1172 3790 1273 3857; x_wconf 89' lang='lat' dir='ltr'>Credo</span> <span class='ocrx_word' id='word_1_362' title='bbox 1301 3791 1465 3877; x_wconf 86' lang='lat' dir='ltr'>equidem;</span> 
     </span>
     <span class='ocr_line' id='line_1_38' title="bbox 145 3884 1466 3972; baseline 0.002 -24"><span class='ocrx_word' id='word_1_363' title='bbox 145 3884 198 3948; x_wconf 90' lang='lat' dir='ltr'>sed</span> <span class='ocrx_word' id='word_1_364' title='bbox 220 3886 302 3958; x_wconf 88' lang='lat' dir='ltr'>scio,</span> <span class='ocrx_word' id='word_1_365' title='bbox 339 3908 431 3972; x_wconf 89' lang='lat' dir='ltr'>quam</span> <span class='ocrx_word' id='word_1_366' title='bbox 454 3886 560 3970; x_wconf 88' lang='lat' dir='ltr'>cupias</span> <span class='ocrx_word' id='word_1_367' title='bbox 583 3886 680 3949; x_wconf 94' lang='lat' dir='ltr'>minui</span> <span class='ocrx_word' id='word_1_368' title='bbox 704 3885 846 3949; x_wconf 90' lang='lat' dir='ltr'>dolorem</span> <span class='ocrx_word' id='word_1_369' title='bbox 868 3907 981 3951; x_wconf 91' lang='lat' dir='ltr'>mcum.</span> <span class='ocrx_word' id='word_1_370' title='bbox 1035 3890 1086 3950; x_wconf 89' lang='lat' dir='ltr'>Me</span> <span class='ocrx_word' id='word_1_371' title='bbox 1108 3884 1287 3949; x_wconf 87' lang='lat' dir='ltr'>discessisse</span> <span class='ocrx_word' id='word_1_372' title='bbox 1308 3884 1347 3949; x_wconf 91' lang='lat' dir='ltr'>ab</span> <span class='ocrx_word' id='word_1_373' title='bbox 1369 3887 1466 3951; x_wconf 84' lang='lat' dir='ltr'>armis</span> 
     </span>
    </p>
   </div>
   <div class='ocr_carea' id='block_1_8' title="bbox 145 4112 1466 4879">
    <p class='ocr_par' dir='ltr' id='par_1_8' title="bbox 145 4112 1466 4879">
     <span class='ocr_line' id='line_1_39' title="bbox 214 4112 1465 4177; baseline 0.001 -14"><span class='ocrx_word' id='word_1_374' title='bbox 214 4115 241 4163; x_wconf 85' lang='grc'>3.</span> <span class='ocrx_word' id='word_1_375' title='bbox 259 4121 399 4163; x_wconf 82' lang='lat' dir='ltr'>mouerunt</span> <span class='ocrx_word' id='word_1_376' title='bbox 418 4115 448 4163; x_wconf 81' lang='lat' dir='ltr'>R.</span> <span class='ocrx_word' id='word_1_377' title='bbox 470 4141 498 4150; x_wconf 98' lang='lat'><em>-</em></span> <span class='ocrx_word' id='word_1_378' title='bbox 525 4115 551 4164; x_wconf 73' lang='lat' dir='ltr'>d.</span> <span class='ocrx_word' id='word_1_379' title='bbox 572 4120 764 4177; x_wconf 71' lang='lat' dir='ltr'>coeperuntque</span> <span class='ocrx_word' id='word_1_380' title='bbox 782 4115 813 4164; x_wconf 85' lang='lat' dir='ltr'>n.</span> <span class='ocrx_word' id='word_1_381' title='bbox 836 4138 866 4149; x_wconf 93' lang='lat'><em>-</em></span> <span class='ocrx_word' id='word_1_382' title='bbox 886 4112 1012 4177; x_wconf 83' lang='lat' dir='ltr'>quodum]</span> <span class='ocrx_word' id='word_1_383' title='bbox 1033 4127 1123 4162; x_wconf 86' lang='lat' dir='ltr'>coram</span> <span class='ocrx_word' id='word_1_384' title='bbox 1143 4114 1163 4163; x_wconf 87' lang='lat' dir='ltr'>l.</span> <span class='ocrx_word' id='word_1_385' title='bbox 1186 4137 1216 4149; x_wconf 94' lang='lat'>-</span> <span class='ocrx_word' id='word_1_386' title='bbox 1236 4114 1263 4164; x_wconf 82' lang='lat'>5.</span> <span class='ocrx_word' id='word_1_387' title='bbox 1283 4119 1362 4164; x_wconf 84' lang='lat' dir='ltr'>tantu</span> <span class='ocrx_word' id='word_1_388' title='bbox 1380 4114 1411 4165; x_wconf 83' lang='lat' dir='ltr'>u.</span> <span class='ocrx_word' id='word_1_389' title='bbox 1432 4137 1465 4149; x_wconf 91' lang='lat'>-</span> 
     </span>
     <span class='ocr_line' id='line_1_40' title="bbox 145 4180 1466 4247; baseline 0.001 -15"><span class='ocrx_word' id='word_1_390' title='bbox 145 4183 171 4232; x_wconf 84' lang='grc'>6.</span> <span class='ocrx_word' id='word_1_391' title='bbox 191 4180 231 4244; x_wconf 79' lang='lat' dir='ltr'>ut]</span> <span class='ocrx_word' id='word_1_392' title='bbox 257 4184 310 4246; x_wconf 71' lang='lat' dir='ltr'>fuit</span> <span class='ocrx_word' id='word_1_393' title='bbox 333 4185 378 4234; x_wconf 82' lang='lat' dir='ltr'>ltt.</span> <span class='ocrx_word' id='word_1_394' title='bbox 410 4211 437 4221; x_wconf 93' lang='lat'>-</span> <span class='ocrx_word' id='word_1_395' title='bbox 477 4182 618 4247; x_wconf 75' lang='lat' dir='ltr'>effecerunt</span> <span class='ocrx_word' id='word_1_396' title='bbox 647 4186 721 4235; x_wconf 82' lang='lat' dir='ltr'>Met.</span> <span class='ocrx_word' id='word_1_397' title='bbox 749 4211 775 4222; x_wconf 94' lang='lat'>-</span> <span class='ocrx_word' id='word_1_398' title='bbox 815 4180 872 4245; x_wconf 75' lang='lat' dir='ltr'>nec]</span> <span class='ocrx_word' id='word_1_399' title='bbox 902 4196 935 4230; x_wconf 81' lang='lat' dir='ltr'>ne</span> <span class='ocrx_word' id='word_1_400' title='bbox 954 4185 998 4232; x_wconf 85' lang='lat' dir='ltr'>ru.</span> <span class='ocrx_word' id='word_1_401' title='bbox 1030 4210 1056 4220; x_wconf 94' lang='lat'>-</span> <span class='ocrx_word' id='word_1_402' title='bbox 1096 4185 1122 4234; x_wconf 82' lang='lat' dir='ltr'>d.</span> <span class='ocrx_word' id='word_1_403' title='bbox 1148 4189 1174 4233; x_wconf 89' lang='lat' dir='ltr'>et</span> <span class='ocrx_word' id='word_1_404' title='bbox 1200 4184 1227 4233; x_wconf 81' lang='lat'>7.</span> <span class='ocrx_word' id='word_1_405' title='bbox 1248 4184 1466 4247; x_wconf 53' lang='lat' dir='ltr'>quom-quoa</span> 
     </span>
     <span class='ocr_line' id='line_1_41' title="bbox 146 4245 1466 4318; baseline 0.002 -17"><span class='ocrx_word' id='word_1_406' title='bbox 146 4254 284 4303; x_wconf 83' lang='lat' dir='ltr'>Ernestius</span> <span class='ocrx_word' id='word_1_407' title='bbox 304 4256 392 4304; x_wconf 84' lang='lat' dir='ltr'>tacite.</span> <span class='ocrx_word' id='word_1_408' title='bbox 415 4279 444 4291; x_wconf 94' lang='lat'>-</span> <span class='ocrx_word' id='word_1_409' title='bbox 482 4254 508 4303; x_wconf 83' lang='lat' dir='ltr'>e.</span> <span class='ocrx_word' id='word_1_410' title='bbox 528 4255 567 4302; x_wconf 75' lang='lat' dir='ltr'>bis</span> <span class='ocrx_word' id='word_1_411' title='bbox 586 4255 636 4305; x_wconf 79' lang='lat' dir='ltr'>stt.</span> <span class='ocrx_word' id='word_1_412' title='bbox 659 4281 686 4291; x_wconf 94' lang='lat'>-</span> <span class='ocrx_word' id='word_1_413' title='bbox 718 4257 744 4306; x_wconf 78' lang='grc'>9.</span> <span class='ocrx_word' id='word_1_414' title='bbox 765 4251 808 4318; x_wconf 77' lang='lat' dir='ltr'>tir]</span> <span class='ocrx_word' id='word_1_415' title='bbox 828 4254 867 4301; x_wconf 77' lang='lat' dir='ltr'>bis</span> <span class='ocrx_word' id='word_1_416' title='bbox 887 4253 929 4311; x_wconf 83' lang='lat' dir='ltr'>tt,</span> <span class='ocrx_word' id='word_1_417' title='bbox 949 4245 1003 4303; x_wconf 69' lang='lat' dir='ltr'>om!</span> <span class='ocrx_word' id='word_1_418' title='bbox 1025 4254 1047 4303; x_wconf 91' lang='lat'>1.</span> <span class='ocrx_word' id='word_1_419' title='bbox 1069 4278 1098 4290; x_wconf 97' lang='lat'>-</span> <span class='ocrx_word' id='word_1_420' title='bbox 1125 4256 1168 4304; x_wconf 91' lang='grc'>10.</span> <span class='ocrx_word' id='word_1_421' title='bbox 1187 4254 1365 4304; x_wconf 71' lang='lat' dir='ltr'>enutritura</span> <span class='ocrx_word' id='word_1_422' title='bbox 1386 4256 1466 4317; x_wconf 76' lang='lat' dir='ltr'>quast</span> 
     </span>
     <span class='ocr_line' id='line_1_42' title="bbox 146 4324 1462 4388; baseline 0.004 -19"><span class='ocrx_word' id='word_1_423' title='bbox 146 4324 311 4372; x_wconf 80' lang='lat' dir='ltr'>debilitatum</span> <span class='ocrx_word' id='word_1_424' title='bbox 337 4338 390 4386; x_wconf 79' lang='lat' dir='ltr'>mg.</span> <span class='ocrx_word' id='word_1_425' title='bbox 419 4325 570 4374; x_wconf 83' lang='lat' dir='ltr'>Cratandri.</span> <span class='ocrx_word' id='word_1_426' title='bbox 600 4350 632 4360; x_wconf 88' lang='lat'>-</span> <span class='ocrx_word' id='word_1_427' title='bbox 670 4326 712 4375; x_wconf 85' lang='grc'>12,</span> <span class='ocrx_word' id='word_1_428' title='bbox 740 4326 810 4374; x_wconf 77' lang='lat' dir='ltr'>enim</span> <span class='ocrx_word' id='word_1_429' title='bbox 828 4338 883 4373; x_wconf 90' lang='lat' dir='ltr'>om.</span> <span class='ocrx_word' id='word_1_430' title='bbox 916 4325 946 4372; x_wconf 83' lang='lat' dir='ltr'>n.</span> <span class='ocrx_word' id='word_1_431' title='bbox 973 4349 1005 4360; x_wconf 97' lang='lat'><em>-</em></span> <span class='ocrx_word' id='word_1_432' title='bbox 1041 4324 1125 4371; x_wconf 81' lang='lat' dir='ltr'>babeo</span> <span class='ocrx_word' id='word_1_433' title='bbox 1146 4331 1209 4373; x_wconf 82' lang='lat' dir='ltr'>ante</span> <span class='ocrx_word' id='word_1_434' title='bbox 1230 4329 1260 4372; x_wconf 85' lang='lat' dir='ltr'>ut</span> <span class='ocrx_word' id='word_1_435' title='bbox 1278 4325 1354 4388; x_wconf 90' lang='lat' dir='ltr'>pouit</span> <span class='ocrx_word' id='word_1_436' title='bbox 1372 4325 1404 4374; x_wconf 83' lang='lat' dir='ltr'>u.</span> <span class='ocrx_word' id='word_1_437' title='bbox 1431 4350 1462 4361; x_wconf 92' lang='lat'>-</span> 
     </span>
     <span class='ocr_line' id='line_1_43' title="bbox 146 4394 1463 4456; baseline 0.003 -17"><span class='ocrx_word' id='word_1_438' title='bbox 146 4394 298 4442; x_wconf 76' lang='lat' dir='ltr'>deuersoria</span> <span class='ocrx_word' id='word_1_439' title='bbox 326 4395 488 4444; x_wconf 79' lang='lat' dir='ltr'>Lambinus:</span> <span class='ocrx_word' id='word_1_440' title='bbox 518 4394 673 4443; x_wconf 77' lang='lat' dir='ltr'>deuersoria</span> <span class='ocrx_word' id='word_1_441' title='bbox 692 4396 734 4456; x_wconf 85' lang='grc' dir='ltr'>Μ,</span> <span class='ocrx_word' id='word_1_442' title='bbox 766 4394 915 4443; x_wconf 81' lang='lat' dir='ltr'>diversorio</span> <span class='ocrx_word' id='word_1_443' title='bbox 936 4394 1000 4442; x_wconf 73' lang='lat' dir='ltr'>ttttt.</span> <span class='ocrx_word' id='word_1_444' title='bbox 1031 4419 1057 4429; x_wconf 96' lang='lat'>-</span> <span class='ocrx_word' id='word_1_445' title='bbox 1098 4394 1253 4444; x_wconf 76' lang='lat' dir='ltr'>13.te1t=</span> <span class='ocrx_word' id='word_1_446' title='bbox 1279 4395 1319 4444; x_wconf 78' lang='lat' dir='ltr'>bis</span> <span class='ocrx_word' id='word_1_447' title='bbox 1337 4395 1411 4445; x_wconf 73' lang='grc'><strong>11111.</strong></span> <span class='ocrx_word' id='word_1_448' title='bbox 1434 4417 1463 4429; x_wconf 95' lang='lat'>·-</span> 
     </span>
     <span class='ocr_line' id='line_1_44' title="bbox 147 4461 1466 4527; baseline 0.001 -16"><span class='ocrx_word' id='word_1_449' title='bbox 147 4464 188 4511; x_wconf 81' lang='grc'>18.</span> <span class='ocrx_word' id='word_1_450' title='bbox 209 4466 248 4511; x_wconf 77' lang='lat' dir='ltr'>bis</span> <span class='ocrx_word' id='word_1_451' title='bbox 267 4465 304 4514; x_wconf 85' lang='grc' dir='ltr'>Μ.</span> <span class='ocrx_word' id='word_1_452' title='bbox 327 4491 353 4500; x_wconf 97' lang='grc'>-</span> <span class='ocrx_word' id='word_1_453' title='bbox 393 4461 509 4527; x_wconf 69' lang='lat' dir='ltr'>tantiam]</span> <span class='ocrx_word' id='word_1_454' title='bbox 528 4470 618 4513; x_wconf 85' lang='lat' dir='ltr'>tamen</span> <span class='ocrx_word' id='word_1_455' title='bbox 637 4466 667 4514; x_wconf 86' lang='lat' dir='ltr'>n.</span> <span class='ocrx_word' id='word_1_456' title='bbox 688 4489 720 4498; x_wconf 91' lang='lat'><em>-</em></span> <span class='ocrx_word' id='word_1_457' title='bbox 756 4465 860 4514; x_wconf 78' lang='lat' dir='ltr'>Basilio</span> <span class='ocrx_word' id='word_1_458' title='bbox 880 4463 952 4512; x_wconf 80' lang='lat' dir='ltr'>utut.</span> <span class='ocrx_word' id='word_1_459' title='bbox 974 4462 1105 4524; x_wconf 80' lang='lat' dir='ltr'>(Correxit</span> <span class='ocrx_word' id='word_1_460' title='bbox 1120 4465 1286 4521; x_wconf 77' lang='lat' dir='ltr'>Lambinus.)</span> <span class='ocrx_word' id='word_1_461' title='bbox 1306 4490 1332 4502; x_wconf 91' lang='lat'><em>-</em></span> <span class='ocrx_word' id='word_1_462' title='bbox 1354 4465 1466 4515; x_wconf 68' lang='lat' dir='ltr'>w-ooe</span> 
     </span>
     <span class='ocr_line' id='line_1_45' title="bbox 146 4530 1466 4596; baseline 0.002 -18"><span class='ocrx_word' id='word_1_463' title='bbox 146 4530 205 4591; x_wconf 84' lang='lat' dir='ltr'>(nos</span> <span class='ocrx_word' id='word_1_464' title='bbox 226 4531 257 4594; x_wconf 88' lang='lat' dir='ltr'>u)</span> <span class='ocrx_word' id='word_1_465' title='bbox 276 4536 381 4595; x_wconf 77' lang='lat' dir='ltr'>scriptis</span> <span class='ocrx_word' id='word_1_466' title='bbox 406 4536 502 4583; x_wconf 78' lang='lat' dir='ltr'>titteris</span> <span class='ocrx_word' id='word_1_467' title='bbox 525 4534 645 4596; x_wconf 75' lang='lat' dir='ltr'>profecto</span> <span class='ocrx_word' id='word_1_468' title='bbox 664 4535 780 4584; x_wconf 74' lang='lat' dir='ltr'>Xlettt.</span> <span class='ocrx_word' id='word_1_469' title='bbox 820 4534 864 4594; x_wconf 86' lang='lat' dir='ltr'>(Ut</span> <span class='ocrx_word' id='word_1_470' title='bbox 884 4547 952 4590; x_wconf 85' lang='lat' dir='ltr'>nos,</span> <span class='ocrx_word' id='word_1_471' title='bbox 985 4534 1050 4582; x_wconf 81' lang='lat' dir='ltr'>Yet</span> <span class='ocrx_word' id='word_1_472' title='bbox 1069 4534 1228 4593; x_wconf 82' lang='lat' dir='ltr'>Manutius.)</span> <span class='ocrx_word' id='word_1_473' title='bbox 1261 4559 1290 4570; x_wconf 96' lang='lat'>-</span> <span class='ocrx_word' id='word_1_474' title='bbox 1327 4534 1370 4585; x_wconf 86' lang='grc'>21.</span> <span class='ocrx_word' id='word_1_475' title='bbox 1391 4533 1466 4582; x_wconf 79' lang='lat' dir='ltr'>dem</span> 
     </span>
     <span class='ocr_line' id='line_1_46' title="bbox 145 4602 1466 4670; baseline 0.002 -19"><span class='ocrx_word' id='word_1_476' title='bbox 145 4603 182 4651; x_wconf 88' lang='lat' dir='ltr'>M.</span> <span class='ocrx_word' id='word_1_477' title='bbox 204 4630 231 4639; x_wconf 88' lang='lat'>-</span> <span class='ocrx_word' id='word_1_478' title='bbox 271 4604 314 4653; x_wconf 82' lang='grc'>22.</span> <span class='ocrx_word' id='word_1_479' title='bbox 344 4603 452 4667; x_wconf 81' lang='lat' dir='ltr'>deesset]</span> <span class='ocrx_word' id='word_1_480' title='bbox 477 4607 535 4654; x_wconf 81' lang='lat' dir='ltr'>dcet</span> <span class='ocrx_word' id='word_1_481' title='bbox 554 4606 594 4660; x_wconf 83' lang='lat' dir='ltr'>X,</span> <span class='ocrx_word' id='word_1_482' title='bbox 623 4605 691 4653; x_wconf 83' lang='lat' dir='ltr'>deest</span> <span class='ocrx_word' id='word_1_483' title='bbox 712 4606 783 4654; x_wconf 77' lang='lat' dir='ltr'>stet.</span> <span class='ocrx_word' id='word_1_484' title='bbox 822 4605 955 4662; x_wconf 82' lang='lat' dir='ltr'>(Correxit</span> <span class='ocrx_word' id='word_1_485' title='bbox 973 4605 1091 4664; x_wconf 80' lang='lat' dir='ltr'>Rosius.)</span> <span class='ocrx_word' id='word_1_486' title='bbox 1115 4629 1145 4638; x_wconf 90' lang='lat'>-</span> <span class='ocrx_word' id='word_1_487' title='bbox 1184 4605 1228 4654; x_wconf 80' lang='grc'>23.</span> <span class='ocrx_word' id='word_1_488' title='bbox 1249 4602 1376 4670; x_wconf 77' lang='lat' dir='ltr'>erintus]</span> <span class='ocrx_word' id='word_1_489' title='bbox 1395 4615 1466 4668; x_wconf 68' lang='lat' dir='ltr'>queo</span> 
     </span>
     <span class='ocr_line' id='line_1_47' title="bbox 148 4670 1463 4738; baseline 0.002 -17"><span class='ocrx_word' id='word_1_490' title='bbox 148 4674 167 4721; x_wconf 93' lang='lat' dir='ltr'>t.</span> <span class='ocrx_word' id='word_1_491' title='bbox 191 4697 220 4708; x_wconf 95' lang='lat'>-</span> <span class='ocrx_word' id='word_1_492' title='bbox 258 4674 302 4723; x_wconf 77' lang='lat' dir='ltr'>et.</span> <span class='ocrx_word' id='word_1_493' title='bbox 331 4688 350 4723; x_wconf 84' lang='lat' dir='ltr'>u</span> <span class='ocrx_word' id='word_1_494' title='bbox 371 4689 484 4726; x_wconf 85' lang='lat' dir='ltr'>meum.</span> <span class='ocrx_word' id='word_1_495' title='bbox 514 4678 534 4725; x_wconf 92' lang='lat' dir='ltr'>t.</span> <span class='ocrx_word' id='word_1_496' title='bbox 565 4701 597 4709; x_wconf 93' lang='lat'>-</span> <span class='ocrx_word' id='word_1_497' title='bbox 637 4674 778 4738; x_wconf 80' lang='lat' dir='ltr'>Corrprum</span> <span class='ocrx_word' id='word_1_498' title='bbox 805 4675 865 4726; x_wconf 81' lang='lat' dir='ltr'>Mll-</span> <span class='ocrx_word' id='word_1_499' title='bbox 900 4697 925 4706; x_wconf 92' lang='lat'>-</span> <span class='ocrx_word' id='word_1_500' title='bbox 964 4670 1034 4722; x_wconf 74' lang='lat' dir='ltr'>lande</span> <span class='ocrx_word' id='word_1_501' title='bbox 1054 4674 1074 4722; x_wconf 92' lang='lat' dir='ltr'>t.</span> <span class='ocrx_word' id='word_1_502' title='bbox 1099 4699 1126 4710; x_wconf 92' lang='lat'><em>-</em></span> <span class='ocrx_word' id='word_1_503' title='bbox 1165 4675 1209 4724; x_wconf 81' lang='grc'><strong>211.</strong></span> <span class='ocrx_word' id='word_1_504' title='bbox 1229 4674 1411 4724; x_wconf 80' lang='lat' dir='ltr'>uodotorel.</span> <span class='ocrx_word' id='word_1_505' title='bbox 1430 4699 1463 4711; x_wconf 89' lang='lat'>-</span> 
     </span>
     <span class='ocr_line' id='line_1_48' title="bbox 145 4742 1463 4808; baseline 0.004 -18"><span class='ocrx_word' id='word_1_506' title='bbox 145 4756 217 4791; x_wconf 77' lang='lat' dir='ltr'>meua</span> <span class='ocrx_word' id='word_1_507' title='bbox 236 4744 313 4791; x_wconf 85' lang='lat' dir='ltr'>dolor</span> <span class='ocrx_word' id='word_1_508' title='bbox 332 4745 361 4793; x_wconf 81' lang='lat' dir='ltr'>R·</span> <span class='ocrx_word' id='word_1_509' title='bbox 400 4772 425 4782; x_wconf 91' lang='lat'>-</span> <span class='ocrx_word' id='word_1_510' title='bbox 465 4746 508 4796; x_wconf 83' lang='lat'>3⁰.</span> <span class='ocrx_word' id='word_1_511' title='bbox 528 4745 577 4795; x_wconf 78' lang='lat' dir='ltr'>tibi</span> <span class='ocrx_word' id='word_1_512' title='bbox 596 4759 633 4808; x_wconf 29' lang='lat' dir='ltr'>pra</span> <span class='ocrx_word' id='word_1_513' title='bbox 657 4745 692 4794; x_wconf 80' lang='lat' dir='ltr'>tt.</span> <span class='ocrx_word' id='word_1_514' title='bbox 727 4770 756 4781; x_wconf 95' lang='lat'>-</span> <span class='ocrx_word' id='word_1_515' title='bbox 794 4746 837 4795; x_wconf 85' lang='lat' dir='ltr'>at.</span> <span class='ocrx_word' id='word_1_516' title='bbox 856 4745 990 4805; x_wconf 79' lang='lat' dir='ltr'>pudicitie</span> <span class='ocrx_word' id='word_1_517' title='bbox 1010 4745 1031 4793; x_wconf 92' lang='lat' dir='ltr'>t.</span> <span class='ocrx_word' id='word_1_518' title='bbox 1066 4770 1091 4780; x_wconf 95' lang='lat'><em>—</em></span> <span class='ocrx_word' id='word_1_519' title='bbox 1131 4745 1173 4794; x_wconf 80' lang='grc'>33,</span> <span class='ocrx_word' id='word_1_520' title='bbox 1194 4742 1348 4807; x_wconf 73' lang='lat' dir='ltr'>sepiendum</span> <span class='ocrx_word' id='word_1_521' title='bbox 1368 4746 1398 4795; x_wconf 80' lang='lat' dir='ltr'>tt.</span> <span class='ocrx_word' id='word_1_522' title='bbox 1433 4768 1463 4785; x_wconf 86' lang='lat'>··</span> 
     </span>
     <span class='ocr_line' id='line_1_49' title="bbox 147 4813 920 4879; baseline 0.005 -19"><span class='ocrx_word' id='word_1_523' title='bbox 147 4815 224 4862; x_wconf 79' lang='lat' dir='ltr'>nddtr</span> <span class='ocrx_word' id='word_1_524' title='bbox 242 4816 311 4863; x_wconf 84' lang='lat' dir='ltr'>enim</span> <span class='ocrx_word' id='word_1_525' title='bbox 330 4816 408 4864; x_wconf 81' lang='lat' dir='ltr'>ctiam</span> <span class='ocrx_word' id='word_1_526' title='bbox 429 4817 448 4866; x_wconf 84' lang='grc'>1.</span> <span class='ocrx_word' id='word_1_527' title='bbox 471 4840 500 4852; x_wconf 89' lang='grc'>-</span> <span class='ocrx_word' id='word_1_528' title='bbox 538 4815 580 4865; x_wconf 82' lang='grc'>37.</span> <span class='ocrx_word' id='word_1_529' title='bbox 602 4813 696 4877; x_wconf 83' lang='lat' dir='ltr'>minui]</span> <span class='ocrx_word' id='word_1_530' title='bbox 717 4818 804 4865; x_wconf 78' lang='lat' dir='ltr'>minus</span> <span class='ocrx_word' id='word_1_531' title='bbox 824 4829 863 4879; x_wconf 91' lang='lat' dir='ltr'>pr.</span> <span class='ocrx_word' id='word_1_532' title='bbox 885 4815 920 4864; x_wconf 83' lang='grc' dir='ltr'>Μ.</span> 
     </span>
    </p>
   </div>
   <div class='ocr_carea' id='block_1_9' title="bbox 0 0 1640 5400">
    <p class='ocr_par' dir='ltr' id='par_1_9' title="bbox 0 0 1640 5400">
     <span class='ocr_line' id='line_1_50' title="bbox 0 0 1640 5400; baseline 0 0"><span class='ocrx_word' id='word_1_533' title='bbox 0 0 1640 5400; x_wconf 95' lang='lat' dir='ltr'> </span> 
     </span>
    </p>
   </div>
  </div>
 </body>
</html>
