3256 5400
608 268 682 332 tls.
704 267 759 330 XI.
794 267 854 330 BP.
875 261 929 329 28.
949 264 1002 329 SS.
1193 329 1195 335 ,
1406 269 1469 331 207

140 435 234 512 opto,
255 434 291 491 nt
312 423 471 510 poeniteat
493 445 549 489 eos
570 424 619 489 sui
640 422 741 490 iacti?
777 421 877 508 Cupio
898 421 982 487 enim
1004 420 1146 488 Caesaris
1167 430 1301 488 mortem
1323 423 1470 490 omnibus

141 541 212 585 esse
232 518 389 585 acerbam.
442 524 481 584 m
513 517 615 584 debeo
643 539 702 603 pro
729 515 815 583 civili
843 525 933 602 parte
964 535 1032 580 rem
1060 513 1217 598 publicam
1239 517 1319 582 velle
1340 517 1469 584 salvam.

141 611 177 678 ld
201 611 330 700 quidem
361 632 412 674 me
441 631 573 697 cupere,
611 611 671 676 nisi
704 621 735 676 et
762 620 833 674 ante
863 621 929 674 acta
958 609 1021 674 vita
1043 609 1218 696 etreliqua
1239 632 1308 675 mea
1330 620 1470 697 spesta·

140 716 231 772 ceute
252 727 304 771 me
325 704 457 791 probat,
494 704 628 770 dicendo
652 704 780 770 vincere
809 724 872 768 non
901 701 1036 787 postulo.
1080 706 1109 767 5.
1133 706 1242 780 Quare
1263 705 1415 770 maiorem
1436 706 1469 771 in

140 799 270 866 modum
290 809 322 863 te
350 819 450 882 rogo,
488 808 609 863 utrem
632 798 788 883 potiorem
810 797 953 861 oratione
980 794 1093 870 ducas,
1130 796 1290 884 mihique,
1326 799 1352 863 si
1374 799 1494 865 sentias

141 892 294 978 expedire
322 901 408 957 recte
439 890 531 966 lieri,
567 891 677 956 credas
704 890 821 955 nullam
843 894 1096 955 communionem
1123 911 1194 956 cum
1224 890 1378 976 improbis
1400 914 1469 959 esse

141 1008 245 1073 posse.
292 992 356 1058 An,
393 983 477 1070 quod
499 983 680 1049 adolescens
705 983 861 1070 praestiti,
899 1003 970 1047 cum
999 983 1092 1047 etiam
1114 1005 1223 1049 errare
1244 1006 1316 1050 cum
1338 1008 1469 1053 creusa

141 1080 227 1145 tione
251 1100 391 1165 possem,
424 1076 457 1142 id
479 1099 574 1152 nunc,
608 1085 708 1143 aetate
729 1076 950 1162 praecipitata,
988 1086 1177 1143 commutem
1200 1100 1236 1143 ac
1258 1102 1308 1144 nie
1331 1081 1398 1167 ipse
1418 1102 1470 1145 re·

141 1178 269 1240 texam?
304 1177 373 1236 Non
396 1172 523 1245 faciam,
557 1193 675 1257 neque,
705 1170 790 1259 quod
812 1171 992 1255 displiceat,
1014 1171 1225 1246 committam,
1249 1184 1469 1260 praeterquam

141 1267 227 1356 quod
250 1266 386 1332 hominis
407 1265 483 1330 mihi
505 1265 751 1331 coniunctissimi
765 1286 802 1329 ac
817 1265 879 1329 viri
898 1264 1081 1350 amplissimi
1099 1264 1192 1330 doleo
1207 1286 1334 1350 gravem
1352 1289 1469 1334 casum.
1483 1293 1507 1330 n

143 1361 265 1441 Quodsi
286 1360 377 1425 aliter
398 1380 498 1424 essem
526 1360 700 1431 animatus,
730 1379 905 1444 nunquam,
943 1358 1028 1444 quod
1049 1358 1200 1434 lacerem,
1234 1381 1396 1446 negarem,
1429 1384 1469 1428 nc

142 1466 174 1521 et
200 1454 232 1520 in
260 1452 417 1538 peccando
453 1452 618 1539 improbus
646 1465 677 1519 et
711 1451 744 1516 in
776 1450 1000 1516 dissimulando
1033 1451 1160 1516 timidus
1181 1473 1218 1516 ac
1238 1475 1336 1520 vanus
1358 1456 1469 1521 existi·

141 1570 258 1615 marer.
307 1552 338 1612 6.
369 1553 409 1612 At
436 1545 542 1620 ludos,
577 1567 657 1632 quos
679 1545 820 1612 Caesaris
856 1545 1005 1609 victoriae
1033 1547 1147 1609 Caesar
1174 1544 1354 1614 adolescens
1375 1548 1468 1623 lecit,
1530 1562 1533 1567 '

141 1642 262 1708 curavi.
316 1646 355 1705 At
375 1638 408 1704 id
428 1639 468 1703 ad
489 1639 648 1724 privatum
670 1640 823 1711 officium,
856 1657 920 1701 non
941 1635 980 1701 ad
1002 1646 1116 1703 statum
1138 1639 1185 1704 rei
1207 1639 1350 1724 publicae
1372 1643 1469 1729 perti-

142 1747 205 1802 net.
249 1732 343 1819 Quod
366 1743 469 1798 mmen
491 1754 604 1798 munus
626 1742 658 1798 et
679 1731 813 1797 hominis
830 1729 1012 1796 amicissimi
1032 1732 1205 1796 memoriae
1227 1746 1319 1820 atque
1342 1736 1508 1802 honori-ss

141 1830 202 1896 bns
223 1836 384 1915 praestare
412 1827 504 1891 etiam
532 1827 648 1891 mortui
676 1825 786 1902 debui,
822 1836 853 1890 et
880 1824 1017 1909 optimae
1045 1825 1114 1912 spei
1141 1826 1329 1893 adolescenti
1358 1851 1395 1894 ac
1424 1830 1472 1895 di·

141 1923 294 2010 gnissimo
310 1925 442 1988 Caesare
457 1921 574 2006 petenti
589 1941 705 2005 negare
719 1940 781 1984 non
797 1923 895 2004 potui.
938 1922 968 1982 7.
990 1922 1070 1984 Veni
1086 1922 1177 1983 etiam
1194 1921 1330 1986 consulis
1343 1924 1469 1989 Antonii

143 2019 274 2083 domum
287 2037 380 2101 saepe
392 2014 545 2079 salutandi
558 2035 666 2092 causa;
683 2013 723 2077 ad
734 2033 828 2099 quem
839 2010 893 2098 qui
908 2032 958 2074 me
969 2030 1080 2096 parum
1096 2013 1215 2096 patriae
1230 2025 1384 2079 amantem
1401 2038 1470 2082 esse

143 2109 323 2176 existimant
350 2107 482 2193 rogandi
506 2106 631 2192 quidem
660 2107 777 2193 aliquid
798 2115 852 2169 aut
872 2104 1033 2169 aulcrendi
1056 2125 1147 2169 causa
1171 2106 1349 2195 frequentes
1371 2112 1471 2176 senti·

142 2215 212 2270 tare
229 2201 381 2289 reperies.
431 2199 493 2266 Sed
512 2222 593 2286 quae
614 2199 693 2265 haec
713 2210 761 2266 est
781 2198 976 2283 arrogantia,
1000 2197 1085 2286 quod
1108 2203 1222 2265 Caesar
1243 2223 1402 2287 nunqnam
1423 2207 1507 2269 in-s..

142 2296 340 2384 terpellavit‚
373 2299 466 2381 quin,
500 2293 616 2380 quibus
645 2293 756 2359 vellem
782 2303 875 2378 atque
903 2291 996 2356 etiam
1019 2312 1099 2378 qnos
1125 2292 1192 2379 ipse
1213 2314 1278 2358 non
1300 2293 1469 2379 diligebat,

143 2401 246 2457 tanmn
267 2390 306 2455 iis
328 2399 450 2461 uterer,
488 2408 559 2461 eos,
593 2387 647 2472 qui
669 2387 746 2452 mibi
768 2388 902 2451 amicum
926 2386 1125 2472 eripuerunt,
1154 2385 1311 2473 carpendo
1333 2409 1383 2452 me
1406 2389 1470 2452 effi-

142 2506 215 2550 cere
237 2484 360 2555 conari,
385 2504 439 2556 ne,
462 2502 543 2568 quos
566 2481 675 2555 velim,
698 2479 849 2564 diligam?
885 2481 915 2543 8.
939 2477 1003 2542 Sed
1019 2499 1081 2542 non
1098 2499 1225 2554 vereor,
1249 2500 1289 2544 ne
1311 2490 1470 2546 autmeae

142 2579 226 2644 vitae
254 2576 407 2643 modestia
435 2595 546 2661 parum
574 2574 706 2639 valitura
735 2572 776 2636 sit
802 2576 835 2636 in
864 2579 1027 2656 posterum
1050 2581 1161 2636 contra
1183 2570 1279 2639 salsos
1301 2595 1469 2649 rumores,

143 2681 198 2738 aut
220 2669 375 2735 ucetiam
397 2668 436 2743 ii,
458 2667 513 2754 qui
534 2688 585 2731 me
608 2687 671 2732 non
692 2674 796 2730 amant
818 2674 948 2750 propter
969 2685 1070 2730 meam
1094 2663 1126 2728 in
1148 2667 1312 2731 Caesarem
1327 2677 1507 2734 constan-m

143 2764 236 2838 tiam,
259 2785 321 2829 non
344 2762 451 2827 malint
471 2760 534 2825 mci
556 2781 649 2846 quam
671 2758 720 2824 sui
743 2758 862 2823 similes
883 2757 1001 2823 amicos
1023 2757 1151 2823 habere.
1193 2758 1269 2824 Mihi
1291 2758 1418 2845 quidem
1440 2759 1466 2825 si

143 2866 250 2943 optata
271 2856 468 2940 contingent,
501 2851 588 2939 quod
609 2851 766 2938 reliquum
794 2865 841 2919 est
862 2851 960 2925 vitae,
991 2851 1023 2916 in
1049 2851 1116 2917 otio
1137 2850 1239 2917 Rhodi
1262 2852 1388 2936 degam;
1421 2854 1469 2919 sin

143 2972 233 3016 casus
255 2949 369 3036 aliquis
390 2945 615 3034 interpellarit,
643 2946 686 3010 ita
708 2967 765 3011 ero
781 2952 914 3020 Romae,
936 2958 971 3011 ut
992 2954 1078 3011 recte
1100 2944 1168 3010 lieri
1188 2966 1314 3032 semper
1335 2947 1469 3033 cupiam.

143 3042 292 3111 Trebatio
313 3053 422 3107 nostro
445 3062 573 3125 magnas
594 3059 654 3123 ago
675 3040 805 3124 gratias,
839 3038 927 3126 quod
947 3048 1034 3104 tuum
1065 3059 1141 3124 erga
1163 3060 1213 3103 me
1236 3039 1375 3105 animum
1396 3040 1471 3104 sim·

143 3138 256 3225 plicem
284 3146 377 3222 atque
407 3134 542 3199 amicum
573 3132 712 3219 aperuit,
750 3143 784 3198 et
812 3133 898 3219 quod
926 3154 1015 3206 eum,
1053 3153 1148 3220 quem
1170 3153 1295 3219 semper
1324 3133 1508 3202 lubenterm

144 3229 259 3302 dilexi,
294 3250 358 3317 quo
386 3228 486 3314 magis
518 3227 588 3294 iure
621 3227 725 3292 colere
753 3237 846 3313 atque
867 3224 1038 3292 observare
1060 3224 1223 3300 deberem,
1245 3225 1328 3293 lecit.
1385 3232 1470 3297 Bene

143 3325 213 3392 vale
235 3334 266 3391 et
287 3344 338 3389 me
360 3322 466 3408 dilige.

593 3463 706 3525 rrir.
750 3459 798 3544 (Α.
825 3463 857 3525 ιι
880 3462 912 3525 s.
935 3460 1020 3546 710.)

609 3576 752 3639 crunno
775 3573 893 3636 ormo
916 3577 1006 3638 sn.

231 3702 259 3763 1.
290 3694 548 3772 Dubitantimilri
570 3731 612 3743 -
641 3691 727 3781 quod
748 3692 806 3760 scit
826 3693 946 3759 Atticus
968 3704 1076 3759 noster
1098 3731 1138 3742 -
1163 3694 1204 3762 de
1224 3694 1286 3761 hoc
1306 3704 1374 3762 toto
1397 3714 1511 3761 con-a

144 3789 216 3857 silio
237 3788 459 3877 profectionis,
481 3788 566 3877 quod
589 3793 621 3855 in
642 3798 807 3873 utramque
828 3797 949 3873 partem
973 3787 1004 3851 in
1027 3796 1164 3853 mentem
1185 3789 1281 3854 multa
1294 3788 1471 3862 veniebant,

146 3905 293 3968 magnum
321 3882 445 3968 pondus
475 3883 605 3948 accessit
640 3881 680 3946 ad
707 3880 875 3946 tollendam
898 3881 1124 3947 dubitationem
1146 3882 1295 3949 iudicium
1317 3893 1349 3948 et
1369 3884 1473 3950 cousi-

145 3976 221 4043 lium
244 3987 343 4042 tunm.
385 3981 462 4043 Nam
485 3987 516 4043 et
537 3974 689 4063 scripsisti
710 3984 832 4060 aperte,
863 3975 938 4060 qnid
959 3974 1015 4040 tibi
1037 3975 1217 4052 videretur,
1239 3990 1271 4042 et
1291 3977 1409 4042 Atticus
1431 3976 1472 4041 ad

145 4093 196 4136 me
217 4090 395 4136 sermonem
420 4080 506 4135 tuum
528 4068 667 4156 pertulit.
711 4071 843 4153 Semper
865 4066 1001 4133 indicavi
1023 4066 1056 4132 in
1078 4078 1110 4133 te
1131 4080 1163 4134 et
1184 4069 1381 4155 incapieudo
1396 4089 1472 4133 con·

145 4163 219 4229 silio
240 4162 440 4249 prudentiam
467 4183 620 4228 summam
647 4182 716 4227 esse
738 4161 823 4227 etin
845 4161 948 4226 dando
970 4161 1079 4236 iidem,
1102 4163 1301 4248 maximeque
1324 4183 1394 4227 sum
1417 4178 1511 4226 ento

145 4264 275 4342 pertus,
311 4278 382 4322 cum
417 4256 506 4322 initio
528 4254 629 4321 civilis
650 4254 725 4320 belli
746 4276 804 4341 per
825 4254 943 4320 litteras
967 4265 996 4320 te
1019 4256 1263 4331 consuluissem,
1298 4253 1374 4342 quid
1396 4252 1473 4318 mihi

145 4348 321 4415 laciendum
343 4371 412 4415 esse
433 4369 593 4422 censeres,
622 4348 800 4413 eundumne
822 4347 860 4413 ad
882 4350 1066 4435 Pompeium
1088 4372 1128 4415 an
1149 4349 1337 4414 manendum
1359 4347 1391 4412 in
1411 4351 1473 4411 lta·

144 4442 197 4508 lia.
219 4443 367 4517 Suasisti,
384 4454 432 4531 ut
453 4443 651 4508 consulerem
674 4441 816 4527 dignitati
838 4463 947 4518 meae;
977 4465 1017 4507 ex
1039 4464 1125 4529 qno,
1156 4443 1233 4530 quid
1254 4442 1402 4515 sentires,
1425 4440 1473 4506 in-

147 4536 253 4601 tellexi
283 4547 314 4601 et
342 4558 412 4603 sum
448 4537 618 4603 admiratus
647 4536 740 4601 fidem
777 4544 862 4601 tuam
885 4545 915 4600 ct
937 4537 969 4601 in
991 4537 1122 4603 consilio
1145 4536 1248 4602 dando
1270 4535 1472 4621 religionem,

216 4757 242 4805 Ξ.
264 4757 464 4820 siciliquidam
484 4770 527 4820 ap.
549 4759 721 4807 Lambinum.
743 4779 774 4790 -
811 4757 854 4806 17.
874 4757 1057 4818 repetents’M.
1087 4780 1117 4791 -
1155 4756 1362 4812 18.samamsm
1381 4753 1417 4804 M.
1439 4775 1471 4789 -

145 4826 190 4876 22.
210 4827 250 4876 liis
269 4826 306 4876 M.
329 4850 357 4862 -
395 4827 440 4878 23.
460 4825 518 4890 eut]
535 4830 572 4877 od
590 4829 627 4879 M.
648 4852 679 4864 -
716 4827 760 4877 25.
780 4828 807 4876 at
826 4826 863 4877 M.
885 4848 913 4860 -
951 4826 996 4877 ᾗ.
1014 4828 1164 4890 contingent
1182 4826 1232 4876 M:
1251 4825 1408 4884 emisissent
1425 4823 1472 4872 lir-

147 4897 260 4947 nestias·
283 4919 313 4932 -
350 4897 395 4948 34.
413 4899 516 4948 OPPIO
534 4898 576 4950 M:
595 4896 699 4950 APPIO
716 4897 749 4948 R.
