3256 5400
177 216 241 277 ’264
610 210 884 276 EPISTOLARUM
905 213 957 272 All
980 210 1070 273 EAM.

177 371 233 436 sed
254 371 349 436 animi
372 371 433 434 mei
455 370 547 434 dolor
573 331 704 453 magnus
726 378 782 434 est.
836 367 893 433 Ubi
915 367 1006 433 silet
1028 365 1104 452 qnid
1125 364 1193 430 lieri
1216 369 1328 451 possit,
1361 364 1497 429 Bolanus

178 477 207 532 te
228 465 362 530 docebit.
416 469 482 549 Ego
505 462 531 528 si
554 462 713 527 hominem
733 482 791 547 per
812 471 843 526 te
864 460 1060 546 reciperaro‚
1093 479 1215 524 summo
1238 479 1288 523 mc
1309 479 1328 523 a
1349 468 1380 523 te
1401 456 1499 522 bene-

177 558 248 623 ficio
269 557 412 622 allectum
433 556 622 621 arbitrabor.

599 664 1079 749 imminuam&

153 815 167 854 a
612 796 653 856 Μ.
676 791 817 857 CICERO
838 791 1007 853 ALLIENO
1031 791 1062 853 S.

261 907 289 969 1.
325 903 522 968 Democritus
552 902 716 991 Sicyonius
745 922 807 966 non
837 902 938 966 solum
965 900 1079 984 hospes
1101 920 1190 965 meus
1212 908 1275 974 cst,
1306 899 1494 978 sedetiam,

175 997 260 1084 quod
293 1018 356 1062 non
385 997 490 1062 multis
522 997 668 1080 contigit,
707 995 833 1062 Graecis
865 993 1066 1080 praesertim,
1103 993 1193 1057 valde
1214 991 1386 1059 familiaris.
1440 999 1496 1061 Est

175 1091 312 1156 enimin
334 1112 373 1156 eo
395 1111 514 1156 summa
535 1090 691 1177 probitas,
725 1110 845 1154 summa
874 1089 989 1161 virtus,
1026 1108 1147 1152 summa
1167 1086 1198 1150 in
1220 1085 1358 1172 hospites
1379 1086 1496 1152 libera-

175 1185 244 1250 litas
273 1195 304 1250 et
330 1185 547 1258 observantia,
582 1205 695 1269 meque
723 1192 849 1268 praeter
877 1192 999 1246 ceteros
1026 1190 1056 1245 et
1077 1180 1152 1245 colit
1173 1190 1204 1245 et
1226 1179 1373 1246 observat
1394 1192 1425 1246 et
1447 1180 1495 1247 di·

141 1278 252 1363 seligit.
307 1284 386 1344 Eum
418 1288 451 1344 tu
473 1300 536 1343 non
557 1279 652 1343 modo
674 1298 802 1343 suorum
825 1277 955 1348 civium,
989 1297 1098 1339 verum
1126 1295 1224 1359 paene
1251 1275 1385 1339 Achaiae
1407 1276 1494 1361 prin-

174 1373 274 1458 cipem
297 1393 476 1457 cognosces.
518 1378 549 1437 2.
571 1373 651 1437 Huic
672 1394 731 1457 ego
753 1370 966 1435 tantummodo
988 1369 1107 1434 aditum
1128 1366 1167 1431 ad
1183 1376 1265 1432 tuam
1281 1368 1492 1453 cognitionem

174 1466 327 1552 patol'acio
342 1477 373 1531 et
388 1468 509 1544 munio;
532 1467 706 1552 cognitum,
729 1487 786 1551 per
800 1475 830 1530 tc
845 1465 961 1551 ipsum,
985 1484 1065 1550 quae
1080 1475 1132 1529 tua
1149 1473 1259 1527 natura
1278 1473 1337 1535 est,
1363 1460 1493 1546 dignum

174 1570 226 1625 tua
248 1560 379 1624 amicitia
401 1570 493 1646 atquc
522 1559 658 1646 hospitio
687 1559 848 1624 iudicabis.
896 1563 972 1623 Peto
1000 1558 1096 1642 igitur
1124 1578 1142 1620 a
1171 1566 1218 1632 te,
1250 1565 1285 1621 ut
1310 1555 1358 1620 his
1378 1554 1492 1620 litteris

172 1652 259 1718 lectis
287 1654 420 1739 recipias
449 1675 520 1717 eum
549 1654 582 1717 in
610 1664 694 1718 tuam
717 1652 824 1725 Iidem,
854 1653 1022 1737 polliceare
1056 1651 1161 1716 omnia
1190 1660 1220 1715 te
1241 1649 1396 1715 iacturum
1418 1671 1488 1714 mea

138 1766 274 1812 sscausa.
316 1754 362 1813 De
383 1746 522 1832 reliquo,
551 1746 591 1820 si,
624 1747 656 1811 id
678 1747 763 1832 quod
784 1746 908 1812 confido
929 1746 1014 1819 lore,
1036 1744 1165 1829 dignum
1187 1765 1258 1809 eum
1280 1753 1332 1807 tua
1354 1742 1491 1808 amicitia

172 1839 370 1926 hospitioque
402 1840 608 1924 cognoveris,
644 1851 734 1925 peto,
770 1850 805 1904 ut
832 1862 902 1905 eum
935 1839 1162 1924 complectare,
1200 1837 1328 1924 diligas,
1365 1838 1398 1902 in
1428 1838 1490 1903 tuis

171 1932 295 1999 habeas.
337 1935 405 1998 Erit
425 1934 457 1998 id
479 1933 556 1997 mihi
578 1940 728 1999 maiorem
751 1934 782 1999 in
804 1935 931 1999 modum
954 1943 1086 2017 gratum.
1129 1931 1215 1998 Vale.

599 2072 1056 2155 inmunem)

482 2199 524 2261 bl.
547 2198 688 2262 CICERO
712 2198 743 2260 S.
764 2197 801 2260 D.
823 2196 993 2259 ALLIENO
1015 2196 1180 2260 PROCOS.

130 2325 158 2362 2⁰
252 2312 291 2372 Et
312 2316 342 2372 te
364 2307 444 2371 scire
466 2306 618 2381 arbitror,
654 2307 761 2392 quanti
789 2306 918 2371 fecerim
941 2310 973 2373 C.
995 2306 1159 2371 Avianium
1181 2306 1339 2381 Flaccum,
1375 2317 1407 2372 et
1427 2328 1488 2392 ego

169 2421 210 2465 ex
230 2400 300 2486 ipso
320 2400 515 2474 audiveram,
545 2401 665 2487 optimo
687 2410 718 2465 et
739 2400 916 2484 gratissimo
938 2398 1079 2474 homine,
1110 2421 1203 2485 quam
1225 2421 1243 2464 a
1265 2410 1296 2465 te
1318 2400 1488 2467 liberaliter

167 2503 249 2558 esset
276 2503 432 2559 tractatus.
480 2495 555 2560 Eius
583 2493 664 2559 lilios
692 2494 890 2579 dignissimos
918 2494 972 2558 illo
994 2504 1082 2579 patre
1103 2515 1254 2580 meosque
1275 2495 1486 2571 necessarios,

166 2607 247 2671 quos
269 2607 329 2670 ego
350 2588 442 2652 unice
464 2589 575 2673 diligo,
598 2587 783 2653 commendo
804 2586 862 2652 tibi
883 2587 941 2660 sic,
964 2596 998 2651 ut
1019 2587 1138 2652 maiore
1154 2587 1256 2652 studio
1279 2589 1380 2653 nullos
1401 2610 1486 2653 com·
1593 2581 1599 2598 '

167 2679 314 2744 mandare
328 2686 456 2766 possim.
475 2687 507 2748 (l.
523 2682 669 2747 Avianius
689 2682 721 2746 in
737 2681 842 2746 Sicilia
860 2691 921 2757 est;
944 2685 1067 2753 Marcus
1083 2691 1130 2746 cst
1146 2681 1319 2747 nobiscum.
1352 2688 1389 2748 Ut
1402 2682 1486 2748 illius

128 2770 347 2856 adignitatem
368 2776 540 2860 praesentis
562 2796 672 2849 ornes,
695 2796 761 2840 rem
773 2775 936 2861 utriusque
959 2773 1121 2850 delendas,
1145 2784 1174 2840 te
1189 2796 1278 2860 rogo.
1320 2780 1388 2842 Hoc
1409 2775 1486 2840 mihi

166 2866 285 2952 gratiam
314 2867 348 2932 in
377 2869 435 2933 ista
463 2869 625 2954 provincia
652 2869 755 2934 lacere
782 2868 858 2934 nihil
886 2878 990 2955 potes;
1023 2869 1117 2955 idque
1139 2878 1174 2935 ut
1195 2868 1304 2945 facias,
1340 2879 1370 2934 tc
1392 2868 1487 2936 vehe-

165 2969 287 3025 menter
308 2961 400 3027 etiam
422 2973 514 3049 atque
537 2963 629 3028 eham
652 2984 741 3047 rogo.

723 3195 926 3204 ——n—

685 3411 835 3471 LIBER
856 3412 964 3474 xlv.

439 3603 518 3674 AI)
552 3604 918 3679 TERENTIAM
946 3606 1207 3682 UXOREM.

740 3795 906 3805 -—.—...

651 3921 991 4006 amnem)

231 4043 272 4104 hl.
294 4042 455 4105 TULLIUS
478 4042 698 4106 TERENTIAE
720 4045 845 4201 ssbhE's
855 4046 1075 4201 TgLLIOLhE
1098 4049 1211 4119 SUAE,
1235 4048 1418 4112 CICERONI

122 4192 151 4238 so
848 4185 856 4199 '
907 4186 915 4201 '

165 4266 192 4328 l.
236 4245 291 4330 Et
311 4264 423 4330 litteris
444 4265 615 4330 multorum
637 4274 669 4329 et
696 4286 840 4331 sermone
869 4268 1008 4332 omnium
1036 4269 1195 4355 perfertur
1216 4269 1256 4334 ad
1277 4291 1343 4344 me,
1381 4272 1483 4335 incre-

162 4355 290 4422 dibilem
312 4367 397 4422 tuam
419 4358 567 4423 virtutem
589 4367 621 4423 et
640 4358 857 4425 fortitudinem
879 4383 946 4426 esse
976 4372 1069 4448 teque
1090 4385 1148 4428 nec
1169 4363 1264 4428 animi
1287 4386 1389 4451 neque
1411 4386 1482 4431 cor·

161 4453 248 4535 poris
271 4449 432 4515 laboribus
454 4451 628 4537 defetigari.
686 4458 736 4517 hle
758 4453 921 4519 miseruml
950 4466 996 4533 te,
1029 4457 1086 4521 ista
1108 4458 1239 4531 virtute,
1273 4456 1349 4533 fido,
1373 4458 1481 4544 probi·

162 4551 240 4615 tate,
270 4542 459 4608 humanitate
480 4545 512 4609 in
535 4555 632 4610 tantas
654 4568 818 4612 aerumnas
839 4558 969 4635 propter
991 4572 1040 4614 mo
1061 4552 1223 4617 incidissel
1253 4551 1481 4638 Tulliolamque

231 4754 258 4802 7.
277 4755 385 4818 contigit
404 4755 450 4804 ill:
469 4757 597 4821 contlnps't
616 4757 646 4806 Ε.
668 4781 698 4791 -
736 4759 779 4808 12.
797 4762 930 4822 patefacto
948 4759 985 4809 bl.
1010 4784 1039 4794 -
1075 4761 1119 4809 20.
1139 4761 1277 4810 Avianium
1295 4761 1332 4810 V:
1360 4763 1482 4812 Aetolum

163 4822 210 4880 hl,
229 4820 359 4874 Asnaum
370 4824 444 4874 E·
464 4825 507 4878 22·
523 4827 940 4890 positu.-at.lvtantosn1=
959 4830 1154 4880 datumst·
1175 4831 1217 4880 32.
1234 4831 1368 4895 aequabit
1388 4831 1478 4882 nscB.
