3256 5400
610 244 682 306 nlo.
705 243 728 307 l.
768 243 826 306 ΕΡ.
852 243 900 305 11.
925 243 973 305 12.
998 244 1047 306 13.
1412 247 1471 312 381

156 400 336 487 Pompeiani
365 394 547 487 πρόδρομοι
574 403 715 466 nuntiant
741 408 847 485 aperte
868 397 1050 483 Pompeium
1066 409 1222 465 ‘acturum
1243 403 1377 468 Antonio
1406 424 1475 470 suo·

156 495 225 561 cedi
257 500 431 578 oportere;
467 493 641 579 eodemque
678 502 819 578 tempore
855 500 927 578 aget
956 501 1084 577 praetor
1117 492 1157 558 ad
1188 495 1348 581 populum.
1414 502 1475 563 lles

156 588 311 657 eiusmodi
333 597 395 661 est,
426 597 462 654 ut
482 609 542 674 ego
563 608 621 653 nec
642 608 699 674 per
719 586 876 653 bonorum
898 605 956 650 nec
983 606 1041 671 per
1062 587 1244 673 popularem
1272 589 1476 656 existimatio-

155 707 226 751 nem
254 683 383 748 houeste
415 682 534 766 possim
562 681 720 747 homiuem
752 679 944 754 defendere,
977 700 1035 743 nec
1056 680 1131 744 mihi
1153 679 1271 757 libeat,
1307 682 1393 770 quod
1423 684 1474 750 vel

156 782 325 844 maximum
353 783 411 840 est.
454 775 576 840 Etenim
603 773 713 839 accidit
740 773 818 849 hoc,
840 772 927 858 quod
948 781 1064 847 totum,
1086 773 1262 840 cuiusmodi
1283 777 1339 865 sit,
1360 776 1498 845 mundos

156 871 228 946 tibi,
260 879 297 935 ut
317 867 498 955 perspicias.
555 872 585 933 2.
608 866 769 932 Libertum
797 887 857 952 ego
886 865 1007 941 haheo,
1039 886 1113 931 sanc
1141 888 1273 954 nequam
1301 871 1474 945 homiuem,

155 966 296 1032 Hilarum
323 963 411 1037 dico,
443 961 697 1027 ratiocinatorem
725 972 756 1027 et
784 963 927 1028 clientem
955 971 1053 1027 tuum,
1107 966 1153 1027 lle
1175 983 1215 1028 eo
1237 962 1311 1029 mihi
1333 964 1475 1031 Valerius

156 1060 310 1144 interpres
330 1055 451 1122 nuntiat
472 1054 652 1141 Chiliusque
674 1076 707 1120 se
729 1056 853 1123 audisse
883 1053 992 1121 scribit
1011 1053 1106 1120 haec:
1135 1070 1205 1120 esse
1224 1056 1382 1123 hominem
1402 1079 1473 1124 cum

156 1151 311 1229 hutouio;
347 1149 514 1216 Antonium
541 1169 641 1235 porro
671 1149 704 1215 in
731 1150 879 1236 cogendis
906 1148 1048 1236 pecuniis
1077 1148 1218 1215 dictitare
1246 1151 1367 1236 partem
1397 1149 1474 1215 mihi

156 1246 265 1334 quaeri
280 1255 312 1311 et
324 1265 342 1310 a
356 1265 408 1310 me
422 1242 584 1310 custodem
605 1244 780 1309 communis
801 1252 946 1330 quaestus
967 1241 1115 1307 libertum
1135 1263 1204 1308 esse
1225 1243 1364 1309 missum.
1406 1248 1510 1310 Nouto

157 1362 225 1406 sum
247 1339 450 1405 mediocriter
468 1345 659 1412 commotus,
684 1358 785 1425 neque
807 1349 910 1403 tamen
931 1335 1067 1414 credidi3
1088 1335 1145 1401 sed
1165 1344 1251 1401 certe
1271 1335 1388 1422 aliquid
1409 1357 1476 1402 ser·

156 1434 256 1501 monis
283 1432 352 1498 luit
395 1438 507 1498 Totum
534 1429 702 1515 investiga,
730 1450 899 1516 cognosce,
926 1430 1070 1517 perspice
1104 1439 1135 1494 et
1164 1429 1351 1496 nebulonem
1372 1430 1475 1505 illum,

156 1527 183 1593 si
215 1548 278 1614 quo
309 1535 399 1612 pacto
432 1533 541 1611 potes,
574 1545 615 1589 ex
644 1523 712 1590 istis
738 1523 815 1589 locis
843 1543 965 1590 amove.
1021 1521 1123 1588 Huius
1149 1523 1305 1589 sermonis
1332 1523 1476 1590 Valerius

156 1630 315 1686 auctorem
336 1622 390 1686 Cn.
412 1618 570 1684 Plancium
591 1615 781 1683 nominabat.
823 1613 937 1683 Mando
958 1615 1017 1681 tibi
1037 1616 1143 1703 plane,
1165 1623 1280 1692 totum,
1302 1624 1338 1682 ut
1357 1616 1474 1691 videas,

154 1713 333 1782 cuiusmodi
353 1713 402 1778 sit.
459 1716 489 1778 3.
510 1711 694 1798 Pompeium
721 1709 814 1777 nobis
841 1710 1063 1776 amicissimum
1087 1717 1207 1776 constat
1226 1731 1306 1777 esse.
1362 1710 1512 1777 [livor-rs

155 1810 234 1874 tium
263 1806 384 1874 Muciae
416 1804 617 1871 vehementer
647 1804 811 1890 probatur.
867 1810 900 1870 P.
927 1803 1086 1879 Clodium,
1115 1803 1208 1890 Appii
1233 1808 1285 1877 3.,
1318 1801 1415 1869 credo
1444 1810 1476 1869 to

155 1901 277 1967 audisse
308 1921 380 1965 cum
409 1907 494 1965 veste
522 1898 669 1965 muliebri
696 1898 925 1985 deprehensum
952 1896 1039 1963 dorni
1067 1899 1100 1963 C.
1129 1897 1283 1972 Caesaris,
1316 1917 1388 1962 cum
1415 1915 1475 1983 pro

154 1995 272 2081 populo
300 1993 408 2066 lieret,
445 2013 581 2081 eumque
602 2014 662 2078 per
681 2012 793 2059 manus
814 1992 957 2058 servulae
978 1999 1136 2057 servatum
1157 1999 1189 2056 ot
1209 1989 1371 2067 eductum;
1406 2008 1475 2068 rem

155 2109 223 2152 esse
257 2087 372 2172 insigni
399 2085 539 2152 infamia:
570 2085 656 2173 quod
682 2094 714 2152 te
735 2086 866 2152 moleste
895 2085 980 2151 lerre
1001 2093 1088 2150 certo
1109 2085 1186 2151 scio.
1227 2088 1259 2149 l.
1281 2081 1365 2161 Quid
1385 2101 1476 2168 praee

155 2190 241 2247 terea
262 2179 302 2246 ad
323 2189 354 2246 te
375 2178 525 2256 scribam,
554 2201 618 2246 nou
639 2179 751 2246 habeo.
793 2183 833 2245 Et
853 2178 1032 2244 mehercule
1054 2197 1140 2243 eram
1160 2178 1194 2243 in
1215 2175 1380 2244 scribendo
1401 2173 1512 2242 con-zo

155 2273 317 2341 turbatior.
359 2278 437 2339 Nam
456 2294 537 2360 puer
557 2272 705 2348 festinas,
727 2274 937 2357 ἀναγιώστης
958 2280 1079 2349 noster,
1102 2271 1262 2338 Sositheus
1283 2269 1474 2343 decesserat,

156 2389 267 2455 meque
288 2368 372 2454 plus,
401 2387 495 2454 quam
516 2366 602 2432 servi
631 2388 718 2433 mors
739 2366 856 2432 dehere
878 2365 1057 2439 videbatur,
1086 2372 1311 2432 commoverat
1353 2368 1402 2429 Tu
1420 2382 1475 2428 ve·

90 2498 95 2509 ·
153 2462 209 2527 lim
229 2481 322 2547 saepe
343 2459 384 2526 ad
404 2481 462 2526 nos
482 2459 611 2527 scribas.
660 2459 694 2526 si
715 2482 783 2526 rem
803 2459 920 2526 nullam
941 2457 1087 2534 habebis,
1110 2456 1196 2544 quod
1215 2457 1249 2523 in
1270 2455 1400 2523 buccam
1421 2475 1475 2521 ve·

155 2554 252 2631 uerit,
274 2552 413 2620 scribito.
456 2554 523 2619 Kal.
545 2559 667 2619 lanuar.
710 2558 750 2619 Μ.
773 2554 917 2628 Messala,
939 2556 980 2619 M.
1002 2552 1115 2617 Pisone
1136 2570 1216 2616 ooss.

613 2697 700 2759 rrrr.
744 2695 797 2776 (A.
822 2696 855 2758 u,
879 2696 910 2757 c.
933 2694 1023 2774 cos.)
1482 2717 1511 2762 ι.

634 2817 775 2883 CICERO
797 2815 940 2880 ATTICO
963 2817 994 2878 S.

241 2936 268 2996 1.
290 2931 403 3017 Accepi
428 2939 496 2996 tuas
526 2929 582 2994 tris
603 2929 666 2993 iam
687 2928 853 3014 epistolasr
881 2947 976 2992 unam
998 2947 1016 2991 a
1037 2931 1077 2993 Μ.
1101 2927 1264 3002 Cornelio,
1291 2948 1385 3014 quam
1406 2926 1476 2993 Tri-

155 3024 214 3091 bus
240 3023 406 3100 Tabemis,
440 3032 477 3089 ut
508 3026 636 3110 opinor,
669 3027 698 3087 ei
727 3021 857 3100 dedisti;
893 3021 1039 3094 alterum,
1076 3040 1169 3106 quam
1199 3021 1274 3088 mihi
1302 3022 1474 3090 Canusinus

156 3131 227 3185 tuus
259 3117 372 3204 hospes
403 3116 557 3196 reddidit;
594 3116 738 3191 tertiam,
770 3136 879 3202 quam,
912 3124 946 3179 ut
973 3112 1105 3186 scribis,
1138 3134 1252 3179 anoora
1284 3116 1401 3190 soluta,
1434 3114 1474 3182 de

156 3210 284 3297 phaselo
304 3211 434 3278 dedisti:
456 3233 537 3299 quae
558 3212 687 3278 luerunt
706 3229 815 3275 omnes
836 3207 1048 3289 †rhetorum.
1089 3212 1171 3273 Pure
1193 3208 1380 3297 loquuntur,
1401 3226 1511 3274 cumae

156 3303 354 3370 humanitatis
382 3326 509 3391 sparsae
536 3306 615 3380 salo,
644 3314 711 3370 tum
736 3303 874 3388 insignes
900 3302 1018 3367 amoris
1044 3302 1136 3372 notis.
1191 3302 1313 3380 Quibus
1334 3301 1474 3389 epistolis

156 3419 225 3463 sum
255 3397 402 3484 equidem
429 3397 542 3464 abste
569 3398 728 3464 lacessitus
756 3395 795 3462 ad
823 3394 1042 3473 scribendum
1078 3395 1134 3461 sed
1165 3395 1283 3461 idcirco
1309 3417 1379 3462 sum
1411 3404 1474 3461 tar·

156 3491 247 3565 dior,
284 3491 370 3579 quod
401 3512 464 3557 non
496 3491 621 3558 invenio
653 3490 776 3556 lidelem
808 3488 1013 3555 tabellarium.
1071 3491 1194 3566 Quotus
1226 3488 1309 3554 enim
1341 3488 1473 3575 quisque

156 3594 220 3676 est,
247 3585 302 3672 qui
331 3585 493 3671 epistolam
518 3584 623 3671 paullo
651 3583 830 3672 graviorem
857 3581 944 3647 lerre
972 3581 1085 3667 possit,
1112 3586 1171 3647 nisi
1199 3603 1268 3647 eum
1289 3581 1473 3668 pellectione

155 3677 326 3744 relevaritt
367 3676 493 3743 Accedit
513 3698 568 3752 eo,
602 3676 687 3764 quod
708 3676 786 3742 mihi
806 3696 870 3741 nou
890 3675 1021 3761 perinde
1043 3685 1106 3751 ost,
1135 3684 1171 3740 ut
1191 3675 1325 3763 quisque
1345 3675 1379 3740 in
1400 3673 1511 3761 Epi-as

155 3792 227 3838 rum
247 3769 465 3854 proficiscitur.
517 3774 586 3856 Ego
608 3770 692 3838 enim
713 3779 744 3835 te
765 3769 921 3844 arbitror,
950 3768 1050 3834 caesis
1071 3768 1154 3855 apud
1175 3769 1367 3834 Amaltheam
1388 3777 1473 3835 tuam

224 3994 251 4043 1.
267 3990 407 4056 prodromi
423 3989 483 4047 llll,
500 3990 639 4053 pmdromt
656 3988 855 4054 M‚pmdormt
872 3990 894 4038 1.
916 4014 946 4025 -
982 3995 1100 4040 actutum
1116 4001 1173 4051 mg.
1191 3987 1230 4040 Μ.
1256 4007 1289 4022 -
1324 3986 1352 4038 3.
1370 3989 1474 4040 mma·

154 4064 251 4113 tionem
266 4063 301 4112 lt.
335 4084 366 4097 -
402 4060 429 4111 5.
448 4055 627 4122 orthrran.
663 4056 788 4124 (estmg.
808 4056 866 4124 Μ.)
900 4082 927 4095 -
965 4059 1144 4111 mondotMl.
1165 4081 1196 4095 -
1232 4056 1259 4108 3.
1277 4053 1351 4121 sona]
1369 4059 1423 4110 atos
1438 4058 1472 4110 u.

154 4157 186 4168 -
215 4133 242 4182 ’1.
261 4130 372 4182 hilarem
388 4129 442 4190 lu,
472 4129 589 4193 hylarem
607 4143 648 4194 pr.
667 4130 711 4189 M,
741 4130 863 4194 hutonem
879 4141 951 4180 corr.
970 4129 1008 4182 Μ.
1037 4152 1068 4166 -
1103 4129 1162 4178 dico
1177 4130 1231 4178 atvs
1247 4134 1303 4179 rot.
1323 4128 1354 4179 a.
1377 4150 1408 4163 -
1443 4127 1473 4180 3.

153 4202 313 4266 thprlr'urque
328 4200 397 4261 ΜΒ,
418 4199 571 4264 stultusque
588 4199 612 4251 l.
634 4224 662 4235 -
684 4199 728 4249 tt.
746 4205 903 4250 auctorest.
929 4200 976 4251 cn.
995 4199 1120 4249 Plancum
1138 4198 1161 4249 l.
1181 4223 1210 4234 -
1249 4198 1292 4248 13.
1312 4203 1337 4249 te
1353 4198 1430 4248 oredo
1447 4197 1472 4249 l.

153 4291 186 4308 -·
216 4271 259 4321 17.
276 4271 392 4321 mollrrts
410 4268 433 4319 l.
461 4293 492 4305 -
527 4282 652 4333 cumpro
667 4270 760 4332 popule·
777 4269 811 4328 Z,
829 4270 1059 4334 otrmsum'po‘um
1074 4281 1125 4330 pro
1139 4267 1240 4331 populo
1257 4266 1331 4319 Mur.
1358 4290 1391 4303 -
1427 4267 1471 4319 13.

153 4340 311 4404 upruloM,
340 4339 737 4401 monumnenta«
753 4339 829 4389 xla.
859 4363 893 4373 -
929 4340 971 4389 13.
990 4346 1057 4389 certe
1074 4338 1096 4388 l.
1129 4361 1160 4373 -
1197 4337 1265 4400 Quid
1282 4336 1364 4389 Mill:
1398 4336 1473 4399 Quod

154 4410 185 4460 ll.
204 4432 235 4446 -
254 4409 347 4461 3313
363 4409 496 4460 scribendo
513 4410 576 4459 add.
595 4408 675 4461 Mul:
695 4421 749 4458 om.
769 4422 832 4458 cum
850 4409 913 4459 hro.
932 4409 1019 4472 prima
1039 4409 1070 4459 ll.
1089 4433 1121 4442 -
1158 4407 1203 4457 21.
1222 4400 1414 4474 ἀναγνώστης
1431 4407 1470 4459 lla

153 4485 309 4544 ampnortea
327 4479 401 4531 Mlll.
421 4502 453 4515 -
478 4481 597 4530 sosptem
615 4479 656 4540 M,
673 4478 829 4529 Sororum
847 4479 878 4530 a.
899 4503 930 4514 -
957 4479 1002 4529 33.
1021 4479 1057 4529 od
1074 4489 1216 4540 nortorps
1234 4477 1256 4526 1.
1277 4502 1307 4513 -
1343 4477 1388 4527 33.
1406 4477 1473 4529 Μα-

152 4549 211 4599 solu
236 4547 316 4602 etM.
336 4548 359 4600 l.
388 4573 423 4584 —
457 4548 502 4599 33.
521 4551 545 4600 et
569 4549 725 4612 ponltauta
747 4549 862 4599 tubantis
880 4548 901 4597 1.
932 4570 966 4586 -
1001 4549 1046 4601 29.
1070 4549 1174 4599 carons
1200 4546 1292 4596 solutis
1314 4547 1342 4607 1,
1373 4559 1473 4597 errem

152 4619 256 4670 sublato
279 4618 436 4670 Lambinus.
473 4617 529 4670 Clr.
549 4618 662 4669 Gesneri
679 4618 761 4670 Thes.
781 4620 808 4668 in
828 4633 854 4671 ι.
874 4620 984 4684 nuptae.
1014 4640 1048 4654 -
1092 4618 1136 4668 33.
1156 4617 1198 4666 Αιι
1216 4613 1472 4686 ῥηιορικώιαταιτ

153 4690 205 4739 Oa.
236 4713 270 4723 -
304 4689 349 4741 33.
368 4702 464 4740 mmme
481 4689 584 4753 ustum
601 4689 623 4739 Ι.
654 4709 687 4726 -
721 4689 910 4739 rurrtbsndum
927 4689 960 4739 n.
986 4712 1016 4724 -
1052 4687 1096 4738 33.
1118 4687 1283 4737 tnhettmn‘um
1299 4686 1472 4737 pontoponto

153 4760 252 4821 fidelem
275 4759 307 4810 u.
328 4783 357 4796 -
394 4758 617 4821 34.ρ3331ιόιιοιιι
634 4758 679 4818 M,
707 4772 756 4821 per
772 4759 904 4809 bettonem
923 4759 958 4819 lt,
986 4758 1165 4820 perlsettorem
1188 4758 1210 4806 1.
1248 4753 1422 4820 (correctum
1439 4768 1472 4807 cx

154 4830 206 4890 ll.)
236 4855 268 4866 -
304 4827 348 4880 35.
367 4840 422 4879 non
434 4829 542 4891 perinde
558 4836 596 4880 aar
612 4828 747 4880 Orellius:
771 4841 826 4878 uon
841 4835 879 4879 art
898 4828 938 4889 M,
959 4842 1014 4879 nou
1030 4836 1068 4880 err
1084 4834 1175 4880 notum
1194 4826 1243 4887 lh,
1262 4827 1326 4878 mitt
1342 4840 1397 4879 oon
1412 4826 1472 4890 plu·

154 4906 190 4951 ost
209 4900 240 4951 ll·
262 4922 291 4934 -
328 4896 373 4950 33.
389 4897 563 4963 proficiscitur
579 4899 647 4950 MR:
663 4897 847 4963 propdmtur
863 4897 908 4950 lll.
