3256 5400
187 224 249 288 376
677 224 738 289 ΕΡ.
757 225 811 288 ab
833 224 1005 291 Amctttt

186 391 254 454 Hoc
275 406 325 451 me
347 384 439 450 etiam
460 382 657 458 Peducaeus,
678 391 714 449 ut
734 382 774 448 ad
796 391 827 448 te
848 382 1035 461 scriberem,
1057 383 1234 466 admonuit;
1255 396 1401 475 putamus
1422 391 1507 457 enim

185 482 262 550 utile
290 502 374 554 esse,
407 488 438 544 te
463 477 630 565 aliquando
651 478 714 544 iam
735 498 803 543 rem
825 479 1007 565 transigere.
1055 485 1123 545 Mea
1144 480 1326 548 intercessio
1347 495 1455 571 parata
1476 496 1509 552 et

185 586 233 642 cst
260 584 291 642 et
315 574 384 641 tuit.
431 576 462 638 2.
484 578 546 639 Nos
573 573 625 638 bic
651 569 827 637 incredibili
854 592 891 636 ac
918 572 1067 657 singulari
1094 576 1202 661 populi
1231 576 1389 643 voluntate
1411 579 1450 644 de
1473 584 1507 647 C.

184 676 292 737 Macro
317 667 536 753 transegimus.
603 666 661 732 Cui
688 687 760 731 cum
781 666 875 752 aequi
895 665 1075 744 fuissemus,
1103 679 1205 735 tamen
1233 671 1331 736 multo
1353 674 1506 738 maiorem

160 765 320 831 structum
351 784 392 828 ax
428 759 536 847 populi
566 760 817 833 existimatione,
852 760 908 825 illo
940 761 1106 838 damnato,
1141 764 1300 851 cepimus,
1336 787 1430 853 quam
1464 788 1506 831 ex

183 860 301 946 ipsius,
330 856 358 923 si
379 855 539 922 absolutus
560 862 657 929 esset,
687 855 786 940 grath
807 855 1008 940 cepissemus.
1050 862 1080 922 3.
1105 857 1199 934 Quod
1219 859 1259 923 ad
1285 880 1336 924 me
1365 861 1404 926 de
1425 865 1507 925 Her-

183 952 329 1018 mathena
349 949 476 1024 scribis,
512 969 570 1034 per
590 947 667 1013 mihi
688 959 810 1033 gratum
833 957 895 1022 est,
934 960 965 1015 et
986 961 1202 1016 ornamentum
1224 954 1408 1020 Academiae
1429 975 1507 1041 pro-

182 1044 287 1133 prium
315 1065 421 1119 meac,
458 1042 544 1131 quod
572 1051 603 1107 et
630 1045 755 1127 Ἑρμῆς
776 1062 942 1108 commuue
961 1045 1102 1110 omnium
1123 1055 1154 1110 et
1180 1047 1318 1113 Minerva
1346 1050 1505 1133 singulare

183 1149 231 1207 est
250 1138 373 1224 insigne
393 1139 461 1205 eius
483 1135 645 1225 gymnasii.
702 1139 807 1213 Quare
829 1136 938 1212 velim,
960 1149 996 1204 ut
1016 1138 1148 1215 scribis,
1170 1142 1283 1207 ceteris
1304 1162 1430 1228 quoque
1452 1164 1505 1206 rc-

148 1232 242 1300 nbus
268 1254 362 1320 quam
389 1231 533 1317 plurimis
561 1250 633 1294 eum
654 1229 758 1295 locum
786 1250 891 1295 ornes.
949 1233 1038 1308 Quae
1060 1233 1136 1298 mihi
1157 1244 1247 1300 antea
1267 1236 1354 1320 signa
1376 1237 1502 1310 misisti,

182 1348 219 1392 ca
240 1326 378 1393 noudum
400 1324 474 1389 vidi.
517 1329 552 1388 ln
572 1323 740 1388 Formiano
762 1333 848 1395 sunt,
870 1344 935 1409 quo
957 1345 1017 1408 ego
1039 1346 1121 1390 nunc
1141 1326 1298 1412 proficisci
1317 1330 1502 1415 cogitabam.

180 1421 235 1487 llla
256 1419 362 1486 omnia
381 1419 415 1485 in
436 1417 645 1484 Tusculanum
666 1415 851 1502 deportabo.
894 1417 1044 1493 Caietam,
1067 1419 1234 1507 siquando
1256 1421 1416 1490 abundare
1430 1445 1504 1490 coe-

181 1535 275 1600 pero,
304 1512 436 1583 ornabo.
493 1510 608 1577 Libros
635 1519 708 1576 tuos
734 1529 902 1584 conserva,
931 1521 962 1576 et
983 1512 1047 1578 noli
1074 1514 1243 1601 desperare
1265 1537 1320 1582 eos
1342 1539 1392 1583 mo
1413 1539 1503 1583 meos

180 1608 285 1674 lucere
304 1628 408 1694 posse.
452 1605 545 1684 Quod
566 1604 593 1671 si
614 1624 780 1692 assequor,
802 1625 918 1690 supero
941 1608 1086 1672 Crassum
1107 1607 1224 1674 divitiis
1246 1620 1339 1698 atqua
1360 1611 1502 1676 omnium

146 1702 267 1768 sericos
288 1710 320 1767 et
340 1711 429 1788 prata
449 1709 627 1770 contemno.

667 1839 1009 1927 nmuww

642 1964 785 2030 CICERO
820 1966 964 2030 ATHCO
1001 1969 1034 2031 S.

265 2082 295 2144 1.
317 2079 476 2156 Quantum
504 2075 648 2142 dolorem
675 2079 851 2161 acceperim
880 2083 912 2141 et
940 2087 1057 2163 quanto
1081 2077 1185 2145 fructu
1214 2080 1273 2146 sim
1301 2087 1441 2169 privatas
1468 2093 1500 2150 et

179 2172 297 2239 lorensi
324 2180 356 2237 et
384 2169 556 2236 domestico
583 2169 672 2235 Lucii
697 2167 803 2234 fratris
831 2169 931 2234 nostri
958 2182 1078 2247 morte,
1112 2172 1145 2238 iu
1172 2174 1282 2258 primis
1311 2198 1371 2263 pro
1392 2189 1499 2245 nostra

140 2265 404 2332 neonsuetudine
433 2272 466 2329 tu
487 2263 666 2329 existimare
693 2272 795 2350 potes.
847 2268 924 2327 Nam
945 2264 1022 2331 mihi
1045 2265 1165 2341 omnia,
1194 2289 1275 2354 quae
1300 2270 1435 2340 iucunda
1457 2295 1498 2340 ax

179 2359 368 2425 humanitate
398 2357 526 2424 alterius
547 2366 578 2422 et
598 2355 740 2435 moribus
761 2355 881 2421 bomini
902 2356 1044 2424 accidere
1065 2368 1211 2446 possunt,
1239 2383 1281 2428 ex
1300 2364 1356 2431 illo
1377 2365 1499 2433 accide-

177 2453 261 2520 bant
304 2456 410 2531 Quare
435 2473 499 2518 non
527 2450 653 2527 dubito,
685 2451 762 2538 quin
790 2448 847 2515 tibi
877 2472 1003 2539 quoque
1032 2453 1066 2518 id
1090 2454 1256 2521 molestum
1278 2457 1337 2532 sit,
1373 2479 1445 2525 cnm
1466 2470 1499 2526 et

177 2569 249 2614 mco
275 2547 387 2613 dolore
413 2566 561 2610 moveare
590 2554 621 2610 et
648 2545 715 2631 ipse
742 2544 828 2610 omni
856 2545 971 2611 virtute
992 2547 1159 2634 officioque
1180 2550 1412 2618 ornatissimum
1437 2553 1499 2620 tui·

176 2664 239 2730 que
267 2650 299 2706 et
324 2661 380 2706 sua
402 2648 513 2725 sponte
540 2648 572 2704 et
591 2658 663 2703 meo
691 2658 835 2704 sermone
856 2648 1027 2714 amantem,
1059 2641 1181 2707 affinem
1203 2642 1399 2731 amicumque
1420 2645 1499 2711 ami·

138 2737 266 2813 ..seris
324 2740 354 2800 2.
378 2734 471 2812 Quod
493 2732 604 2798 adme
625 2730 737 2798 scribis
759 2730 798 2797 de
819 2752 931 2798 sorore
953 2742 1022 2808 tua,
1044 2734 1131 2799 testis
1152 2735 1212 2800 erit
1233 2734 1290 2801 tihi
1311 2736 1378 2823 ipsa
1400 2759 1498 2824 quan-

176 2839 226 2896 tae
248 2829 324 2895 mihi
345 2848 439 2893 curae
460 2826 570 2901 luerit,
592 2836 628 2892 ut
642 2825 749 2904 Quinti
770 2825 876 2891 fratris
898 2827 1018 2893 animus
1039 2828 1071 2893 in
1093 2849 1162 2892 eam
1184 2839 1266 2894 esset
1286 2829 1328 2904 is,
1350 2831 1405 2916 qni
1427 2853 1497 2898 esse

176 2924 316 2991 deberet
372 2925 474 3000 Quem
499 2942 570 2986 cum
599 2941 668 2984 esse
696 2920 897 2985 offensiorem
924 2920 1114 2997 arbitrarer,
1148 2943 1200 2987 eas
1221 2923 1341 2989 litteras
1362 2924 1496 2992 adeum

175 3019 262 3095 misi,
296 3015 411 3104 quihus
432 3025 464 3080 et
484 3015 638 3101 placarem
659 3023 696 3079 ut
716 3012 844 3078 tratrem
865 3024 896 3079 et
917 3035 1079 3080 monerem
1102 3025 1136 3080 ut
1157 3017 1312 3082 minorem
1333 3028 1366 3082 et
1385 3018 1497 3085 obiur-

175 3132 281 3199 garem
309 3121 345 3177 ut
371 3117 538 3174 errantem.
595 3113 704 3193 ltaque
732 3111 855 3183 extis,
892 3129 972 3194 quae
998 3118 1107 3194 postea
1133 3131 1226 3196 saepe
1254 3111 1294 3176 ab
1322 3132 1362 3177 eo
1383 3111 1423 3178 ad
1444 3135 1496 3179 me

136 3206 289 3292 „scripu
310 3214 396 3278 sunt,
432 3201 555 3269 conlido
576 3202 619 3267 ita
641 3222 710 3267 esse
731 3201 851 3276 omnia,
884 3210 971 3267 utet
992 3212 1135 3289 oporteat
1157 3205 1351 3271 elvelimus.
1395 3212 1427 3272 3.
1448 3213 1496 3273 Dc

174 3300 348 3365 litterarum
376 3295 606 3363 intermissione
633 3295 701 3360 sine
729 3315 821 3360 causa
848 3294 903 3360 abs
931 3305 962 3362 te
991 3317 1131 3363 accusor.
1187 3303 1350 3385 Nunquam
1371 3300 1495 3366 cnima

173 3393 345 3480 Pomponia
373 3401 478 3458 nostra
512 3389 630 3455 certior
661 3410 730 3454 sum
759 3389 858 3453 sactus
890 3409 980 3465 csse,
1016 3390 1067 3456 cui
1098 3390 1173 3456 dare
1202 3391 1319 3458 litteras
1350 3413 1494 3479 possem;

173 3506 272 3572 porro
293 3495 397 3550 autern
419 3504 520 3570 neque
542 3483 619 3548 mihi
640 3481 770 3556 accidit,
792 3492 828 3547 ut
848 3481 1013 3561 haberem,
1036 3484 1090 3571 qni
1111 3485 1145 3551 in
1165 3485 1295 3571 Epirum
1317 3486 1496 3573 proficisce-

174 3589 303 3656 rentur3
325 3577 502 3664 nequedum
524 3586 554 3641 te
576 3576 706 3641 Athenis
727 3596 796 3641 esse
818 3575 1031 3644 audiebamus.
1074 3582 1104 3644 t.
1126 3584 1173 3643 lle
1194 3580 1368 3646 Acutiliano
1389 3591 1494 3647 autem

137 3673 302 3756 „negotio
330 3669 415 3759 quod
444 3669 518 3735 mihi
547 3669 724 3743 mandaras,
757 3677 793 3734 ut
812 3674 948 3755 primum
969 3693 988 3736 a
1008 3680 1063 3737 tuo
1085 3672 1227 3757 digressu
1248 3679 1379 3739 Romam
1404 3675 1493 3750 veni,

174 3765 387 3841 confeceram
419 3763 475 3829 sed
500 3762 627 3836 accidit,
663 3771 699 3828 ut
724 3771 756 3827 et
782 3764 982 3830 contentione
1007 3764 1084 3830 nihil
1105 3785 1185 3851 opus
1206 3777 1289 3833 esset
1309 3776 1341 3832 et
1360 3776 1396 3832 ut
1416 3788 1492 3852 ego,

175 3860 229 3946 qui
258 3859 289 3924 in
318 3868 350 3924 te
378 3858 451 3924 satis
479 3855 601 3921 consilii
628 3857 789 3922 statuerim
817 3878 903 3932 esse,
939 3858 1061 3923 mallem
1087 3858 1282 3923 Peducaeum
1312 3859 1368 3924 tihi
1391 3861 1494 3926 consi-

174 3953 250 4018 linm
280 3972 337 4039 per
366 3953 482 4017 litteras
511 3971 604 4035 quam
631 3972 683 4015 me
705 3950 790 4016 dare.
833 3955 954 4017 Etenim
976 3972 1048 4017 curn
1069 3953 1183 4017 multos
1205 3952 1271 4019 dies
1292 3976 1384 4019 aures
1406 3977 1493 4020 meas

174 4047 309 4112 Acutilio
331 4046 485 4111 dedissem
506 4080 546 4090 —
576 4044 664 4110 cuius
685 4045 840 4126 sermonis
862 4066 960 4130 genus
980 4044 1037 4110 tibi
1058 4055 1166 4111 notum
1189 4067 1257 4112 esse
1278 4047 1415 4113 arbitror
1436 4084 1491 4122 -,

246 4258 273 4309 1.
292 4259 418 4307 Peduceua
434 4255 486 4305 Ml.
506 4280 538 4292 -
567 4255 595 4305 2.
615 4254 694 4304 tutem
712 4254 773 4305 llll.
795 4249 873 4315 (utile
891 4267 1023 4317 supersor.
1044 4255 1071 4304 tn
1089 4251 1142 4317 Μ.)
1165 4281 1191 4291 -
1227 4264 1328 4318 parato
1345 4266 1382 4307 cat
1400 4264 1424 4308 ct
1441 4259 1492 4322 {tiit

173 4327 208 4387 n,
227 4335 251 4378 st
269 4335 306 4378 aar
324 4334 348 4377 at
364 4328 415 4388 suit
429 4332 530 4388 poroto
549 4324 570 4375 1.
600 4348 628 4359 -
666 4325 692 4375 3.
711 4324 803 4387 populi
820 4325 933 4374 Romani
949 4325 1084 4374 uoluntate
1102 4326 1134 4376 n.
1166 4348 1196 4362 -
1231 4327 1257 4376 5.
1277 4329 1439 4378 attractione
1457 4328 1490 4378 ll.

173 4422 206 4434 ·-
236 4397 263 4449 ’1.
282 4404 307 4448 et
325 4403 387 4448 anta
405 4402 587 4445 ornamentum
614 4394 732 4445 om.1tl.
766 4419 793 4431 -
833 4393 859 4443 8.
879 4395 985 4444 Hennes
1002 4395 1098 4445 nats.
1132 4420 1163 4431 -
1198 4395 1225 4444 a.
1245 4398 1345 4462 imtgna
1372 4411 1426 4448 om.
1446 4399 1488 4458 Μ,

172 4475 209 4519 sat
226 4470 326 4532 tastum
342 4479 397 4517 om.
418 4466 448 4516 n.
470 4464 593 4527 (liabent
610 4466 710 4530 inagna
728 4459 835 4526 xtzt.)
855 4489 884 4500 -
923 4465 966 4515 10.
986 4461 1076 4527 anteo]
1095 4478 1176 4515 aureo
1196 4465 1226 4514 R.
1250 4490 1276 4500 -
1315 4470 1409 4518 mutati
1425 4482 1492 4518 aon·

171 4539 280 4588 dumio
297 4536 479 4588 Formionoli
505 4541 591 4598 etpr.
611 4535 648 4586 Μ.
683 4558 714 4570 -
751 4533 794 4583 13.
813 4546 926 4585 maom.
946 4534 1020 4585 llltl.
1052 4532 1161 4598 (ilatio
1180 4535 1231 4592 t.)
1264 4559 1291 4572 ·-
1339 4538 1383 4588 26.
1402 4539 1491 4602 sacrat

170 4607 232 4658 hill.
262 4634 289 4644 -
328 4607 369 4658 28.
386 4607 549 4669 placaremus
565 4607 735 4670 stotrampr.
753 4603 791 4654 Μ.
824 4626 853 4638 -·
890 4603 935 4654 23.
954 4605 1034 4654 dial.
1065 4630 1097 4638 -
1134 4601 1311 4666 od]d01.-
1347 4608 1391 4658 31.
1410 4611 1491 4658 tater-

169 4679 289 4729 missione
307 4678 437 4727 Bombos:
456 4678 576 4726 missione
593 4688 655 4724 cum
673 4674 749 4724 libris
768 4672 835 4722 Rlll.
871 4673 1126 4734 Cir.adFam.7,
1147 4674 1190 4723 13.
1219 4700 1243 4710 -
1269 4676 1314 4726 32.
1331 4678 1416 4742 [octus
1433 4691 1491 4727 sum

169 4747 192 4797 l.
213 4771 245 4784 -
279 4749 343 4799 dora
362 4747 463 4799 litteras
480 4746 546 4797 hllt:
566 4745 668 4795 litteras
685 4743 810 4794 duratii.
838 4764 868 4779 -
902 4743 946 4794 33.
964 4745 1188 4809 proficiscerentur
1205 4744 1226 4794 ll
1245 4751 1272 4795 et
1290 4761 1330 4817 pr·
1350 4748 1391 4799 bl:
1408 4749 1490 4813 prop-

168 4819 305 4869 ataceratar
322 4818 357 4869 tlt
374 4824 401 4869 et
418 4830 489 4868 corr.
508 4816 545 4866 Μ.
567 4838 597 4849 -
634 4814 678 4865 at.
696 4813 826 4866 Attttiono
844 4813 877 4865 lt.
903 4837 931 4848 -
969 4812 1014 4865 36.
1033 4821 1063 4865 ut
1081 4828 1114 4866 aa
1131 4816 1293 4868 contentione
1309 4817 1348 4869 nt.
1376 4844 1405 4855 -
1443 4818 1488 4868 32.

167 4893 259 4940 notata
278 4888 326 4939 ctat
344 4888 367 4939 l.
