3256 5400
184 218 245 280 316
636 215 695 278 ΕΡ.
717 215 769 277 ΑΙ)
792 213 830 290 Q.
852 214 1037 277 FRATREM

184 372 336 460 adquam
358 369 521 444 scribitur,
551 369 591 435 de
612 369 650 435 iis
672 369 786 444 rebus,
816 391 893 455 quas
914 368 1052 453 ignorat,
1082 368 1200 434 certior
1215 369 1283 442 fiat,
1306 370 1506 456 praetermit-

183 465 310 531 tendum
325 486 393 531 esse
411 485 473 529 non
486 472 573 548 puto.
601 467 652 529 38.
667 463 718 528 Sic
731 462 770 528 ad
786 484 843 527 nos
858 482 967 526 omnes
977 460 1044 525 lere
1056 460 1216 528 deferunt:
1234 463 1321 536 nihil,
1341 486 1413 530 cum
1426 464 1510 530 absit

183 559 360 633 iracundia,
392 558 499 623 dicere
520 556 635 631 solent,
665 567 695 623 te
721 555 789 621 fieri
810 575 903 640 posse
925 554 1107 632 iucundius;
1129 556 1201 630 sed,
1224 577 1294 621 cum
1320 568 1351 622 te
1373 560 1508 624 alicuius

135 674 137 677 ·
182 652 365 738 improbitas
381 649 631 737 perversitasque
649 648 873 721 commoverit,
896 649 941 713 sic
959 657 989 713 te
1007 649 1112 713 animo
1130 649 1267 721 incitari,
1292 660 1327 715 ut
1345 650 1384 715 ab
1405 653 1509 717 omni-

162 745 241 811 ebus
266 755 318 811 tua
339 744 535 809 desideretur
559 743 742 809 hnmanitas.
786 745 908 819 Quare,
930 742 1079 827 qnoniam
1105 743 1138 807 in
1159 764 1228 808 eam
1248 744 1401 809 rationem
1423 747 1508 809 vitae

182 859 239 904 nos
259 848 402 904 nontam
426 836 576 923 cupiditas
603 835 756 922 quaedam
780 835 899 920 gloriae
921 852 1013 921 quam
1041 856 1093 900 res
1115 836 1182 921 ipsa
1200 857 1236 901 nc
1259 835 1384 903 fortuna
1406 838 1505 903 dedn-

180 933 242 1004 xit,
264 940 298 996 ut
311 931 517 1017 sempiternus
528 950 633 995 sermo
648 926 810 994 hominum
827 927 866 992 de
879 927 969 993 nobis
983 927 1106 994 futurus
1118 930 1174 1002 sit,
1198 951 1381 1007 caveamus,
1405 952 1507 1017 quan-

180 1034 247 1092 tum
269 1026 391 1090 ellicere
416 1035 447 1090 et
470 1023 618 1109 consequi
640 1043 821 1108 possumus,
850 1031 886 1087 ut
904 1044 944 1087 ne
964 1022 1050 1109 quod
1080 1023 1113 1088 in
1136 1022 1227 1089 nobis
1249 1024 1369 1110 insigne
1391 1025 1503 1089 vitium

180 1118 274 1184 luisse
301 1119 430 1185 dicatur.
486 1123 592 1204 Neque
619 1137 679 1201 ego
704 1137 786 1181 nunc
811 1115 870 1181 hoc
899 1114 1071 1191 contendo,
1105 1116 1189 1202 quod
1211 1117 1344 1183 fortasse
1367 1139 1438 1182 cum
1471 1117 1506 1182 in

145 1212 266 1278 ¹⁰omni
288 1223 417 1288 natura,
450 1224 515 1277 tum
536 1213 597 1276 iam
618 1212 652 1275 in
672 1219 778 1276 nostra
796 1217 896 1274 aetate
918 1209 1042 1274 dillicile
1065 1220 1127 1285 est,
1150 1221 1270 1275 mumre
1293 1211 1433 1275 animum
1456 1218 1504 1282 et,

181 1305 209 1371 si
229 1305 305 1392 quid
322 1316 368 1370 est
385 1311 507 1393 penitus
533 1305 660 1369 insitum
678 1303 838 1377 moribus,
861 1302 892 1367 id
914 1302 1019 1368 subito
1046 1304 1198 1380 evellere;
1221 1303 1275 1368 sed
1296 1315 1328 1369 te
1350 1304 1428 1368 illud
1451 1303 1506 1369 ad·

181 1420 312 1471 moneo,
335 1410 395 1473 ut„
416 1400 442 1464 si
463 1400 523 1463 boc
541 1398 632 1484 plene
658 1397 756 1474 vitare
774 1418 838 1462 non
851 1406 956 1482 potes,
987 1396 1071 1484 quod
1097 1407 1168 1461 ante
1190 1407 1360 1483 occupatur
1382 1397 1505 1462 animus

181 1491 220 1556 ab
240 1491 415 1567 iracundia,
438 1514 531 1577 quarn
556 1490 724 1577 providere
746 1492 827 1556 ratio
855 1492 975 1577 potuit,
1011 1512 1051 1555 ne
1072 1501 1301 1577 occuparetur,
1323 1502 1358 1556 ut
1379 1500 1409 1555 te
1433 1498 1505 1554 ante

180 1605 343 1671 compares
365 1585 566 1672 quotidieque
586 1584 738 1649 meditere
755 1586 962 1650 resistendum
990 1606 1059 1651 esse
1079 1585 1277 1663 iracundiae;
1309 1605 1444 1669 cumque
1466 1604 1505 1647 ea

146 1679 315 1743 tumaxime
340 1680 476 1744 animum
498 1687 636 1754 moveat,
666 1687 731 1743 tum
755 1678 810 1744 tibi
837 1700 905 1744 esse
927 1679 1161 1763 diligentissime
1182 1679 1319 1763 linguam
1343 1679 1506 1743 continen-

181 1771 268 1847 dam;
291 1794 370 1857 quae
386 1772 513 1859 quidem
534 1772 610 1836 mihi
626 1772 723 1837 virtus
743 1794 805 1838 non
827 1773 983 1838 interdum
1001 1774 1104 1838 minor
1123 1771 1248 1837 videtur
1266 1794 1358 1858 quam
1374 1771 1504 1836 omnino

180 1885 244 1928 non
262 1864 364 1930 irasci.
416 1870 492 1929 Nam
514 1864 589 1930 illud
615 1874 662 1929 est
683 1886 746 1931 non
767 1867 868 1932 solum
884 1867 1058 1951 gravitatis,
1088 1866 1144 1931 sed
1162 1886 1384 1952 nonnunquam
1408 1864 1504 1929 etiam

180 1958 386 2035 lentitudinis;
414 1958 572 2023 moderari
594 1979 672 2024 vero
701 1970 731 2024 et
761 1960 865 2025 animo
898 1970 928 2024 et
950 1960 1102 2034 orationi,
1137 1981 1208 2025 cnm
1231 1960 1272 2024 sis
1295 1959 1416 2029 iratus,
1450 1966 1504 2022 aut

180 2052 273 2116 etiam
296 2062 398 2116 tacere
420 2062 451 2116 et
472 2063 579 2117 tenere
600 2052 633 2116 in
654 2073 710 2117 sna
733 2061 883 2138 potestate
905 2062 1026 2117 motum
1051 2052 1146 2116 animi
1177 2062 1209 2116 et
1242 2051 1408 2124 dolorem,
1445 2049 1502 2115 etsi

143 2157 244 2210 ²⁰non
265 2156 312 2210 est
332 2145 489 2232 perfectae
517 2146 702 2232 sapientiae,
736 2154 838 2210 tamen
861 2155 992 2211 estnon
1015 2145 1182 2209 mediocris
1204 2144 1333 2229 ingenii.
1375 2148 1427 2208 39.
1451 2149 1503 2209 ,tt-

182 2260 243 2324 que
265 2243 297 2304 in
318 2238 378 2303 hoc
408 2260 523 2324 genere
554 2239 652 2304 multo
680 2249 710 2304 te
739 2260 807 2303 csse
829 2239 889 2303 iam
913 2238 1160 2304 commodiorem
1183 2238 1402 2323 mitioremque
1425 2259 1503 2302 nun-

181 2331 267 2397 tiant.
310 2332 418 2396 Nullae
440 2341 510 2396 tuae
532 2330 782 2397 vehementiores
799 2333 895 2398 animi
911 2333 1148 2408 concitationes,
1171 2333 1256 2397 nulla
1278 2329 1441 2395 maledicta
1462 2330 1502 2396 ad

181 2446 255 2500 nos,
288 2426 391 2490 nullae
413 2425 619 2490 contumeliae
640 2425 862 2510 perferuntur3
885 2448 965 2513 quae
987 2447 1057 2490 cum
1079 2424 1250 2490 abhorrent
1270 2446 1288 2489 a
1308 2425 1440 2498 litteris,
1462 2423 1502 2488 ab

181 2518 388 2592 humanitate,
416 2527 480 2582 tum
503 2539 579 2582 vero
601 2519 756 2584 contraria
778 2530 849 2584 sunt
870 2520 1003 2605 imperio
1025 2540 1061 2583 ac
1086 2517 1237 2604 dignitati.
1281 2523 1373 2590 Nam,
1397 2518 1423 2582 si
1445 2518 1503 2581 im-

144 2610 347 2698 aaplacabiles
378 2610 558 2675 iracundiae
588 2612 664 2686 sint,
694 2633 814 2677 summa
837 2621 884 2678 est
911 2612 1077 2689 acerbitas;
1113 2613 1161 2677 sin
1182 2621 1285 2676 autem
1308 2609 1501 2685 exorabiles,

181 2726 302 2793 summa
324 2705 451 2780 levitas3
482 2725 562 2789 quae
584 2714 700 2779 tamen,
723 2714 757 2770 ut
778 2705 811 2769 in
833 2705 941 2780 malis,
965 2703 1122 2770 acerbitati
1145 2702 1361 2791 anteponenda
1383 2711 1438 2768 est.

265 2802 348 2864 xlv.
371 2802 422 2862 40.
445 2797 523 2870 Sed,
557 2798 705 2884 quoniam
726 2799 846 2884 primus
867 2821 965 2865 annus
987 2797 1095 2864 babuit
1117 2797 1156 2863 de
1177 2798 1235 2862 hac
1255 2797 1501 2883 reprehensione

181 2892 351 2978 plurimum
388 2893 541 2957 sermonis
570 2930 612 2939 -
645 2890 741 2956 credo
762 2900 946 2978 propterea,
980 2891 1065 2979 quod
1086 2889 1143 2955 tibi
1165 2890 1325 2956 hominum
1349 2889 1500 2960 iniuriae,

181 2985 266 3070 quod
287 2985 451 3060 avaritiae,
481 2985 567 3072 quod
587 2985 751 3051 insolentia
773 2995 899 3072 practer
921 2986 1102 3071 opinionem
1124 2982 1282 3051 accidebat
1303 2994 1334 3047 et
1356 2982 1502 3047 intolera-

144 3078 251 3144 aobilis
274 3079 437 3145 videbatur
459 3116 498 3126 -
522 3079 676 3146 secundus
698 3089 803 3145 autem
825 3081 922 3145 multo
945 3081 1065 3155 lenior,
1095 3078 1181 3165 quod
1203 3090 1235 3142 et
1255 3076 1449 3142 consuetudo
1471 3084 1502 3140 et

178 3173 260 3238 ratio
282 3183 335 3248 et,
369 3184 404 3240 ut
436 3194 495 3258 ego
517 3173 670 3247 arbitror,
703 3194 792 3240 meae
814 3194 940 3261 quoque
960 3173 1082 3238 litterae
1112 3183 1141 3237 te
1163 3171 1382 3258 patientiorem
1404 3169 1502 3235 lenic-

180 3287 311 3352 remque
332 3267 491 3342 lecerunt,
529 3267 641 3332 tertius
662 3288 761 3334 annus
783 3273 824 3333 ita
847 3266 941 3333 debet
968 3288 1036 3331 esse
1058 3263 1254 3337 emendatus,
1291 3275 1326 3329 ut
1347 3286 1387 3329 ne
1410 3264 1501 3327 mini·

179 3380 262 3424 mam
286 3361 420 3447 ,quidem
449 3383 517 3425 rem
556 3362 720 3448 quisquam
750 3361 850 3448 possit
876 3361 971 3425 ullam
999 3359 1241 3446 reprehendere.
1292 3363 1343 3423 dl.
1374 3363 1417 3423 Ac
1439 3358 1501 3421 iam

179 3451 330 3519 hocloco
353 3477 415 3519 non
437 3454 613 3520 hortatione
635 3476 737 3542 neque
769 3454 943 3541 praeceptis
965 3454 1021 3519 sed
1048 3451 1194 3538 precibus
1225 3461 1326 3516 tecum
1357 3451 1501 3516 fraternis

142 3565 255 3630 asago,
286 3555 385 3612 totum
407 3558 442 3612 ut
462 3549 616 3623 animum,
648 3569 753 3613 curam
776 3548 1058 3633 cogitationemque
1081 3557 1166 3611 tuam
1187 3565 1285 3631 ponas
1306 3545 1339 3609 in
1361 3545 1501 3609 omnium

179 3639 272 3704 laude
294 3640 431 3727 undique
453 3642 636 3726 colligenda.
692 3640 812 3718 Quodsi
839 3645 871 3704 in
900 3641 1052 3705 mediocri
1074 3650 1157 3705 statu
1179 3640 1332 3704 sermonis
1354 3660 1391 3703 ac
1412 3659 1502 3724 prac-

179 3731 344 3797 dicationis
366 3742 491 3798 nostrae
513 3756 564 3800 res
580 3744 692 3808 essent,
715 3732 791 3797 nihil
813 3733 869 3799 abs
894 3743 924 3798 te
944 3735 1105 3807 eximium,
1128 3733 1204 3798 nihil
1219 3742 1345 3820 praeter
1365 3732 1501 3796 aliorum

178 3825 436 3892 consuetudinem
458 3829 678 3914 postularetur.
734 3832 821 3892 Nunc
842 3849 919 3893 vero
941 3839 1071 3914 propter
1092 3849 1200 3892 earum
1222 3848 1348 3899 rerum,
1380 3825 1411 3888 in
1433 3824 1502 3911 qui·

179 3918 238 3985 bus
259 3921 374 3984 versati
396 3944 521 3996 sumus,
552 3922 750 4007 splendorem
774 3932 804 3985 et
826 3922 1089 4006 magnitudinem,
1119 3923 1179 3986 nisi
1201 3942 1353 3986 summam
1376 3917 1500 3983 laudem

140 4031 168 4074 ao
179 4032 221 4076 ex
241 4013 300 4079 ista
323 4015 484 4099 provincia
506 4015 716 4101 assequimur,
738 4015 791 4079 vix
806 4015 951 4081 videmur
965 4037 1116 4081 summam
1132 4014 1392 4101 vituperationem
1407 4032 1500 4097 posse

179 4105 288 4171 vitare.
341 4111 386 4172 Ea
414 4118 520 4174 nostra
549 4109 629 4173 ratio
658 4119 719 4183 cst,
752 4119 787 4174 ut
816 4133 924 4176 omnes
946 4111 1021 4176 boni
1043 4133 1113 4176 cum
1136 4111 1279 4183 faveant,
1313 4117 1378 4171 tum
1407 4105 1501 4169 etiam

179 4219 304 4265 omnem
326 4222 344 4264 a
366 4200 458 4266 nobis
480 4202 670 4287 diligentia-m
686 4203 895 4291 virtutemque
911 4215 941 4271 et
955 4205 1112 4292 postulent
1127 4214 1157 4270 et
1172 4209 1368 4289 exspectent,
1392 4219 1501 4262 omnes

248 4420 273 4467 1.
294 4418 334 4467 hit
353 4419 375 4467 1.
396 4443 426 4454 -
464 4420 490 4470 3.
510 4422 665 4475 iracundia,
692 4423 776 4472 atem
793 4424 892 4483 solem,
921 4431 945 4474 ts
964 4423 1046 4472 hllll:
1076 4423 1217 4471 iracundia
1236 4428 1261 4470 te
1281 4420 1310 4469 n.
1340 4445 1368 4456 ·-
1407 4419 1433 4468 3.
1453 4419 1502 4465 boc

176 4501 246 4537 nunc
265 4488 287 4537 1.
308 4511 338 4522 -
374 4490 495 4553 [octusis
513 4492 546 4540 a.
575 4517 606 4527 -
643 4493 686 4541 13.
704 4493 784 4554 plane
802 4494 917 4543 Ernestii
935 4507 1044 4556 operae.
1073 4516 1103 4527 -
1141 4492 1184 4540 17.
1203 4497 1239 4539 ast
1258 4505 1312 4539 troo
1329 4490 1412 4538 sotum
1430 4487 1499 4537 Mu:

176 4569 231 4607 non
248 4558 331 4606 sotum
349 4564 385 4608 est
406 4559 450 4608 111.
472 4583 502 4594 -
521 4561 565 4610 at.
586 4559 627 4624 ac]
648 4568 672 4610 et
691 4562 714 4610 1.
736 4587 765 4598 -
785 4564 829 4613 35.
848 4571 908 4613 sunt
926 4565 1087 4613 Ammianus
1105 4561 1280 4612 Marcellinus
1299 4560 1349 4619 38,
1370 4557 1457 4618 1‚to.
1469 4579 1500 4591 -

177 4625 421 4677 33.1οπι“1α31.-
441 4628 484 4678 33.
503 4631 603 4679 iniuria
621 4632 728 4682 Ambrr.
749 4639 883 4696 quattuor.
900 4659 929 4671 —
949 4634 993 4684 33.
1005 4633 1122 4683 ouantia
1140 4632 1247 4680 Ambrr.
1268 4635 1394 4693 quattuor
1412 4633 1438 4676 et
1449 4627 1499 4686 Vb,

178 4706 264 4759 aqna
284 4697 312 4747 Μ
338 4696 446 4748 dillerre
474 4699 517 4749 del
536 4701 615 4750 Furia
644 4703 752 4765 quidem
772 4717 826 4753 non
845 4704 991 4754 adnotavit.
1013 4727 1043 4738 -
1079 4702 1233 4750 insolentiae
1254 4701 1274 4748 1.
1298 4726 1324 4735 -
1364 4700 1408 4750 33.
1428 4697 1499 4747 debet

180 4778 230 4816 uu
245 4767 316 4818 ldlt:
336 4781 387 4819 essa
403 4769 474 4820 debet
493 4769 537 4819 111.
559 4795 589 4808 -
626 4772 670 4824 ta.
691 4787 791 4824 omnem
808 4788 827 4824 o
843 4774 917 4825 nobis
934 4773 1004 4823 ltus
1023 4786 1041 4823 o
1059 4773 1132 4822 nobis
1151 4785 1250 4821 omnem
1269 4770 1313 4820 111.
