3256 5400
576 259 651 321 ΠΒ.
672 258 710 322 V.
752 259 811 322 ΕΡ.
834 259 884 321 18.
907 258 957 321 19.
978 258 1029 320 20.
1423 261 1463 325 83

141 417 290 485 omnibus
323 417 370 482 his
402 415 442 481 de
471 414 574 480 causis
605 414 701 480 debes
730 417 819 481 istam
854 417 1028 483 molestiam
1063 437 1157 502 quam
1193 418 1347 483 lenissime
1369 419 1462 484 ferre.

136 520 232 623 Meus
263 511 467 671 miffqerit
493 511 527 576 in
559 518 588 573 te
617 508 796 597 liberosque
826 519 898 576 tuos
926 531 1070 597 semper,
1104 532 1197 597 quem
1221 523 1254 578 tu
1276 533 1344 577 esse
1365 512 1412 578 vis
1434 525 1464 578 et

140 630 197 695 qm
219 628 290 673 csse
332 626 415 671 ee.

605 749 687 809 rm.
731 747 783 823 (A.
808 749 840 810 u.
863 749 895 811 c.
917 748 1005 824 705.)

665 860 808 924 cresso
830 861 943 924 novo.
1475 901 1488 943 ,

229 988 259 1048 1.
291 983 357 1048 Etsi
389 981 464 1046 mihi
498 1001 656 1066 nunquam
688 977 818 1044 dubium
853 978 927 1054 luit,
964 981 1039 1066 quin
1067 980 1125 1045 tibi
1146 1001 1247 1047 essem
1268 983 1464 1056 carissimus,

143 1089 249 1144 tamen
271 1076 412 1162 qnotidie
434 1076 532 1159 magis
564 1074 597 1138 id
617 1073 788 1159 perspicio,
822 1084 984 1159 exstatque
1006 1074 1054 1148 id,
1077 1073 1162 1161 quod
1184 1074 1261 1139 mihi
1282 1079 1466 1144 ostenderas

144 1171 333 1260 quibusdam
364 1170 494 1244 litteris,
528 1169 588 1234 hoc
616 1179 647 1233 te
676 1167 897 1233 studiosiorem
918 1168 951 1232 in
972 1189 1023 1232 me
1044 1167 1176 1233 colendo
1197 1167 1281 1244 iore,
1318 1194 1411 1258 qnam
1433 1174 1466 1238 in

144 1265 307 1355 provincia
328 1264 442 1329 luisses
461 1301 503 1311 —
526 1263 584 1327 etsi
608 1283 680 1326 meo
702 1261 820 1327 iudicio
841 1261 918 1326 nihil
939 1261 977 1326 ad
1002 1273 1089 1327 tuum
1114 1261 1308 1347 provinciale
1329 1265 1466 1332 officium

145 1360 217 1426 addi
239 1368 343 1443 potest
364 1393 420 1431 -,
451 1377 515 1442 qno
538 1354 669 1419 liberius
692 1354 840 1419 iudicium
863 1376 931 1418 esse
952 1366 1059 1441 posset
1079 1364 1178 1420 tuum.
1231 1359 1338 1442 Itaque
1360 1380 1410 1422 me
1436 1369 1466 1423 et
1478 1366 1504 1406 ¹⁰

145 1453 327 1539 superiores
350 1451 471 1516 litterae
494 1459 566 1513 tuae
587 1448 756 1513 admodum
778 1447 1029 1524 delectaverunt,
1065 1449 1180 1535 quibus
1202 1459 1232 1513 et
1254 1461 1465 1536 exspectatum

146 1568 251 1612 meum
287 1545 455 1610 adventum
483 1542 539 1608 abs
569 1552 599 1606 te
621 1551 761 1606 amanter
790 1540 934 1606 videbam
956 1552 1002 1617 et,
1033 1563 1104 1607 cum
1125 1543 1213 1608 aliter
1233 1565 1285 1608 res
1307 1544 1468 1610 cecidisset

146 1661 182 1705 ac
202 1652 360 1727 putasses,
391 1647 422 1702 te
443 1658 515 1702 meo
537 1636 669 1701 consilio
691 1655 805 1720 magno
827 1656 924 1721 opere
947 1657 1016 1701 esse
1036 1636 1203 1712 laetatum,
1234 1648 1265 1702 et
1287 1637 1335 1702 his
1356 1638 1466 1724 proxi-

147 1733 206 1797 mis
229 1731 340 1796 litteris
361 1751 509 1815 magnum
531 1730 601 1817 cepi
622 1729 759 1794 fructum
780 1739 811 1793 et
832 1730 942 1794 indicii
963 1740 994 1794 et
1015 1730 1109 1795 officii
1130 1730 1197 1796 tui:
1219 1730 1347 1806 iudicii,
1382 1731 1466 1818 quod

146 1825 288 1910 intelligo
310 1835 361 1898 te,
383 1824 417 1889 id
438 1823 524 1910 qnod
546 1845 655 1889 omnes
677 1823 774 1889 fortes
796 1845 832 1887 ac
853 1823 929 1888 boni
950 1824 1012 1889 viri
1034 1823 1137 1888 facere
1159 1824 1289 1898 debent,
1311 1825 1387 1890 nihil
1408 1846 1465 1912 pn·
1478 1833 1503 1885 tt

147 1930 213 1984 tare
235 1919 311 1983 utile
334 1939 402 1982 esse
424 1917 485 1982 nisi
500 1917 585 2004 qnod
600 1929 720 1982 rectum
737 1917 965 2004 honestumque
981 1918 1034 1996 sit;
1057 1917 1165 1991 officii,
1188 1917 1273 2004 qnod
1287 1928 1317 1982 te
1331 1939 1466 1994 mecum,

148 2012 358 2098 quodcunque
379 2012 532 2097 cepissem
564 2010 703 2082 consilii,
737 2011 895 2096 polliceris
917 2012 1002 2077 lore:
1034 2032 1098 2098 quo
1126 2032 1228 2097 neque
1250 2012 1327 2076 mihi
1348 2014 1466 2097 gratius

148 2126 269 2191 neque,
299 2118 334 2170 ut
361 2126 421 2189 ego
454 2103 607 2177 arbitror,
641 2102 697 2168 tihi
719 2102 879 2169 honestius
902 2126 970 2169 esse
992 2104 1162 2190 quidquam
1184 2113 1296 2191 potest.
1339 2111 1368 2171 2.
1390 2106 1467 2172 Mihi

149 2199 315 2265 eonsilium
337 2209 461 2283 captmn
487 2197 606 2261 iamdiu
634 2207 698 2261 est:
733 2196 771 2262 de
793 2218 857 2283 quo
879 2198 918 2263 ad
939 2208 990 2272 te,
1026 2220 1089 2263 non
1112 2219 1176 2284 quo
1198 2197 1344 2263 celandus
1365 2221 1466 2275 esses,

151 2292 225 2358 nihil
258 2293 369 2377 scripsi
396 2302 501 2365 antea,
538 2291 594 2355 sed
623 2291 698 2377 quia
727 2291 967 2357 communicatio
995 2292 1118 2357 consilii
1140 2291 1193 2356 tali
1216 2300 1356 2379 tempore
1378 2295 1504 2379 quasiw

150 2387 304 2474 quaedam
326 2384 498 2450 admonitio
531 2384 656 2449 videtur
683 2404 752 2448 esse
780 2385 872 2449 officii
893 2385 944 2450 vel
963 2385 1068 2470 potius
1091 2385 1270 2470 efflagitatio
1292 2385 1331 2450 ad
1352 2395 1468 2451 coeun-

150 2481 219 2546 dam
241 2479 422 2543 societatem
444 2478 494 2543 vel
516 2478 650 2562 periculi
671 2477 721 2542 vel
741 2476 870 2542 laboris.
920 2482 998 2544 Cum
1019 2498 1097 2543 vero
1119 2498 1155 2542 ea
1177 2489 1230 2542 tua
1252 2478 1293 2543 sit
1313 2479 1466 2554 voluntas,

150 2573 341 2646 humanitas,
374 2570 593 2636 benevolentia
620 2592 695 2655 erga
725 2592 793 2645 me,
830 2569 963 2635 libenter
994 2571 1166 2657 amplector
1195 2572 1288 2637 talem
1313 2573 1466 2648 animum,

149 2666 203 2732 sed
225 2667 266 2730 ita
288 2703 330 2713 -
351 2687 413 2729 non
436 2665 519 2729 enim
542 2665 695 2729 dimittam
716 2664 872 2749 pudorem
894 2664 926 2728 in
947 2664 1089 2748 rogando
1103 2686 1209 2728 meum
1231 2701 1288 2739 —-,
1311 2665 1338 2730 si
1352 2665 1465 2731 leceris

149 2761 201 2834 id,
223 2758 309 2844 quod
331 2758 487 2833 ostendis,
520 2778 661 2843 magnam
685 2756 807 2822 habebo
829 2757 977 2842 gratiam3
1000 2758 1026 2822 si
1048 2778 1112 2823 non
1133 2756 1266 2833 seceris,
1288 2759 1463 2844 ignoscam,
1477 2771 1505 2815 ¹⁵

148 2865 177 2919 et
198 2854 333 2917 alterum
355 2851 479 2927 timori,
502 2853 633 2915 alterum
660 2851 738 2915 mihi
756 2862 786 2916 tc
807 2871 923 2936 negare
945 2872 1008 2916 non
1029 2851 1168 2938 potuisse
1189 2849 1378 2917 arbitrabor.
1413 2856 1469 2917 Est

148 2947 232 3012 enim
254 2967 306 3010 res
327 2944 470 3031 proiecto
492 2945 637 3010 maxima.
696 2945 781 3023 Quid
802 2955 923 3010 rectum
944 2945 1000 3019 sit,
1033 2955 1180 3031 apparet;
1204 2945 1280 3031 quid
1302 2944 1466 3032 expediat,

149 3041 320 3106 obscurum
342 3050 408 3104 est:
440 3037 482 3101 ita
505 3047 620 3112 tamen,
654 3047 708 3112 ut,
742 3038 769 3102 si
791 3060 849 3103 nos
881 3038 905 3101 ii
935 3037 1047 3112 simus,
1079 3039 1133 3124 qui
1156 3059 1225 3102 esse
1247 3037 1413 3115 debemus,
1436 3037 1467 3104 id

149 3143 211 3208 est,
245 3133 350 3198 studio
383 3131 470 3217 digni
500 3151 536 3195 ac
564 3132 674 3196 litteris
703 3134 835 3205 nostris,
873 3130 1018 3197 dubitare
1046 3152 1108 3196 non
1130 3131 1301 3217 possimus,
1331 3132 1407 3219 quin
1429 3153 1467 3197 ea

148 3228 285 3292 maxime
305 3226 496 3299 conducant,
519 3246 599 3310 quae
622 3235 692 3291 sunt
713 3227 896 3291 rectissima.
951 3226 1057 3303 Quare
1079 3235 1132 3301 tu,
1155 3225 1182 3289 si
1203 3224 1296 3290 simul
1316 3224 1504 3312 placebit,⁸⁰

148 3321 251 3386 statim
272 3319 313 3385 ad
334 3340 385 3384 me
412 3318 530 3384 venies.
589 3319 681 3399 †Sin
708 3319 793 3384 idem
814 3318 948 3405 placebit
969 3328 1063 3404 atque
1084 3317 1216 3392 eodem,
1238 3338 1296 3382 nec
1317 3318 1466 3383 continuo

147 3413 285 3500 poterit,
314 3412 420 3478 omnia
440 3410 500 3476 tibi
521 3421 556 3477 nt
577 3421 650 3476 nota
676 3411 751 3483 sint,
785 3410 909 3478 faciam.
963 3411 1124 3498 Quidquid
1146 3411 1304 3486 statueris,
1337 3417 1368 3475 te
1389 3402 1467 3475 mihi

148 3507 299 3581 micum,
322 3505 370 3571 sin
391 3503 438 3580 id,
460 3504 546 3590 quod
567 3513 659 3590 opto,
682 3503 775 3569 etiam
796 3503 1018 3571 amicissimum
1039 3503 1195 3570 indicabo.

618 3646 686 3709 rr.
729 3645 778 3730 (A.
803 3647 835 3711 n.
858 3647 890 3709 c.
912 3643 997 3731 ros.)

671 3759 813 3825 menno
835 3760 949 3823 anre.
1174 3718 1178 3727 ’
1476 3799 1504 3841 ,⁵

234 3883 264 3946 1.
286 3881 424 3965 Quoquo
445 3875 541 3943 modo
562 3878 748 3964 potuissem,
783 3887 814 3943 te
836 3877 1066 3953 convenissem,
1091 3877 1117 3943 si
1139 3858 1193 3954 ed,
1216 3899 1280 3967 quo
1300 3877 1467 3946 constitue-

148 3995 217 4049 ras,
251 3971 360 4039 venire
388 3972 551 4038 voluisses.
610 3975 716 4050 Quare
738 3971 796 4038 etsi
817 3971 880 4037 mei
901 3969 1059 4037 commodi
1079 3992 1173 4037 cama
1194 3992 1394 4038 commovere
1415 3992 1466 4037 me

149 4065 291 4140 noluisti,
324 4073 428 4130 tamen
455 4065 498 4130 ita
525 4065 686 4131 existimes
713 4065 807 4130 velim
840 4086 891 4129 me
922 4066 1129 4131 antelaturum
1162 4064 1275 4142 luisse,
1307 4065 1334 4131 si
1355 4064 1394 4131 ad
1416 4086 1466 4131 me

149 4160 300 4233 misisses,
322 4157 513 4224 voluntatem
535 4168 621 4224 tuam
642 4159 808 4225 commodo
829 4179 912 4224 meo.
953 4159 1001 4224 Ad
1017 4180 1069 4234 ca,
1091 4181 1173 4246 quae
1187 4159 1358 4247 scripsisti,
1380 4180 1467 4224 com-

149 4253 273 4319 modius
294 4250 441 4338 equidem
462 4273 588 4339 possem
610 4253 649 4318 de
670 4252 800 4338 singulis
821 4251 859 4316 ad
881 4261 912 4317 te
932 4251 1029 4318 rebus
1046 4251 1201 4329 scrihere,
1223 4255 1251 4319 si
1271 4257 1313 4319 M.
1335 4251 1465 4325 Ttdlius,
1474 4265 1503 4305 ⁴⁰

149 4346 253 4413 scriba
271 4366 382 4420 meus,
418 4344 556 4411 adesset:
589 4366 693 4433 aquo
714 4344 790 4411 mihi
812 4344 1010 4431 exploratum
1032 4356 1094 4422 est,
1123 4346 1156 4412 in
1177 4344 1352 4413 rationibus
1374 4342 1464 4409 dum·

150 4450 233 4507 taxat
253 4437 428 4505 referendis
450 4473 489 4487 -
511 4439 552 4505 de
573 4439 685 4504 ceteris
706 4438 802 4504 rebus
817 4439 973 4505 affirmare
994 4461 1058 4506 non
1078 4461 1207 4527 possum
1230 4472 1270 4486 -
1291 4437 1370 4503 nihil
1391 4458 1464 4502 enm

219 4625 246 4673 ts
273 4621 398 4671 nouum
418 4620 449 4670 3.
479 4645 507 4656 -
553 4620 596 4670 13.
630 4627 655 4671 st
687 4634 721 4670 ec
746 4621 785 4669 hta
815 4620 1065 4686 flengni-Lagona.
1095 4644 1123 4658 ·-
1172 4623 1216 4673 25.
1243 4621 1334 4671 holere
1359 4619 1397 4669 u.
1434 4640 1465 4654 -

150 4692 194 4743 33.
225 4687 304 4755 Quid]
328 4690 398 4754 quod
422 4689 460 4740 st.
486 4715 518 4725 —
554 4690 598 4740 28.
622 4703 670 4739 nos
691 4687 722 4753 tt]
745 4691 871 4741 nosttM.
891 4714 925 4730 -
958 4692 1101 4743 sturmid:
1131 4705 1219 4742 tumus
1237 4692 1267 4743 ll.
1299 4713 1331 4725 -
1371 4689 1414 4738 33.
1435 4701 1466 4736 oc

151 4762 196 4815 lte
223 4769 248 4812 st
273 4760 305 4811 li.
339 4783 369 4796 -
406 4760 449 4809 30.
482 4767 526 4818 tu,
555 4761 633 4809 simul
660 4760 694 4809 Α.
727 4784 758 4796 -
795 4760 837 4809 33.
864 4763 965 4824 potere
988 4762 1033 4813 ld:
1059 4764 1158 4825 poteris
1182 4762 1213 4812 lt.
1247 4785 1275 4796 -
1321 4758 1365 4809 33.
1398 4759 1466 4821 Quo-

150 4846 201 4895 que
218 4833 312 4894 ltepst.
332 4828 444 4880 hamb:
464 4830 520 4891 Quo
536 4830 596 4879 ΜΕ.
618 4853 649 4865 -
685 4829 729 4879 37.
748 4831 798 4880 met
814 4830 861 4881 lde
881 4833 920 4881 tut
938 4831 968 4881 ll.
991 4856 1017 4868 -
1057 4832 1101 4882 33.
1120 4834 1143 4882 st
1160 4830 1365 4882 mmmmm
1383 4827 1420 4878 tt.
1434 4851 1463 4863 ·-

151 4901 194 4953 41.
212 4915 231 4953 u
247 4901 294 4954 hit
313 4899 344 4949 dc
363 4899 393 4950 u.
430 4897 486 4950 ctr.
507 4899 585 4949 fland
604 4899 682 4950 Ture.
703 4900 726 4950 1.
746 4913 773 4964 p.
791 4900 836 4950 5¹1.
