3256 5400
1389 235 1475 286 1¹11!

141 375 366 463 comparanda
386 394 428 444 no
449 375 669 445 diiudicanda.
711 378 781 446 Cir.
802 378 970 446 Wunderi
998 380 1084 447 Var·
1100 379 1215 449 hecti.
1239 401 1272 468 p.
1289 377 1379 449 129.
1400 384 1474 450 Lib.

141 479 219 548 XV.
238 481 302 564 Ep.
319 480 353 547 1.
399 481 432 548 1.
454 477 492 547 Si
508 501 571 548 vos
585 473 758 563 (Ernestil
779 472 945 563 lectio:]]
969 481 1002 551 8
1010 483 1042 548 V
1059 485 1280 552 Erfurtensis
1324 483 1384 553 Sic
1400 489 1473 574 ipse

139 585 214 653 Ma
231 585 395 651 Refertur
415 587 519 674 igliur
540 584 582 650 nd
607 585 647 652 N.
664 581 700 651 6.
722 616 764 631 -
797 583 833 650 2.
853 578 1084 670 Euphratem]
1107 588 1289 675 Eufraten
1311 590 1352 658 N.
1376 589 1411 656 1.
1431 619 1473 634 -·

142 689 177 756 8.
198 679 307 770 aM.]
329 708 378 756 an
402 689 443 757 N.
462 688 496 755 l.
517 720 559 734 -
594 687 655 755 ll.
685 687 747 757 12.
775 681 1012 780 Commageni]
1043 710 1121 757 cam
1146 698 1301 780 mapentt
1324 694 1363 761 N.
1384 694 1415 760 l.
1431 724 1474 740 -

143 791 204 860 12.
223 784 443 874 nuntiarunt]
465 798 721 861 contrectaverunt
743 793 784 860 Ν.
805 792 842 859 1.
863 824 905 839 -
939 792 1000 858 14.
1020 786 1117 882 regi]
1143 801 1196 862 rei
1217 796 1257 864 N.
1280 795 1314 862 l.
1338 828 1380 842 -
1411 796 1473 864 15.

141 888 340 978 efferretur]
352 897 520 984 afferetur
538 897 578 963 N.
593 896 627 963 1.
642 937 683 949 -
707 897 770 964 18.
791 887 1076 978 Tarcondimoto]
1092 901 1372 967 tiarcondimoto
1389 900 1474 979 Ν.1,

140 1033 184 1049 -
204 998 267 1068 20.
291 1001 454 1070 Pacorum
481 992 609 1082 Orodi]
630 1021 794 1089 pacarem
820 1002 917 1068 cordi
939 1001 980 1066 N.
1002 1000 1031 1067 l.
1054 992 1259 1088 (parcorem
1280 996 1376 1086 (sic)
1401 1008 1474 1089 ipse

141 1096 237 1187 Md.)
254 1135 293 1150 -
316 1126 348 1190 p.
369 1105 460 1172 481.
478 1136 520 1149 -
545 1104 578 1171 1.
600 1096 666 1186 ab]
689 1106 732 1171 ab
748 1106 792 1171 ab
809 1105 850 1171 N.
867 1103 901 1170 1.
915 1135 958 1149 -
980 1095 1197 1191 Phylarcho]
1215 1105 1371 1193 philarto
1387 1108 1425 1175 N.
1440 1107 1474 1174 1.

141 1241 183 1256 -
201 1211 237 1273 8.
252 1200 399 1288 eisdem]
417 1207 552 1275 hisdem
569 1209 610 1277 N.
635 1208 667 1274 1.
689 1200 823 1290 (isdem
844 1199 941 1290 Mo.)
962 1239 1004 1253 -
1028 1208 1065 1273 5.
1086 1200 1219 1288 rerum]
1242 1229 1304 1275 om.
1325 1211 1365 1278 N.
1379 1211 1415 1277 8.
1432 1242 1475 1258 -

145 1311 182 1379 7.
202 1303 510 1394 mansueludinem]
524 1313 824 1379 cormtetadinem.
842 1311 905 1378 Est
920 1314 1026 1396 ipsius
1036 1311 1109 1378 Md.
1124 1313 1249 1399 iectio.;
1265 1321 1475 1382 mactaretu-

142 1418 258 1483 dinem
281 1435 324 1483 ex
346 1418 538 1483 necessaria
560 1417 702 1505 legimus
724 1435 813 1482 nunc
836 1416 982 1482 Ferrarii
1001 1415 1243 1482 emendatione.
1264 1446 1306 1459 -
1329 1417 1364 1483 8.
1386 1421 1476 1484 aml-

141 1511 274 1601 ciores]
290 1525 506 1589 amoeniores
521 1518 562 1585 Ν.
581 1519 674 1586 1.-
699 1517 759 1586 10.
782 1510 828 1600 ii]
845 1539 907 1585 om.
928 1520 969 1586 N.
985 1516 1020 1583 8.
1032 1548 1075 1564 -
1099 1517 1161 1585 11.
1180 1511 1232 1602 is]
1254 1540 1316 1586 om.
1330 1521 1371 1587 N.
1386 1520 1475 1589 8.-

143 1622 205 1691 16.
220 1614 326 1710 quas]
341 1643 403 1689 om.
417 1622 457 1690 N.
473 1620 509 1689 8.
523 1653 564 1666 -
592 1619 652 1690 16.
671 1615 760 1710 ego]
784 1642 846 1688 om.
861 1623 902 1689 Ν.
916 1620 952 1689 8.
971 1652 1014 1666 -
1036 1640 1158 1711 magno
1181 1614 1307 1706 opere]
1326 1645 1476 1714 mayolo-

139 1747 223 1818 pcre
245 1727 285 1794 N.
307 1726 339 1794 l.
357 1757 399 1772 -
424 1725 485 1793 18.
506 1718 601 1808 Nos]
624 1748 685 1795 oor
706 1727 747 1794 Ν.
765 1727 796 1793 1.
815 1757 857 1772 -
880 1721 943 1794 19.
969 1728 1088 1812 quihus
1111 1720 1310 1812 praesidiis]
1333 1739 1476 1817 praeci.

141 1834 210 1899 dtis
225 1831 346 1923 pelidae
365 1830 405 1896 N.
420 1829 455 1896 2.
478 1848 496 1896 e
515 1851 621 1917 prauo
641 1833 788 1897 fortasse
809 1833 1000 1918 elegantiae
1016 1829 1137 1896 studio.
1153 1862 1195 1877 -
1218 1830 1282 1899 20.
1305 1826 1395 1922 ego]
1413 1857 1476 1904 om.

140 1937 181 2004 Ν.
196 1933 232 2002 8.
254 1961 294 1975 ··
323 1931 387 2001 27.
407 1926 633 2016 amittendae]
654 1937 896 2001 admittendae
921 1934 961 2000 N.
976 1931 1010 1998 1.
1032 1963 1074 1981 -
1096 1926 1184 2016 hnc]
1207 1935 1295 2002 heae
1317 1939 1357 2005 Ν.
1377 1939 1411 2006 1.
1433 1974 1475 1987 -

141 2029 284 2129 quibus]
306 2058 396 2131 miae
414 2039 454 2105 N.
475 2039 508 2106 1.
532 2070 574 2084 -
607 2037 671 2105 80.
693 2030 768 2120 est]
787 2043 819 2104 ri
845 2038 886 2104 N.
906 2037 939 2104 1.
982 2034 1062 2106 Seii.
1092 2039 1166 2104 Md.
1195 2039 1297 2108 habet
1323 2043 1475 2112 orrtllast:

141 2146 218 2212 hinc
236 2146 429 2227 corruptela
449 2145 498 2209 iit.
522 2147 557 2210 rt
583 2147 616 2208 in
638 2148 678 2209 si
697 2173 740 2187 -
763 2132 932 2222 elnac]
959 2162 1019 2207 om.
1035 2142 1074 2207 N.
1096 2140 1193 2208 8.-
1216 2139 1474 2231 permisisseiis]

139 2253 360 2339 permisistis.
401 2247 466 2314 Est
488 2251 655 2332 scripturn
679 2249 783 2332 ipsius
805 2245 878 2313 Md.
898 2276 940 2290 -
963 2266 993 2331 p.
1009 2243 1099 2311 452.
1119 2244 1153 2311 1.
1172 2243 1359 2331 delectum]
1382 2253 1475 2318 delt-

141 2359 237 2420 ctam
255 2353 294 2420 N.
311 2351 345 2418 1.
363 2382 405 2396 -
428 2340 557 2432 noluit]
579 2351 747 2437 rtoiaerit‚·
775 2353 944 2435 scriptura
967 2347 1040 2416 Md.
1066 2378 1107 2391 -
1136 2347 1172 2414 8.
1192 2344 1331 2434 iuvare]
1355 2359 1475 2421 tutare

140 2457 182 2524 N.
202 2455 236 2523 l.
258 2486 301 2500 -
330 2452 366 2521 b.
385 2445 557 2535 Deiotari]
576 2453 736 2537 theotori
748 2453 788 2519 N.
810 2452 845 2519 1.
868 2484 909 2497 -
938 2453 973 2517 8.
997 2443 1082 2534 neo]
1102 2472 1145 2520 ree
1166 2453 1205 2520 Ν.
1222 2453 1256 2521 1.
1282 2487 1322 2498 —
1353 2451 1389 2524 9.
1408 2449 1474 2540 ne]

142 2581 204 2628 om.
223 2560 265 2629 Ν.
284 2557 320 2628 8.
1567 2592 1577 2611 .

111 2710 116 2723 .
226 2665 290 2749 Ερ.
307 2661 343 2730 2.
364 2683 396 2750 p.
410 2660 502 2738 462.
526 2662 557 2729 1.
578 2651 699 2742 Sext]
731 2657 868 2727 Nestus
890 2659 931 2727 N.
952 2657 1046 2724 1.-
1075 2657 1111 2725 2.
1129 2661 1314 2750 venissem,
1342 2656 1474 2750 neque]

140 2773 358 2858 cathretpne
372 2767 413 2833 Ν.
427 2766 460 2832 1.
470 2797 512 2812 -
534 2760 570 2832 6.
586 2752 817 2849 pertinerent]
828 2768 1052 2849 pervolarent
1065 2763 1105 2830 N.
1121 2763 1155 2830 1.
1168 2796 1211 2810 -
1230 2757 1348 2849 Quae]
1363 2787 1474 2858 qaae-

141 2891 225 2964 pne3
248 2873 367 2938 reterri
384 2874 497 2957 potest
512 2868 557 2936 nd
571 2868 612 2936 N.
626 2867 679 2955 4.‚
701 2869 764 2932 nisi
787 2869 928 2953 simplex
951 2871 1004 2933 est
1018 2887 1113 2934 error
1127 2870 1307 2936 scribentis
1329 2871 1369 2936 N.
1388 2871 1420 2938 l.
1432 2901 1475 2917 -

143 2977 178 3041 8.
196 2965 314 3058 illuto]
328 2974 460 3060 intat03
482 2976 650 3057 scripturn
669 2970 741 3037 Md.
755 3001 798 3015 -
820 2968 855 3037 9.
874 2963 1098 3052 afferrentur]
1115 2972 1308 3059 assereretur
1329 2973 1371 3042 Ν.
1387 2974 1421 3041 1.
1432 3006 1474 3021 -

141 3081 208 3146 iter
229 3079 307 3144 nihl
330 3068 538 3158 iaciendum]
561 3073 620 3143 Sic
643 3095 716 3143 cum
736 3074 823 3141 Edd.
844 3074 973 3140 Erfurt.
999 3074 1072 3141 Md.
1093 3095 1194 3141 vero:
1227 3081 1297 3143 iter
1317 3076 1405 3145 milri
1426 3081 1475 3147 ad

140 3181 354 3270 fasteradam.
400 3181 553 3247 Pertinet
568 3180 632 3247 hoo
646 3178 688 3246 ad
711 3178 751 3246 Ν.
766 3175 802 3244 8.
815 3198 925 3266 genus
943 3169 1155 3262 omissionum
1178 3185 1272 3246 recte
1293 3181 1476 3265 factorum3

142 3285 205 3353 sed
226 3285 311 3352 adeo
334 3286 494 3370 lucilium,
517 3291 553 3349 ut
576 3286 683 3352 cuivis
705 3302 746 3348 en
767 3286 898 3349 ratione
914 3282 1109 3349 emendandi
1126 3283 1283 3349 utendum
1300 3291 1391 3352 esset
1407 3307 1475 3353 non

144 3408 282 3476 prorsus
295 3388 440 3472 stupido.
458 3415 500 3430 ·-
525 3384 585 3453 12.
607 3377 812 3472 irrumpere]
829 3391 1028 3474 inmmpere
1034 3406 1045 3473 3
1066 3389 1234 3473 scriptura
1253 3388 1328 3455 Md.
1348 3419 1388 3432 -
1413 3389 1476 3457 14.

143 3511 234 3576 enm,
256 3483 364 3578 ipone]
387 3512 483 3582 eum,
506 3511 606 3581 mrem
627 3491 667 3558 N.
684 3489 718 3556 1.
744 3520 785 3532 -
812 3509 845 3577 p.
859 3488 951 3557 458.
976 3487 1036 3556 10.
1078 3483 1368 3574 Philoromaeum]
1391 3494 1475 3581 pbi-

144 3595 372 3672 lordomeam3
391 3595 434 3663 rlt
453 3595 554 3663 habet
569 3598 667 3661 etiam
682 3593 754 3661 Md.
776 3625 818 3639 -
840 3586 1122 3677 incolumitatem]
1145 3600 1181 3661 et
1199 3596 1475 3664 incolomitatem

143 3700 184 3768 N.
203 3698 254 3785 l.;
281 3701 360 3766 item
381 3699 423 3767 N.
438 3699 489 3766 4.:
512 3706 548 3766 et
569 3699 656 3766 falso
678 3700 886 3766 inculcatum.
908 3728 950 3741 -
973 3694 1036 3765 17.
1058 3689 1154 3782 cum]
1177 3717 1233 3789 qm
1255 3718 1326 3766 cura
1343 3701 1475 3767 lineola.

143 3804 297 3871 Pertinet
319 3802 361 3869 nd
383 3802 424 3870 N.
439 3798 475 3868 6.
496 3799 577 3870 Seii.
599 3809 777 3893 oenotriam,
800 3802 889 3889 quod
911 3802 942 3868 h.
957 3803 979 3867 1.
997 3807 1124 3869 rectum
1148 3807 1220 3889 est,
1242 3804 1277 3868 in
1298 3802 1370 3869 Md.
1387 3825 1473 3873 oon-

143 3911 277 3976 stanter
305 3908 463 3974 scribitur
489 3927 554 3994 qao
576 3925 649 3974 cum
671 3908 727 3972 lin.
742 3908 913 3974 Librarius
935 3906 1062 3972 Erfurt.
1085 3908 1118 3971 in
1140 3909 1265 3974 ceteris
1289 3908 1373 3974 locis
1395 3907 1475 3974 dili.

143 4016 267 4102 genter
288 4028 309 4075 a
330 4010 507 4077 Wundero
530 4012 747 4098 enumeratis,
778 4014 812 4076 ln
842 4013 961 4097 quibus
982 4030 1048 4101 ego
1070 4006 1130 4076 Gd.
1151 4009 1300 4077 Medicel
1322 4015 1474 4078 auctori-

144 4115 248 4182 tatem
271 4119 518 4212 secuturarum,
553 4135 608 4206 pm
630 4133 703 4182 eum
725 4117 780 4180 lin.
802 4114 994 4181 exhibuisse
1015 4114 1207 4182 censendus
1228 4117 1298 4203 est,
1335 4134 1409 4182 eum
1432 4135 1474 4184 ea

144 4221 313 4303 scriptura
340 4218 534 4305 plerumque
564 4220 714 4285 obtineat
742 4220 776 4283 in
803 4218 891 4304 Epp.
912 4219 945 4283 in
967 4236 1008 4284 eo
1032 4217 1142 4285 adhue
1163 4217 1410 4302 superstitibus
1431 4255 1473 4272 —-

145 4311 273 4406 ipsius]
296 4340 357 4387 om.
378 4321 419 4388 Ν.
439 4320 475 4387 8.
501 4352 540 4367 -
573 4311 806 4402 incolumitas]
828 4323 1047 4389 incolomitas
1069 4321 1109 4388 N.
1128 4319 1161 4388 1.
1179 4350 1222 4366 -
1256 4318 1317 4389 19.
1339 4315 1471 4408 essem]

145 4429 262 4492 asserit
284 4423 325 4491 Ν.
341 4424 432 4490 1.-
454 4424 517 4492 21.
538 4417 592 4508 ei]
608 4432 643 4493 et
655 4426 697 4495 N.
716 4425 807 4493 1.-
828 4423 891 4491 28.
912 4416 1095 4509 dixissem]
1117 4426 1286 4494 diatrrem
1300 4431 1336 4493 et
1352 4433 1471 4496 tamen

146 4528 404 4595 adolescentem
425 4547 535 4597 essem
548 4531 588 4598 N.
602 4531 638 4598 4.
681 4528 796 4596 Foeda
817 4530 1048 4619 interpolatio,
1071 4529 1113 4596 de
1135 4547 1200 4616 quo
1222 4532 1343 4617 postea
1366 4532 1472 4598 insius

145 4633 210 4697 erit
232 4631 476 4718 disputandum.
491 4663 533 4676 -
556 4630 620 4701 80.
640 4624 833 4715 admonitu]
854 4634 1073 4702 admonitam
1094 4633 1134 4701 N.
1154 4632 1189 4700 1.
1209 4665 1253 4681 -
1282 4631 1345 4700 82.
1366 4634 1475 4701 Ario-

144 4724 266 4817 reibe]
288 4737 468 4804 ortatiate
489 4736 531 4805 N.
548 4737 584 4804 1.
603 4768 646 4782 -
666 4734 731 4804 88.
752 4755 828 4805 esse
850 4727 985 4819 deluis]
1008 4736 1129 4806 delata
1150 4737 1191 4806 N.
1211 4734 1248 4805 8.
1268 4768 1310 4784 -
1333 4757 1367 4824 p·
1380 4737 1473 4806 464.

145 4834 182 4907 2.
202 4830 414 4927 complures]
443 4842 648 4936 comptum
680 4843 849 4929 scriptura
868 4841 942 4915 Md.
963 4871 1006 4891 ·-
1042 4837 1080 4912 8.
1104 4831 1213 4932 quse]
1239 4845 1298 4931 oni
1317 4841 1359 4914 N.
1375 4843 1409 4914 1.
1429 4872 1480 4919 -,
