3256 5400
583 231 658 295 ΗΒ.
678 233 703 294 1.
744 231 803 294 ΕΡ.
826 231 856 292 9..
878 233 909 293 3.
931 231 961 293 4.
1444 236 1463 294 5

143 406 182 450 eo
214 384 265 451 die
287 406 360 450 casu
381 384 464 471 apud
484 388 668 472 Pompeium
697 386 826 450 coenavi
848 395 1017 471 nactusque
1040 396 1161 472 tempus
1183 387 1243 451 boc
1271 388 1367 471 magis
1396 389 1463 452 ido

142 499 235 543 neum
266 500 358 564 quam
381 501 516 564 unquam
536 490 639 554 antea,
667 478 752 565 quod
774 487 843 564 post
866 488 953 544 tuum
973 479 1144 544 discessum
1167 479 1192 544 is
1215 481 1281 545 dies
1311 481 1463 546 honestis-

143 571 240 635 simus
262 570 352 636 nobis
374 571 475 638 fuerat
497 573 529 637 in
551 582 673 646 senatu,
697 573 738 636 ita
760 594 829 637 sum
851 593 922 637 cum
944 573 999 636 illo
1022 574 1157 646 locutus,
1182 585 1216 638 ut
1239 575 1314 638 milri
1337 575 1462 639 viderer

143 665 281 729 animum
309 665 442 730 bominis
469 664 508 729 ab
535 667 621 731 omni
648 666 709 731 alia
737 665 925 750 cogitatione
947 665 987 729 ad
1009 674 1092 729 tuam
1114 667 1293 751 dignitatem
1317 669 1460 733 tuendam

143 759 317 844 traducere.
346 761 446 836 Quem
469 780 528 844 ego
551 759 653 845 ipsum
669 780 740 824 cum
754 758 865 833 audio,
887 780 1017 845 prorsus
1039 781 1111 823 eum
1132 760 1233 826 libero
1256 763 1341 826 omni
1362 763 1486 847 suspis

142 851 232 915 eione
260 851 452 937 cupiditatis;
490 874 561 917 curn
589 860 692 917 autem
721 852 789 917 eius
818 851 987 916 familiares
1016 853 1155 917 omnium
1184 855 1331 920 ordinum
1354 855 1461 927 video,

141 945 315 1031 perspicio,
339 944 370 1009 id
391 944 476 1031 quod
499 946 559 1010 iam
581 946 727 1011 omnibus
748 956 795 1011 est
816 955 973 1031 apertum,
1003 956 1098 1010 totam
1117 968 1184 1010 rem
1207 948 1297 1012 istam
1319 949 1381 1012 inm
1400 947 1464 1033 pri·
1544 964 1547 980 ¹

142 1039 213 1103 dem
236 1062 254 1102 a
276 1039 369 1103 certis
392 1038 586 1113 bominibus,
615 1061 678 1104 non
700 1041 798 1105 invito
819 1061 895 1124 rege
917 1040 986 1125 ipso
1009 1040 1257 1126 consiliariisque
1279 1042 1366 1113 eius,
1395 1062 1463 1105 esse

141 1143 331 1218 corruptam.
386 1138 417 1198 t.
444 1137 528 1198 Haec
553 1133 664 1219 scripsi
686 1155 713 1198 a.
737 1133 766 1198 d.
789 1138 871 1199 xvi.
893 1134 960 1198 Kal.
983 1132 1073 1197 Febr.
1096 1143 1166 1197 ante
1189 1134 1298 1198 lucem.
1344 1140 1390 1199 Eo
1412 1135 1463 1200 dic

142 1239 267 1292 senatus
288 1237 355 1291 erat
376 1226 509 1292 futurus.
558 1231 622 1291 Nos
644 1227 676 1290 in
698 1237 820 1302 senatu,
849 1225 1112 1313 quemadmodum
1135 1248 1249 1312 spero,
1282 1227 1462 1312 dignitatem
1476 1255 1501 1291 ιι

143 1329 294 1395 nostram,
324 1329 358 1387 ut
379 1328 482 1406 potest
502 1321 534 1384 in
557 1328 639 1384 tanta
661 1319 821 1384 bominum
844 1319 974 1405 perfidia
996 1330 1027 1384 ct
1048 1319 1225 1404 iniquitate,
1248 1322 1461 1387 retinebimus.

143 1414 235 1492 Quod
264 1413 302 1477 ad
329 1414 513 1499 popularem
542 1415 695 1479 rationem
718 1415 839 1487 attinet,
865 1413 933 1478 'hoc
960 1413 1105 1477 videmur
1127 1436 1195 1478 esse
1217 1415 1392 1489 consecuti,
1429 1427 1463 1479 ut

143 1528 181 1569 ne
203 1507 277 1593 quid
298 1507 349 1592 agi
371 1529 442 1572 cum
463 1507 580 1593 populo
603 1516 655 1572 aut
677 1507 769 1572 salvis
791 1507 936 1592 auspiciis
958 1515 1011 1570 aut
1032 1507 1125 1571 salvis
1153 1506 1274 1591 legibus
1295 1515 1349 1572 aut
1376 1508 1464 1573 deni·

142 1622 203 1687 que
225 1602 291 1665 sine
315 1600 345 1665 vi
366 1600 474 1686 possit.
526 1605 573 1664 De
602 1600 649 1664 bis
671 1600 766 1665 rebus
793 1600 911 1686 pridie,
949 1621 1042 1685 quarn
1073 1600 1148 1665 baec
1174 1601 1301 1686 scripsi,
1338 1612 1462 1666 senatus

142 1695 309 1759 auctoritas
336 1695 518 1777 gravissima
545 1695 735 1772 intercessit;
758 1695 808 1760 cui
836 1716 908 1760 cum
936 1699 1011 1760 Cato
1041 1704 1071 1758 et
1099 1695 1243 1759 Caninius
1273 1696 1500 1760 intercessis-ia

142 1797 223 1860 sent,
247 1797 348 1852 tamen
370 1797 417 1852 est
437 1788 619 1874 perscripta.
662 1792 739 1852 Eam
760 1788 799 1852 ad
822 1799 851 1853 te
867 1789 992 1852 missam
1008 1810 1076 1852 esse
1091 1787 1239 1852 arbitror.
1283 1793 1327 1852 lle
1349 1788 1462 1851 ceteris

142 1880 253 1953 rebus,
276 1880 427 1967 quidquid
450 1882 511 1947 erit
531 1894 647 1956 actum,
670 1881 804 1946 scribam
820 1881 859 1945 ad
881 1891 928 1957 te,
952 1891 997 1957 et,
1026 1890 1176 1966 utquam
1198 1881 1371 1945 rectissimo
1390 1901 1462 1964 aga-

143 1984 207 2048 tur,
230 1975 316 2039 omni
336 1996 406 2040 mea
428 1996 519 2050 cura,
542 1996 654 2060 opera,
677 1975 852 2060 diligentia,
876 1977 974 2061 gratia
995 1975 1181 2063 providebo.

614 2118 674 2179 ur.
717 2116 765 2199 (A.
792 2120 824 2181 u.
847 2119 879 2182 c.
902 2117 987 2200 aas.)

418 2232 459 2293 u.
483 2230 625 2294 cronno
649 2231 738 2293 sn.
760 2232 794 2293 e.
816 2232 997 2294 nunruno
1020 2231 1185 2296 rnocos
1470 2261 1498 2299 ιι

226 2355 255 2415 1.
291 2357 326 2415 Α.
348 2348 523 2421 Trebonio,
557 2349 610 2434 qui
639 2349 671 2414 in
700 2359 753 2414 tua
779 2349 941 2434 provincia
968 2371 1079 2434 magna
1106 2351 1230 2435 negotia
1255 2359 1286 2414 ct
1307 2351 1408 2435 arrrpla
1430 2361 1460 2415 et

140 2442 285 2528 expedita
306 2441 411 2514 babet,
434 2442 548 2507 multos
569 2464 667 2508 annos
689 2452 762 2507 utor
783 2443 872 2507 valde
886 2443 1092 2509 familiariter.
1134 2448 1164 2508 ls
1178 2465 1249 2509 cum
1268 2453 1358 2508 antea
1380 2465 1462 2508 sem-

141 2559 197 2623 per
219 2547 250 2601 et
277 2558 336 2601 suo
357 2535 525 2621 splendore
553 2544 585 2599 et
606 2546 712 2600 nostra
734 2545 974 2622 ceterorumque
995 2538 1169 2602 amicorum
1191 2538 1460 2602 commendatione

141 2630 383 2715 gratiosissimus
411 2629 443 2693 in
471 2630 632 2714 provincia
654 2630 725 2699 fuit,
763 2638 828 2694 tum
850 2629 910 2693 boe
931 2637 1073 2714 tempore
1095 2639 1226 2715 propter
1247 2640 1333 2694 tuum
1356 2632 1386 2694 in
1410 2652 1460 2695 me

140 2744 280 2788 amorem
303 2732 503 2808 nostramque
525 2723 784 2788 necessitudinem
810 2722 1011 2787 vehementer
1032 2722 1159 2786 conlidit
1181 2722 1228 2787 bis
1251 2725 1328 2788 meis
1350 2725 1498 2789 litterissa

141 2838 174 2882 se
195 2817 277 2902 apud
294 2825 323 2880 te
338 2817 508 2900 gratiosum
524 2816 603 2881 fore.
642 2821 672 2881 2.
695 2818 783 2893 Quae
805 2836 844 2879 ne
865 2837 937 2900 spes
953 2816 1136 2886 oumfallat,
1161 2816 1360 2882 vehementer
1382 2839 1460 2901 rogo

141 2923 171 2975 te
192 2909 441 2995 commendoque
464 2909 519 2973 tibi
541 2910 608 2974 eius
630 2909 735 2974 omnia
764 2909 903 2993 negotia,
932 2909 1077 2981 libertos,
1107 2921 1344 2994 procuratores,
1373 2909 1462 2974 fami—

141 3004 228 3077 liam,
251 3003 282 3067 in
304 3003 476 3089 primisque
497 3008 547 3073 ut,
570 3024 651 3088 quae
673 3008 707 3066 Τ.
730 3002 858 3087 Ampius
880 3001 919 3066 de
942 3003 1009 3068 eius
1025 3024 1060 3066 re
1082 3002 1237 3076 decrevit,
1260 3024 1296 3066 ea
1317 3024 1462 3087 compro-

141 3096 196 3161 bes
226 3096 434 3182 omnibusque
456 3096 552 3162 rebus
573 3117 645 3160 eum
667 3095 711 3161 ita
738 3104 867 3171 tractes,
904 3105 937 3161 ut
958 3095 1110 3180 intelligat
1137 3117 1237 3160 meam
1264 3094 1462 3160 commenda·

141 3191 258 3255 tionem
279 3211 343 3256 non
364 3191 525 3275 vulgarem
545 3189 653 3256 fuisso.
1472 3212 1498 3248 ιι

617 3328 984 3414 numnam)

420 3446 461 3507 u.
484 3444 627 3507 cronno
651 3445 682 3507 s
703 3447 741 3507 n.
763 3446 796 3507 r.
818 3445 1000 3507 taurino
1022 3445 1188 3510 raocos.

226 3570 254 3629 l.
290 3569 324 3629 d.
352 3568 389 3627 Ι).
419 3567 501 3628 xvl.
531 3564 598 3628 Kal.
627 3562 720 3628 Febr.
747 3584 819 3627 cum
847 3562 880 3627 in
906 3573 1015 3628 senatu
1044 3564 1255 3649 pulcherrime
1290 3575 1461 3639 staremus,

142 3658 309 3745 quodiam
332 3657 415 3721 illam
436 3657 620 3721 sententiam
641 3656 743 3721 Bibuli
772 3655 811 3719 de
834 3655 933 3721 tribus
953 3657 1063 3739 legatis
1091 3658 1192 3743 pridie
1214 3659 1281 3722 eius
1310 3658 1372 3723 diei
1401 3658 1462 3722 fre·

141 3773 286 3835 geramus
308 3771 466 3835 unurnque
487 3759 645 3815 certamen
667 3757 749 3814 esset
762 3750 920 3823 relictum,
943 3751 1094 3814 sententia
1115 3752 1261 3826 Volcatii,
1283 3774 1335 3817 res
1356 3751 1395 3815 ab
1409 3750 1501 3816 ad-ss

142 3845 289 3909 versariis
316 3844 431 3909 nostris
463 3852 602 3908 extracta
634 3853 681 3907 est
708 3843 803 3907 variis
833 3844 1005 3909 calumniis.
1049 3850 1180 3910 Causam
1202 3845 1285 3910 enim
1307 3845 1462 3931 frequenti

141 3948 266 4012 senatu,
296 3958 358 4002 nou
380 3958 492 4020 magua
513 3937 679 4010 varietate,
706 3936 904 4022 magnalque]
928 3936 1045 4002 invidia
1066 3959 1193 4012 eorum,
1223 3939 1278 4024 qui
1299 3960 1318 4003 a
1339 3948 1370 4003 te
1391 3959 1464 4002 cau-

141 4053 204 4096 sam
234 4031 354 4114 rcgiam
380 4031 442 4095 alio
471 4030 680 4105 traferebant,
714 4029 942 4095 obtinebamus.
985 4034 1031 4095 Eo
1054 4031 1105 4095 dic
1127 4031 1276 4097 acerbum
1298 4031 1463 4097 babuimus

142 4125 325 4198 Curionem,
346 4123 492 4189 Bibulum
515 4125 613 4189 multo
635 4123 815 4198 iustiorem,
838 4145 936 4208 paene
959 4123 1053 4187 etiam
1074 4125 1219 4189 amicum.
1264 4125 1410 4191 Caninius
1432 4134 1463 4189 et

142 4221 215 4284 Cato
238 4228 391 4303 negarunt
412 4239 445 4282 se
468 4218 568 4302 legem
591 4218 686 4281 ullam
707 4226 777 4281 ante
797 4217 922 4281 comitia
944 4239 1012 4281 esso
1029 4219 1157 4283 laturos.
1201 4221 1332 4283 Senatus
1355 4216 1462 4281 baberi
1474 4241 1503 4279 ιι

141 4321 210 4376 aute
231 4311 385 4377 Kalendas
416 4310 507 4376 Febr.
540 4332 596 4396 per
622 4311 723 4395 legem
753 4310 882 4395 Pupiam
912 4346 952 4356 -
979 4311 1011 4375 id
1038 4311 1124 4397 quod
1146 4312 1206 4376 scis
1236 4348 1276 4358 -
1305 4333 1367 4374 non
1396 4318 1464 4394 pot·

140 4416 203 4479 est,
236 4427 339 4493 aeque
375 4427 481 4470 menso
503 4405 601 4471 Febr.
636 4414 702 4469 toto
732 4403 791 4468 nisi
820 4402 965 4489 perfectis
998 4413 1051 4469 aut
1085 4405 1211 4472 reiectis
1245 4402 1462 4489 legationibus.

141 4503 170 4565 2.
191 4503 276 4564 Haec
297 4511 401 4563 muron
422 4498 530 4584 opinio
552 4509 599 4563 est
620 4497 729 4583 populi
752 4497 898 4571 ltomani,
927 4519 943 4561 a
971 4498 1032 4562 tuis
1054 4498 1168 4562 invidis
1194 4509 1287 4584 atque
1309 4497 1464 4562 obtrecta-

209 4681 252 4730 17.
273 4686 380 4743 apator,
404 4683 474 4728 omni
491 4695 548 4730 men
576 4680 633 4729 Vb:
664 4686 762 4742 apator
786 4680 876 4727 omnia
893 4693 951 4728 mea
969 4679 1014 4735 nl,
1042 4687 1160 4743 oporatur
1179 4681 1284 4738 emoto,
1304 4693 1361 4726 mcc
1381 4678 1409 4725 ll.
1432 4700 1461 4711 -

141 4748 186 4799 22.
204 4751 370 4815 prolusimus
389 4749 426 4799 lli.
456 4773 487 4785 ·-
524 4750 568 4799 27.
609 4750 701 4798 liberos
720 4748 757 4798 Μ.
790 4773 819 4783 -
859 4749 903 4797 ⁶28.
930 4764 996 4812 (quoe
1024 4751 1137 4811 templus
1165 4751 1195 4798 dc
1220 4749 1257 4798 lli.
1280 4774 1308 4782 -
1348 4747 1390 4796 ³7.
1410 4759 1461 4794 uon

141 4832 236 4882 mopnu
255 4821 382 4869 varietate
401 4820 444 4870 ll:
464 4822 492 4868 ιἰι
510 4834 608 4883 meque
628 4821 754 4868 varietate
779 4820 808 4868 n.
836 4843 866 4852 -
887 4834 984 4884 rnoqna
1006 4822 1105 4870 invidia
1131 4819 1298 4870 Lambinus:
1317 4830 1463 4881 mopuoque

142 4888 310 4941 inuidtablli.
326 4911 357 4925 -
378 4889 421 4940 38.
441 4890 602 4954 trascrsbunt
620 4888 664 4939 tt:
685 4889 876 4952 transferebant
896 4889 925 4938 ll.
