3256 5400
175 236 239 299 569
676 227 735 290 ΕΡ.
755 228 808 290 ΑΙ)
829 226 1002 291 ATTICUII

346 394 403 464 Τις
425 390 452 452 d'
474 396 542 452 ἐστι
564 388 679 461 δοῦλος
700 389 757 450 rori
777 391 888 449 Servata
909 383 1068 466 ἄφροντις
1088 381 1151 457 alr,-

179 517 235 585 sed
256 515 329 602 quia
350 507 462 594 ingrati
484 505 578 571 animi
599 506 717 572 crimen
738 507 865 571 horreo.
909 503 1037 571 Conlido
1059 504 1156 590 igitur
1169 505 1335 574 adventum
1350 517 1504 576 nostrum

177 613 240 687 illi,
277 624 405 694 quoquo
434 611 574 686 tempore
603 601 712 674 suerit,
739 609 774 664 ιιι
799 597 927 674 scribis,
964 602 1159 682 dopa'vcctor
1186 600 1266 667 fore.
1308 609 1386 670 Nam
1409 605 1505 692 quod

178 709 238 780 ais,
260 704 286 769 si
308 700 358 765 bic
381 695 601 780 temperantius
623 699 739 780 egerit,
768 692 993 758 consideratius
1015 694 1179 759 consillum
1202 705 1232 760 te
1254 697 1419 777 daturum;
1445 709 1503 785 qul

155 802 228 866 alic
249 804 349 884 potest
370 812 404 856 sc
426 810 536 874 gerere
559 810 621 853 uon
639 787 780 875 perdite?
802 787 889 858 Vita,
913 806 1035 858 mores,
1056 788 1240 865 antefacta,
1261 793 1341 858 ratio
1357 795 1503 880 suscepti

178 891 315 978 negotii,
346 886 439 956 socii,
472 884 554 948 vires
576 882 732 947 bonorum
755 880 921 945 autetiam
943 881 1124 946 constantia.
1167 888 1198 949 3.
1219 884 1355 951 Vixdum
1378 887 1504 974 episto-

177 989 237 1053 lam
267 994 352 1048 tuam
383 980 535 1063 legeram,
571 998 642 1042 cum
664 975 703 1040 ad
725 994 794 1050 me,
834 993 964 1038 currens
985 971 1025 1037 ad
1045 974 1150 1052 illum,
1179 982 1345 1044 Postumus
1368 979 1502 1047 Curtius

177 1078 275 1153 venit,
297 1073 374 1139 nihil
394 1071 454 1138 nisi
476 1073 588 1137 classes
609 1071 740 1154 loquens
762 1076 793 1133 et
814 1067 991 1145 exercitus3
1026 1068 1178 1154 eripiebat
1200 1071 1384 1158 Hispaniasr
1408 1083 1502 1138 tene·

177 1172 230 1237 bat
250 1169 371 1243 Asiam,
405 1165 558 1238 Siciliam,
591 1163 741 1236 Africam,
773 1161 965 1239 Sardiniam;
994 1161 1157 1228 confestim
1183 1164 1215 1229 in
1238 1167 1399 1231 Graeciam
1423 1187 1504 1253 per-

143 1263 376 1353 ¹⁰sequebatun
425 1258 569 1324 Eundum
592 1258 687 1344 igitur
717 1264 779 1328 est.
817 1264 958 1321 nectam
980 1264 1015 1320 ut
1035 1253 1111 1322 belli
1132 1278 1225 1343 quam
1246 1268 1280 1324 ut
1301 1259 1394 1345 fugae
1417 1262 1502 1326 socii

178 1359 285 1426 simus.
326 1361 390 1421 Nec
411 1353 493 1418 enim
515 1351 599 1416 lerre
621 1362 732 1437 potero
754 1370 916 1414 sermones
938 1348 1089 1426 istorum,
1113 1351 1290 1437 quicunque
1313 1364 1397 1434 suut;
1433 1374 1503 1419 non

178 1462 250 1518 sunt
272 1451 354 1516 enim
376 1458 478 1522 certe,
501 1457 536 1511 ut
556 1446 770 1532 appellantur,
792 1443 879 1508 boni.
923 1441 985 1507 Sed
1006 1451 1111 1508 tamen
1126 1444 1156 1509 id
1175 1449 1275 1530 ipsum
1291 1446 1370 1511 seire
1389 1451 1502 1533 cupio,

179 1542 254 1634 quid
274 1545 459 1631 loquantur;
482 1541 575 1627 idque
596 1550 631 1605 ut
652 1543 799 1625 exquiras
821 1558 933 1622 meque
955 1536 1122 1601 certiorem
1143 1538 1253 1612 saclas,
1276 1548 1306 1603 te
1328 1540 1504 1604 vehemen-

179 1651 228 1706 ter
248 1658 339 1722 rogo.
390 1641 452 1701 Nus
474 1634 589 1710 adhuc,
623 1631 698 1721 quid
719 1630 875 1697 Brundisii
898 1639 1000 1696 actum
1024 1642 1120 1706 esset,
1142 1631 1233 1717 plane
1254 1632 1502 1711 nescieBamus3

145 1743 249 1798 ¹³cum
272 1737 424 1805 sciemus,
457 1740 523 1796 tum
544 1750 584 1794 ex
605 1749 642 1793 re
664 1738 695 1793 et
716 1747 757 1794 ex
779 1738 921 1813 tempore
948 1727 1112 1793 consilium
1142 1728 1318 1815 capiemus3
1347 1725 1403 1792 sed
1429 1737 1504 1792 ute·

179 1848 250 1892 mur
272 1835 357 1892 tuo.⁴

355 1930 358 1937 ’
646 1937 705 1998 111.
747 1933 801 2014 (Δ.
827 1936 859 1998 ll.
882 1937 913 1999 C.
935 1937 1025 2015 705.)

659 2056 802 2121 CICERO
823 2057 966 2120 ATTICO
988 2059 1020 2121 S.

264 2177 294 2251 1.
315 2168 444 2237 Domitii
473 2165 555 2232 filins
584 2166 705 2232 transiit
726 2167 865 2231 Formias
887 2186 963 2232 vin.
985 2167 1030 2233 Id.
1053 2189 1183 2236 currens
1205 2168 1245 2236 ad
1266 2179 1396 2235 matrem
1418 2173 1504 2233 Nea-

141 2287 170 2332 ao
178 2266 292 2354 polim,
314 2264 451 2349 mihique
473 2261 610 2325 nuntiari
631 2261 721 2325 iussit
743 2270 862 2345 patrem
892 2259 932 2325 ad
953 2260 1065 2327 urbem
1087 2284 1170 2340 esse,
1199 2285 1269 2329 cum
1292 2263 1329 2329 de
1351 2284 1391 2328 eo
1413 2262 1503 2326 curi·

179 2381 234 2425 ose
263 2357 434 2445 quaesisset
465 2375 574 2419 servus
603 2363 709 2418 noster
736 2354 912 2442 Dionysius.
964 2359 1027 2420 Nos
1060 2366 1164 2422 autem
1194 2356 1392 2422 audieramus
1424 2376 1501 2419 eum

179 2452 355 2539 proiectum
370 2450 435 2514 sive
449 2447 489 2512 ad
503 2447 684 2534 Pompeium
707 2447 771 2512 sive
793 2447 825 2512 in
848 2448 1037 2534 Hispaniam.
1078 2451 1114 2516 ld
1136 2449 1311 2516 cuiusmodi
1333 2451 1388 2523 sit,
1412 2447 1501 2514 scire

179 2566 253 2610 sane
274 2545 378 2611 velim.
419 2547 496 2606 Nam
517 2540 557 2606 ad
577 2540 626 2615 id,
649 2539 735 2626 quod
757 2539 915 2616 delibero,
937 2542 1091 2627 pertinet,
1114 2545 1141 2609 si
1162 2545 1213 2610 ille
1235 2555 1319 2609 certe
1342 2563 1501 2630 nusquam

180 2639 335 2712 discessit,
357 2635 531 2719 intelligere
553 2639 689 2701 Gnaeum
711 2655 775 2699 non
798 2655 866 2699 esse
887 2633 993 2700 faciles
1015 2636 1107 2703 nobis
1122 2659 1162 2703 ex
1181 2638 1267 2704 ltalia
1282 2642 1402 2712 exitus,
1425 2658 1501 2703 cum

142 2753 217 2798 esea
239 2741 302 2796 tota
324 2730 419 2795 armis
443 2727 669 2815 praesidiisque
692 2735 849 2803 teneatur,
880 2727 983 2793 hieme
1004 2733 1198 2815 praesertim.
1241 2736 1334 2805 Nam,
1363 2732 1389 2797 si
1412 2753 1502 2797 com-

181 2824 303 2890 modius
324 2828 395 2887 anni
419 2830 539 2907 tempus
561 2834 657 2900 esset,
680 2822 729 2887 rel
752 2822 854 2886 iniero
877 2822 956 2886 mari
977 2823 1085 2888 liceret
1106 2825 1160 2894 uti.
1203 2829 1289 2889 Nunc
1303 2825 1380 2890 nihil
1394 2834 1502 2912 potest

179 2919 240 2983 nisi
268 2937 383 3002 supero
415 2915 557 2990 tramitti,
592 2938 655 3002 qno
685 2917 745 2980 iter
772 2916 973 2981 interclusum
1001 2927 1057 2981 est.
1110 2922 1249 2997 Quaeres
1278 2918 1373 3003 igitur
1394 2928 1426 2984 et
1460 2918 1500 2983 de

179 3010 318 3077 Domitio
351 3021 382 3075 et
410 3009 449 3075 de
478 3009 620 3075 Lentulo.
662 3013 693 3075 2.
714 3016 740 3076 Α
761 3009 928 3075 Brundisio
950 3010 1032 3075 nulla
1055 3012 1156 3077 adbuc
1183 3014 1264 3077 lama
1288 3022 1433 3090 venerat;
1468 3021 1500 3075 et

180 3116 249 3171 erat
270 3105 320 3170 bic
341 3103 407 3170 dies
429 3124 488 3170 vn.
512 3104 572 3180 ld.‚
602 3127 666 3189 quo
695 3104 747 3169 die
769 3104 1004 3190 suspicabamur
1026 3118 1079 3172 aut
1100 3108 1201 3194 pridie
1223 3105 1422 3173 Brundisium
1444 3125 1502 3168 re-

143 3201 262 3266 sonisse
296 3202 469 3266 Caesarem.
518 3203 594 3263 Nam
623 3198 690 3263 Ital.
718 3203 810 3284 Arpis
838 3211 1001 3265 manserat.
1046 3201 1107 3266 Sed
1135 3203 1162 3268 si
1183 3207 1365 3267 Postumum
1387 3197 1500 3263 audire

179 3294 290 3367 velles,
324 3304 544 3378 persecuturus
573 3301 640 3356 erat
663 3296 809 3358 Cnaeum.
865 3295 1025 3358 Transisse
1047 3295 1131 3360 enim
1152 3297 1214 3360 iam
1244 3293 1371 3382 putabat
1392 3296 1501 3356 conie-

179 3394 266 3451 ctura
288 3395 503 3471 tempestatum
525 3406 560 3450 ac
581 3385 714 3451 dierum.
757 3391 824 3471 Ego
846 3395 955 3452 nautas
971 3408 1042 3452 eum
1062 3410 1125 3454 non
1140 3389 1285 3475 putabam
1301 3385 1500 3462 habiturum;

179 3478 232 3544 ille
253 3479 444 3555 confidebat,
467 3487 499 3544 et
519 3499 558 3544 eo
580 3481 699 3565 magis,
721 3481 807 3564 quod
827 3479 931 3545 audita
954 3482 1151 3548 naviculariis
1173 3482 1306 3548 bominis
1328 3478 1501 3546 liberalitas

180 3581 272 3637 esset.
315 3574 377 3638 Sed
399 3583 461 3638 tota
483 3579 536 3638 res
556 3572 742 3640 Brundisina
764 3574 825 3638 ianr
847 3574 1007 3661 quomodo
1029 3576 1140 3641 babeat
1161 3598 1214 3650 se,
1238 3576 1354 3643 diutius
1375 3573 1501 3638 nescire

143 3686 245 3732 aenon
266 3686 405 3751 possum.

647 3784 699 3845 rr.
743 3783 800 3862 (l.
829 3784 860 3846 u
884 3785 915 3846 c.
939 3785 1037 3863 705.)

663 3904 806 3969 CICERO
827 3906 972 3970 ATTICO
994 3907 1026 3970 S.

266 4020 293 4081 1.
326 4019 394 4100 Ego
422 4015 479 4080 etsi
511 4013 628 4079 tamdiu
654 4014 832 4100 requiesco,
864 4016 1010 4101 quamdiu
1037 4017 1150 4083 autad
1174 4027 1204 4083 te
1226 4016 1330 4084 scribo
1353 4026 1407 4082 aut
1429 4026 1501 4081 tuas

180 4108 297 4174 litteras
326 4111 413 4194 lego,
446 4117 550 4173 tamen
578 4117 609 4174 et
637 4109 703 4194 ipse
732 4129 810 4193 egeo
839 4125 1022 4194 argumento
1050 4113 1251 4198 epistolarum
1282 4122 1313 4176 et
1335 4110 1390 4176 tibi
1413 4111 1500 4175 idem

247 4284 274 4332 1.
302 4297 345 4345 τις
371 4280 400 4332 ds
426 4296 507 4332 εστιν
534 4281 566 4330 B.
599 4307 629 4316 -
666 4281 692 4330 3.
721 4277 911 4347 α’σμένιστον]
938 4292 1043 4347 protum
1062 4286 1092 4335 B.
1128 4309 1154 4319 -
1192 4285 1221 4336 d.
1239 4291 1327 4348 eperat
1346 4298 1387 4348 pr.
1407 4283 1446 4333 Μ.
1468 4307 1502 4322 -

178 4352 204 4402 5.
224 4353 295 4400 uiroc
314 4353 334 4400 1.
357 4377 387 4388 -
424 4350 451 4402 9.
471 4352 549 4412 accit,
568 4346 645 4413 utres]
672 4353 695 4400 ia
712 4365 791 4401 rocoa
810 4358 862 4401 tres
882 4367 921 4415 pr.
941 4353 979 4404 Μ.
1005 4375 1037 4389 -
1072 4356 1098 4404 7.
1118 4357 1266 4406 Postumius
1283 4356 1314 4405 B.
1336 4380 1365 4391 -
1403 4353 1430 4403 8.
1451 4355 1502 4402 eri·

176 4418 276 4484 piabat]
295 4423 413 4483 cupiebm
433 4422 454 4470 1.
478 4445 505 4455 -
544 4423 588 4471 19.
607 4417 663 4482 occ]
682 4436 714 4471 nc
731 4421 753 4471 1.
784 4445 815 4457 -·
852 4430 907 4473 tam
932 4425 990 4474 belli
1008 4439 1048 4487 pr.
1069 4426 1114 4484 Μ,
1135 4434 1189 4476 tom
1208 4433 1254 4474 ιιιιι
1274 4422 1333 4490 (sed
1353 4425 1439 4486 prima
1460 4425 1502 4472 ιιι-

179 4497 235 4540 tera
254 4491 361 4551 deleta,
394 4498 423 4541 ιιι
443 4492 477 4540 sit
495 4488 535 4554 ιιι)
556 4491 614 4541 betti
633 4505 703 4541 corr.
724 4492 760 4543 lt·
785 4517 816 4527 -
863 4501 892 4543 ut
912 4500 973 4544 anta
990 4495 1068 4559 [apua
1093 4510 1147 4546 om.
1176 4509 1216 4560 pr.
1236 4495 1273 4544 Μ.
1296 4518 1326 4531 -
1364 4495 1407 4544 19.
1427 4500 1501 4543 teat

177 4563 335 4612 uehementer
354 4577 394 4626 pr.
414 4560 450 4610 Μ.
473 4583 503 4597 -
543 4563 585 4611 15.
604 4558 642 4624 rc]
663 4569 687 4611 te
707 4562 728 4611 1.
749 4585 780 4598 -
817 4563 858 4613 19.
882 4567 979 4615 tramit
998 4579 1038 4627 pr.
1059 4566 1095 4615 Μ.
1118 4591 1146 4603 ·-
1173 4568 1217 4615 20.
1236 4562 1277 4628 de]
1298 4579 1330 4614 ex
1348 4565 1360 4614 I
1380 4572 1408 4614 et
1426 4577 1499 4613 corr.

177 4631 215 4681 Μ.
238 4656 267 4667 -·
304 4632 348 4681 24.
369 4632 523 4694 iutelttqeret
542 4633 573 4682 B.
598 4655 623 4664 -
663 4633 705 4682 27.
726 4633 828 4681 tramiti
847 4647 886 4696 pr.
908 4634 953 4693 Μ,
980 4638 1127 4686 transmitti
1149 4636 1171 4686 1.
1200 4659 1226 4669 -
1265 4636 1308 4685 29.
1332 4645 1393 4684 νιιι.
1414 4634 1446 4683 ll.
1469 4657 1500 4670 -

177 4701 222 4751 ³0.
243 4703 403 4752 Postumium
422 4702 443 4751 B
463 4707 490 4750 et
508 4716 579 4751 corr.
598 4703 635 4753 Μ.
660 4727 688 4738 -
725 4703 768 4752 39·
789 4705 878 4752 mutia
897 4718 937 4766 pr.
958 4704 995 4754 Μ.
1030 4728 1056 4738 -
1096 4707 1139 4756 31.
1159 4705 1225 4769 iuml
1243 4719 1306 4754 num
1325 4719 1364 4768 pr.
1384 4704 1422 4761 Μ.
1441 4717 1498 4752 om.

178 4772 280 4821 Bcum
300 4786 371 4822 corr.
403 4772 440 4820 Μ.
476 4771 519 4828 (Ut
538 4786 606 4830 nos,
628 4770 662 4832 l.)
684 4797 712 4807 -
750 4785 790 4830 se,
821 4771 928 4835 diutius]
952 4775 996 4823 sed
1014 4777 1095 4824 turtur
1114 4790 1153 4839 pr.
1179 4777 1217 4826 Μ.
1250 4800 1284 4811 -
1320 4776 1363 4826 95.
1382 4787 1500 4839 porrum.

177 4842 235 4907 Epo
254 4848 321 4903 (uno
341 4842 446 4900 tenore)
465 4842 501 4891 Μ.
521 4867 555 4876 -
590 4843 635 4892 38.
654 4839 712 4904 etsi]
731 4844 753 4890 ri
772 4856 813 4905 pr.
833 4844 868 4894 Μ.
891 4869 919 4880 -
957 4845 1001 4894 ³9.
1020 4841 1090 4910 epea]
1109 4860 1157 4911 apo
1174 4846 1213 4897 Μ.
