3256 5400
603 269 677 333 ΠΒ.
699 268 751 331 Vl.
793 267 851 330 ΕΡ.
873 271 904 333 8.
926 270 956 333 ll.
981 271 1029 332 10.
1417 269 1457 330 ⁹7

140 427 216 515 qnid
237 426 314 493 mibi
336 428 470 513 placeat,
498 438 576 513 puto
596 440 627 494 te
649 434 730 494 seire
752 439 910 513 oportere.
953 433 983 492 2.
1006 429 1088 493 Actis
1109 428 1157 492 bis
1182 427 1277 493 rebus
1298 430 1418 496 litterae
1440 455 1458 496 a

139 533 172 588 tc
192 522 269 588 mibi
291 521 431 586 redditae
453 532 543 598 sunt,
566 522 680 610 quibus
701 544 784 586 amo
800 523 962 587 consilium
979 527 1073 607 petis,
1096 523 1173 609 quid
1187 528 1246 587 sim
1261 522 1318 587 tibi
1332 535 1456 589 auctor:

142 621 174 682 in
195 618 339 683 Siciliane
361 617 518 693 subsidas,
555 640 594 682 an
622 626 656 682 ut
682 617 721 680 ad
749 617 897 702 reliquias
926 622 1075 681 Asiaticae
1097 622 1313 701 negotiationis
1334 617 1460 702 profici·

140 732 239 777 scara
292 716 376 776 Haec
399 722 451 777 tua
473 711 656 777 deliberatio
682 732 745 775 non
768 710 842 775 mihi
871 716 1126 775 conventrense
1148 720 1195 776 est
1222 733 1294 775 curu
1316 717 1458 777 oratione
1518 790 1520 798 Α

83 816 88 825 ’
140 809 245 889 Largi.
298 806 352 870 llle
374 811 457 871 enim
479 828 619 881 mecum,
651 807 740 892 quasi
763 805 817 870 tibi
840 826 903 870 non
925 805 1034 870 liceret
1054 805 1086 869 in
1109 805 1213 870 Sicilia
1235 805 1351 870 diutius
1373 828 1483 874 com-a

140 902 273 973 morari,
303 899 347 963 ita
367 900 489 964 locutus
511 909 594 975 erat;
628 910 661 964 tu
683 909 805 972 autem,
829 903 917 983 quasi
939 920 1121 963 concessum
1143 899 1201 973 sit,
1230 903 1272 963 ita
1294 900 1458 965 deliberas.

141 992 203 1057 Sed
217 1013 296 1078 ego,
319 998 384 1058 sive
401 993 460 1058 hoc
472 994 537 1057 sive
552 994 630 1058 illud
644 1004 704 1066 est,
726 998 759 1057 in
775 993 877 1058 Sicilia
893 1014 1005 1058 censeo
1020 992 1287 1057 commorandum.
1329 995 1461 1079 Propin-

142 1091 242 1173 quitas
271 1087 412 1152 locorum
439 1089 488 1153 vel
510 1089 550 1152 ad
578 1088 807 1174 impetrandum
837 1087 962 1152 adiuvat
989 1086 1109 1151 crebris
1137 1087 1249 1151 litteris
1275 1096 1307 1150 et
1326 1087 1460 1162 neutile,

142 1180 192 1245 vel
212 1179 252 1244 ad
282 1181 402 1246 reditus
431 1182 635 1254 celeritatem,
663 1204 698 1246 re
728 1190 781 1246 aut
814 1186 992 1266 impetrata,
1026 1179 1111 1267 qnod
1139 1201 1246 1266 spero,
1283 1190 1337 1245 aut
1358 1182 1459 1267 aliqua

141 1274 262 1338 ratione
295 1274 445 1340 confecta.
510 1274 723 1353 Quamobrem
762 1295 876 1339 censeo
911 1295 1023 1358 magno
1060 1294 1156 1359 opere
1192 1275 1459 1339 commorandum.
1472 1298 1498 1339 n

143 1371 174 1432 3.
195 1372 229 1432 Τ.
250 1367 400 1433 Furfanio
421 1373 585 1443 Postumo,
609 1368 753 1432 familiari
776 1388 862 1441 meo,
884 1368 1056 1454 legatisque
1077 1374 1161 1442 eius,
1183 1367 1259 1431 item
1274 1374 1352 1433 meis
1371 1366 1461 1432 fami-

142 1458 287 1536 liaribus,
309 1461 542 1546 diligentissime
565 1471 594 1526 te
617 1462 859 1536 commendabo,
882 1481 953 1526 cum
968 1466 1128 1540 venerint;
1151 1468 1240 1525 erant
1253 1462 1337 1527 enim
1351 1481 1460 1525 omnes

142 1554 289 1619 Mutinae.
338 1560 405 1620 Viri
433 1565 505 1620 sunt
533 1558 641 1641 optimi
671 1565 702 1620 et
731 1555 776 1621 tui
797 1555 945 1619 similium
977 1555 1107 1620 studiosi
1136 1567 1167 1621 et
1193 1558 1255 1622 mei
1284 1556 1459 1622 necessarii.

143 1648 232 1724 Quae
253 1647 331 1712 mibi
351 1648 476 1713 venient
498 1653 530 1713 in
551 1658 700 1723 mentem,
723 1670 804 1734 quae
826 1648 866 1712 ad
888 1660 918 1714 te
939 1649 1097 1734 pertinere
1117 1648 1311 1724 arbitrabor,
1333 1671 1370 1713 ea
1392 1670 1459 1713 mea

143 1750 253 1826 apeme
275 1741 402 1819 faciam;
434 1742 461 1807 si
482 1743 558 1828 quid
579 1742 747 1827 ignorabo,
785 1742 823 1806 de
846 1763 885 1806 eo
913 1742 1089 1807 admonitus
1110 1749 1249 1809 omnium
1271 1743 1372 1809 studia
1394 1747 1499 1807 vin-n

142 1854 221 1898 cam.
278 1839 346 1920 Ego
374 1835 432 1899 etsi
459 1856 566 1901 coram
594 1836 632 1900 de
658 1847 689 1902 te
717 1856 787 1900 cum
814 1835 962 1900 Furfanio
989 1836 1032 1899 ita
1052 1837 1180 1922 loquar,
1216 1848 1251 1903 ut
1272 1837 1329 1903 tibi
1350 1838 1461 1901 litteris

143 1927 220 1992 meis
242 1926 282 1992 ad
303 1949 376 1993 eum
397 1928 474 1993 nibil
496 1950 576 2015 opus
598 1935 655 2003 sit,
678 1937 798 2004 umen,
821 1929 970 2015 quoniam
988 1935 1048 1994 tuis
1063 1930 1179 2015 placuit
1200 1942 1230 1996 tc
1244 1931 1360 1997 habere
1375 1952 1461 1996 meas

142 2020 276 2094 litteras,
299 2042 376 2108 quas
397 2025 427 2085 ei
448 2021 613 2098 redderes,
636 2044 758 2088 morem
778 2023 816 2088 iis
831 2029 923 2107 gessi.
965 2027 1081 2088 Earum
1095 2025 1268 2090 litterarum
1282 2026 1461 2112 exemplum

143 2114 225 2180 iufra
246 2115 397 2201 scriptum
419 2123 476 2180 est.

614 2244 986 2340 munem)
1470 2289 1499 2329 a

475 2382 517 2443 M.
540 2381 682 2444 CICERO
704 2382 897 2444 FURFANIO
919 2383 1085 2447 PROCOS.
1107 2384 1138 2446 S.

230 2491 259 2554 1.
281 2490 360 2554 Cum
387 2493 422 2554 A.
452 2492 581 2555 Caecina
609 2499 691 2555 tanta
722 2490 799 2555 mibi
824 2491 1017 2556 familiaritas
1049 2493 1305 2580 consuetudoque
1337 2515 1462 2580 semper

144 2581 216 2656 fnit,
243 2590 280 2647 ut
310 2582 394 2646 nulla
420 2587 522 2647 maior
547 2605 617 2647 esse
646 2584 753 2669 possit.
806 2589 881 2648 Nam
904 2594 935 2650 et
955 2594 1044 2671 patre
1066 2584 1151 2661 eius,
1175 2587 1260 2652 claro
1282 2587 1408 2652 bomine
1431 2599 1462 2653 et

144 2673 220 2740 forti
241 2674 328 2747 viro,
363 2675 534 2761 plurimum
553 2677 603 2740 usi
625 2698 748 2753 sumus,
782 2688 814 2742 et
835 2678 917 2743 bunc
946 2699 1101 2764 apuero,
1131 2680 1217 2765 qnod
1238 2690 1269 2745 et
1290 2703 1376 2767 spem
1398 2703 1463 2746 ma-

145 2787 237 2853 gnam
259 2768 335 2832 mihi
356 2767 507 2832 afferebat
534 2790 672 2835 summae
699 2770 863 2856 probitatis
884 2793 1085 2857 summaeque
1107 2773 1303 2859 eloquentiae
1325 2785 1356 2839 et
1376 2775 1499 2843 vive-n

145 2861 198 2928 bat
218 2881 341 2926 mecum
363 2862 611 2927 coniunctissime
633 2885 696 2928 non
719 2865 819 2929 solum
847 2864 956 2928 officiis
978 2865 1128 2930 amicitiae
1160 2866 1329 2931 sedetiam
1352 2868 1461 2933 studiis

146 2953 378 3028 communibus,
406 2957 450 3020 sic
471 2975 597 3041 semper
618 2956 730 3030 dilexi,
758 2958 843 3022 nullo
866 2965 900 3021 ut
921 2979 991 3022 cum
1012 2958 1138 3023 bomine
1160 2960 1356 3025 coniunctius
1376 2962 1461 3026 vive-

146 3069 225 3114 rem.
280 3053 310 3114 2.
346 3049 427 3113 Nihil
453 3049 560 3112 attinet
588 3070 638 3112 me
665 3050 756 3134 plura
784 3049 939 3128 scribere;
972 3073 1064 3137 quam
1087 3053 1162 3117 mibi
1185 3075 1311 3117 necesse
1332 3054 1372 3117 sit
1392 3055 1460 3118 eius

146 3143 276 3208 salutem
299 3152 330 3206 et
350 3142 491 3207 fortunas
512 3140 750 3228 quibuscunque
771 3143 866 3207 rebus
888 3144 1004 3228 possim
1026 3147 1123 3219 tueri,
1157 3146 1252 3212 vides.
1296 3147 1459 3233 Reliquum

147 3244 207 3311 est,
240 3245 289 3309 ut,
312 3257 382 3300 curn
405 3235 567 3319 cognorim
589 3235 730 3320 pluribus
751 3235 860 3311 rebus,
893 3237 969 3322 quid
992 3248 1024 3303 tu
1046 3238 1136 3303 etde
1158 3238 1315 3305 bonorum
1337 3241 1498 3306 fortunaso

147 3339 178 3394 ct
200 3328 238 3394 de
269 3330 316 3394 rei
344 3329 486 3415 publicae
517 3330 742 3395 calamitatibus
770 3331 901 3405 sentias,
939 3331 1013 3395 nibil
1040 3353 1057 3395 a
1086 3341 1116 3397 te
1138 3342 1257 3418 petam,
1286 3333 1345 3396 nisi
1367 3341 1402 3399 ut
1421 3334 1459 3397 ad

147 3442 217 3487 eam
237 3423 445 3497 voluntatem,
481 3444 575 3509 quam
598 3432 649 3488 tua
671 3433 780 3509 sponte
803 3446 877 3508 erga
903 3425 1065 3489 Caecinam
1085 3425 1248 3491 habiturus
1270 3448 1323 3502 cs,
1360 3436 1461 3493 tantus

147 3517 289 3581 cumulus
315 3516 442 3581 accedat
475 3515 743 3581 commendatione
779 3538 864 3592 mea,
894 3522 1000 3604 quanti
1027 3539 1078 3582 me
1105 3540 1123 3583 a
1156 3530 1186 3585 te
1214 3519 1285 3586 fieri
1312 3521 1460 3607 intelligo.

148 3611 216 3674 Hoc
235 3608 313 3674 milri
333 3609 450 3694 gratius
470 3609 575 3674 facere
596 3610 672 3675 nibil
691 3619 792 3696 potos.

630 3750 980 3834 emnem)
1469 3790 1498 3830 ω

565 3866 1043 3931 ummfflmmms

233 3986 262 4048 1.
283 3986 366 4068 Ego,
393 3983 500 4071 quami
529 3992 560 4048 te
585 3983 696 4048 faciam
723 4005 908 4070 semperque
936 3986 1063 4050 fecerim
1104 3989 1271 4075 quantique
1302 4010 1352 4055 me
1380 4012 1398 4056 a
1429 3999 1460 4055 te

148 4074 216 4142 lieri
233 4075 461 4151 intellexerim,
484 4098 553 4141 sum
575 4077 651 4142 mihi
672 4078 740 4163 ipse
763 4078 857 4143 testis.
899 4084 976 4144 Nam
1002 4089 1034 4144 et
1054 4082 1218 4146 consilium
1240 4093 1326 4148 tuum
1347 4121 1389 4132 -
1410 4084 1459 4149 vel

149 4188 238 4235 casus
257 4171 362 4255 potius
383 4205 424 4216 —-
445 4169 561 4236 diutius
586 4171 619 4236 in
641 4170 735 4235 armis
756 4169 898 4236 civilibus
920 4174 1133 4239 commorandi
1155 4197 1279 4261 semper
1300 4176 1376 4240 mibi
1396 4197 1461 4240 ma-

149 4282 211 4343 gno
233 4262 336 4328 dolori
358 4263 431 4337 fuit,
454 4271 485 4327 et
505 4264 555 4328 hic
576 4274 720 4337 eventus,
743 4264 829 4350 quod
850 4264 976 4341 tardius,
999 4288 1092 4353 quam
1106 4277 1153 4332 est
1167 4290 1301 4355 aequum
1316 4280 1348 4334 et
1366 4291 1496 4356 quamn

216 4481 244 4532 3.
263 4496 300 4532 un
316 4489 347 4531 ut
364 4481 409 4532 tt:
439 4497 475 4532 cn
492 4483 523 4532 li.
543 4505 575 4517 -
609 4482 636 4532 8.
656 4483 766 4532 adiuvet
785 4482 826 4532 bl:
851 4485 987 4533 adiuvabit
1006 4484 1036 4533 E.
1057 4511 1085 4521 -
1123 4485 1150 4535 9.
1168 4486 1309 4548 impetratu
1328 4493 1375 4536 cut
1392 4489 1460 4551 quod

148 4550 229 4600 1.-
250 4552 293 4601 11.
314 4552 358 4601 18.
376 4552 420 4601 21.
441 4553 567 4612 Furfanio
584 4552 642 4601 Vb:
662 4553 779 4615 Furfano
797 4551 856 4603 ME.
869 4580 896 4589 -
919 4555 962 4603 18.
981 4556 1013 4603 iis
1031 4556 1054 4605 N
1063 4569 1070 4603 a
1094 4556 1132 4605 bia
1151 4555 1210 4605 ΜΕ.
1232 4580 1262 4591 -
1281 4557 1325 4606 nt.
1344 4558 1385 4605 uri
1402 4571 1457 4608 om.

149 4621 187 4672 11.
207 4644 237 4655 -
275 4621 320 4670 27.
347 4621 420 4670 nullo
444 4629 474 4672 ut
492 4623 556 4672 Cod.
583 4623 757 4672 'laurinensis
785 4624 989 4686 antiquissimus
1007 4625 1149 4689 Peyrouis:
1176 4634 1206 4676 ut
1223 4627 1348 4676 nonnullo
1367 4626 1410 4680 Μ,
1429 4633 1459 4675 ut

148 4704 202 4739 non
218 4690 272 4740 ulio
290 4691 320 4741 li.
352 4714 386 4725 -
422 4691 466 4741 28.
485 4705 581 4742 neccsse
599 4700 636 4744 eu
654 4692 691 4743 Μ.
725 4716 754 4727 -
791 4693 834 4742 29.
854 4692 935 4757 otuu]
959 4696 1032 4744 utder
1051 4695 1088 4746 Μ.
1120 4719 1153 4731 -
1189 4696 1232 4746 31.
1252 4698 1349 4746 sentina
1367 4696 1460 4745 Tauri·

150 4761 261 4809 nensis:
286 4762 394 4810 sentires
412 4760 471 4812 ME.
502 4786 533 4797 -
569 4761 613 4811 32.
633 4775 658 4810 cs
684 4762 878 4813 Taurinensis:
907 4778 970 4814 cuci
988 4765 1047 4814 ME.
1078 4789 1111 4802 -
1146 4765 1190 4816 36.
1216 4766 1341 4816 Trebonio
1360 4766 1459 4826 Taun,

151 4829 279 4881 limonio
309 4830 432 4881 Ursinus.
461 4857 492 4866 -
530 4831 575 4881 37.
604 4834 746 4896 quantique
773 4833 963 4885 Tauriuensis:
990 4835 1084 4898 quenti
1109 4835 1169 4885 lllli.

231 4927 393 4969 mamam
1231 4902 1251 4962 7
