3256 5400
661 247 736 311 Lm.
756 246 796 309 X.
830 246 891 309 ΕΡ.
914 247 942 308 1.
1390 249 1450 314 587

140 406 214 471 Eius
235 405 332 489 igitar
360 402 436 468 mihi
467 402 545 468 vivit
572 402 755 480 auctoritem
793 411 824 467 et
855 400 1028 466 simillimus
1060 402 1128 467 ains
1155 402 1236 468 lilim
1264 402 1378 470 eodem
1405 416 1452 472 ast

139 499 220 583 apud
242 519 292 563 mo
313 496 473 582 pondere,
502 516 565 583 quo
587 496 646 562 luit
666 497 737 576 illc;
769 516 863 581 quem
885 495 1006 559 salvere
1027 495 1120 561 velim
1142 496 1250 562 iubeas
1271 498 1451 584 plurimum.

139 598 169 656 2.
198 597 244 656 Tu
273 601 359 656 tunm
387 591 550 656 consilium
580 596 637 656 etsi
668 611 730 655 non
758 589 790 654 in
821 589 1025 675 longinquum
1051 598 1174 676 lampas
1199 591 1305 657 dillers
1326 630 1368 640 —
1389 593 1452 658 iam

140 685 223 751 enim
255 685 341 750 illum
371 693 507 770 emptum
538 684 766 771 pacificatorem
800 702 965 768 perorasse
993 692 1089 768 pnto,
1123 684 1185 748 iam
1210 695 1312 751 actum
1333 686 1452 773 aliquid

140 801 209 844 esse
230 780 263 844 in
284 800 433 844 consessu
461 789 655 857 senatorum3
679 815 720 824 -
741 787 880 842 senatum
903 775 985 840 enim
1008 798 1071 841 non
1092 787 1188 864 pnta;
1212 813 1250 825 -
1278 789 1380 847 lamen
1401 801 1475 846 ιιι-ι

140 895 284 959 spensam
302 875 440 954 †mcum
463 874 501 939 de
523 886 630 950 tcnes;
652 871 707 937 sed
728 893 767 936 co
788 870 913 944 minus,
934 869 1019 956 quod
1041 892 1104 936 non
1122 872 1250 946 dubito,
1273 873 1453 960 quidnobis

141 968 294 1053 egelidum
316 976 417 1053 pules.
471 967 553 1045 Quid
576 968 659 1032 enim
679 965 786 1031 Flavio
808 963 964 1048 legionem
986 973 1018 1028 et
1038 964 1173 1030 Siciliam
1196 967 1264 1032 dari
1284 967 1402 1034 scribas
1422 978 1454 1034 ct

141 1063 173 1127 id
195 1062 258 1125 iam
280 1059 373 1125 licril
407 1082 486 1148 quae
509 1070 542 1125 ln
563 1060 680 1125 scelera
701 1060 814 1145 partim
836 1059 940 1144 parari
961 1058 1023 1123 iam
1046 1069 1077 1123 et
1097 1060 1249 1146 cogitari,
1278 1063 1391 1147 partim
1414 1083 1455 1128 ex

142 1167 282 1239 tompore
303 1153 409 1219 lutura
431 1175 548 1219 censes.
572 1187 609 1200 -
638 1157 705 1238 Ego
727 1173 803 1218 vero
826 1152 968 1224 Solonis,
993 1153 1153 1238 popularis
1175 1154 1236 1229 tui,
1259 1191 1299 1201 —
1323 1165 1358 1221 nt
1378 1164 1455 1240 puto

142 1249 234 1313 ctiam
258 1248 318 1311 mei
340 1285 379 1294 -
403 1248 503 1333 legem
526 1248 694 1333 negligam,
718 1247 772 1332 qui
794 1247 894 1332 capite
916 1246 1027 1319 sanxit,
1049 1246 1075 1311 si
1097 1248 1198 1333 quiin
1219 1248 1370 1314 seditione
1392 1270 1492 1314 nonu

142 1342 270 1406 alterius
292 1343 392 1406 utrius
414 1342 509 1426 partis
531 1342 641 1406 luisset
661 1377 699 1388 -
723 1341 783 1406 nisi
805 1341 885 1406 situ
907 1340 999 1405 aliter
1019 1360 1127 1406 censes
1148 1376 1189 1388 -
1210 1351 1242 1407 et
1263 1340 1333 1406 hinc
1358 1341 1455 1409 abero

142 1446 174 1499 et
195 1435 281 1499 illim.
339 1434 399 1499 Sed
421 1434 552 1500 alterum
575 1434 651 1498 mini
673 1443 720 1499 est
741 1434 870 1511 certius3
903 1455 960 1498 nec
981 1434 1170 1520 praecipiam
1193 1444 1310 1501 lamen:
1341 1457 1454 1522 exspe-

142 1528 233 1594 ctabo
264 1538 352 1593 tuum
383 1528 545 1592 consilinm
579 1536 610 1592 ct
642 1548 695 1592 eas
724 1527 862 1599 litteras,
894 1526 954 1591 nisi
992 1527 1067 1591 alias
1102 1527 1162 1591 iam
1198 1528 1327 1604 dedisti,
1361 1549 1452 1614 quas,

143 1621 269 1706 scripsi,
292 1628 326 1684 nt
349 1620 529 1705 Cephalioni
550 1620 651 1685 dares.
694 1625 723 1688 3.
746 1619 838 1698 Quod
861 1618 988 1694 scribis,
1016 1641 1078 1685 non
1101 1643 1164 1707 quo
1186 1622 1328 1688 alicunde
1348 1621 1456 1687 audie·

142 1715 202 1788 ris,
241 1713 296 1778 scd
326 1724 355 1779 le
384 1713 485 1798 ipsum
515 1723 624 1800 putare
654 1735 704 1778 me
736 1722 899 1779 attractum
921 1713 976 1787 iri,
1008 1718 1035 1779 si
1057 1714 1095 1779 de
1117 1735 1193 1799 pace
1215 1726 1340 1800 agatur,
1377 1713 1456 1780 mihi
1468 1737 1493 1776 u

144 1813 271 1873 omnino
293 1829 355 1872 non
377 1808 461 1874 venit
483 1807 515 1872 in
537 1820 685 1883 mentem,
720 1830 801 1895 qnae
822 1808 920 1894 possit
941 1807 1022 1873 actio
1045 1829 1113 1873 esse
1135 1808 1174 1873 de
1196 1830 1287 1893 pace,
1318 1829 1389 1872 cum
1409 1808 1456 1874 illi

143 1901 350 1966 certissimum
378 1900 433 1975 sit,
465 1903 491 1967 si
513 1902 626 1989 possit,
661 1901 838 1988 exspoliare
860 1903 1001 1968 exercitu
1022 1911 1053 1967 et
1074 1902 1236 1987 provincia
1257 1901 1455 1988 Pompeium3

144 1995 203 2061 nisi
225 1995 307 2060 loric
330 1996 387 2059 iste
408 1996 601 2061 nummarius
623 1995 652 2060 ei
673 2005 776 2083 potest
795 1997 1003 2082 persuadere,
1040 2004 1091 2071 ut,
1127 1995 1202 2061 dum
1221 2005 1363 2061 oratores
1386 2003 1457 2060 eant

144 2089 282 2164 redeant,
304 2088 452 2173 quiescat.
494 2088 574 2154 Nihil
597 2089 709 2162 video,
743 2090 828 2175 quod
849 2111 970 2176 sperem
994 2102 1047 2156 aut
1068 2089 1153 2176 quod
1175 2090 1237 2154 iam
1259 2101 1364 2177 putem
1387 2088 1457 2155 lieri

144 2204 246 2269 posse.
299 2181 389 2256 „Sed
418 2193 520 2248 tamen
548 2182 682 2248 hominis
710 2182 770 2248 hoc
797 2183 899 2269 ipsum
931 2182 1025 2269 probi
1055 2188 1129 2249 est.’'
1171 2188 1316 2268 Magnum
1347 2193 1396 2250 est
1426 2194 1495 2251 etro

145 2281 207 2342 τῶν
228 2277 483 2341 πολιτικωτάτων
515 2276 725 2360 σκεμμάτων,
759 2274 985 2341 veniendumne
1015 2274 1056 2341 sil
1072 2277 1110 2342 'in
1133 2277 1297 2342 eonsilium
1320 2277 1457 2365 tyranni,

145 2371 172 2436 si
190 2371 216 2435 is
238 2370 340 2457 aliqua
362 2369 401 2434 de
423 2391 458 2434 ra
480 2369 562 2434 bona
583 2368 812 2435 deliberaturus
834 2369 883 2434 sit
927 2373 1043 2448 Quare,
1064 2370 1092 2435 si
1113 2370 1188 2456 quid
1210 2370 1364 2436 eiusmodi
1385 2392 1458 2437 evc-

146 2463 242 2538 nerit,
272 2474 306 2528 nt
326 2484 520 2528 arcessamur
542 2499 576 2509 -
603 2463 689 2549 qnod
710 2463 854 2550 equidem
876 2484 939 2529 non
961 2485 1058 2543 ουτος
1092 2465 1168 2551 quid
1190 2465 1272 2530 enim
1295 2461 1395 2531 essem
1417 2464 1458 2530 da

145 2577 220 2642 pace
243 2555 397 2630 dicturus,
420 2556 506 2635 dixi;
535 2556 602 2641 ipso
624 2556 713 2622 valde
735 2556 913 2643 repudiavit
933 2579 990 2622 -ι
1014 2555 1070 2621 sed
1091 2567 1211 2633 tamem
1234 2560 1261 2624 si
1282 2559 1357 2646 quid
1378 2558 1459 2624 acci·

146 2651 242 2725 derit,
280 2650 355 2736 quid
376 2671 502 2714 censeas
524 2648 600 2715 mihi
621 2649 817 2726 laciendum,
850 2649 960 2736 utiquc
982 2648 1121 2716 scribito.
1173 2650 1256 2716 Nihil
1277 2652 1360 2716 enim
1381 2650 1495 2716 mihim

145 2743 247 2808 adhuc
267 2744 397 2818 accidit,
427 2742 512 2829 quod
532 2743 660 2809 maioris
681 2744 804 2810 consilii
825 2754 916 2809 esset.
959 2741 1110 2818 Trebatii,
1137 2742 1214 2809 boni
1236 2743 1297 2810 viri
1317 2753 1350 2808 et
1369 2743 1458 2820 civia,

146 2836 251 2901 verbis
279 2847 308 2900 te
340 2836 461 2921 gaudeo
489 2836 690 2915 delectatum
724 2848 839 2923 tneque
870 2836 928 2902 ista
958 2835 1069 2901 crebra
1091 2835 1290 2918 ἐκφωνησις,
1326 2839 1457 2915 ὑπέρευ,

146 2952 196 2995 mc
217 2931 282 2996 sola
303 2931 403 2996 adhuc
425 2931 597 2996 delectavit.
639 2932 772 2997 Litteras
792 2940 860 2997 luas
883 2930 1084 2996 vehementer
1104 2939 1269 3017 exspecto,
1291 2951 1368 3015 quas
1389 2929 1460 3016 qui·

147 3024 217 3089 dom
251 3024 345 3090 credo
372 3024 434 3089 iam
455 3024 541 3089 datas
562 3046 641 3090 esse.
696 3030 727 3090 l.
750 3031 797 3092 Tu
817 3044 888 3090 cnm
911 3027 1007 3089 Sexto
1029 3024 1160 3089 servasti
1182 3023 1364 3109 gravitatem
1386 3042 1460 3087 can·

147 3117 235 3195 dem,
257 3140 350 3204 quam
371 3118 446 3183 mihi
467 3119 630 3205 praecipis.
674 3119 764 3185 Celer
785 3128 857 3183 tuus
877 3117 1011 3183 disertus
1033 3117 1131 3203 magis
1152 3127 1200 3182 est
1213 3138 1307 3202 quam
1323 3122 1496 3203 sapieneu

217 3320 243 3369 1.
261 3318 386 3368 similibus
405 3332 445 3381 pr.
464 3318 507 3377 Μ,
526 3319 662 3368 rimilimue
681 3332 751 3368 corr.
772 3317 809 3368 Μ.
840 3344 871 3354 -
908 3317 934 3367 1.
955 3311 1038 3378 mum]
1057 3322 1102 3367 tuo
1119 3317 1148 3364 in
1166 3328 1205 3379 pr.
1226 3316 1264 3367 Μ.
1292 3339 1323 3352 -
1360 3315 1460 3382 loupia-

147 3387 235 3452 quum]
266 3388 370 3452 imapum
395 3402 452 3437 eum
480 3387 523 3448 Μ,
551 3389 656 3452 inopum
686 3388 731 3438 111.
770 3386 960 3449 (Emendatnm
979 3387 1006 3435 in
1032 3383 1094 3448 Vb.)
1127 3409 1159 3419 -
1195 3386 1221 3436 5.
1241 3399 1365 3436 comeum
1383 3386 1407 3437 1.
1428 3406 1459 3421 -

147 3459 175 3509 d.
194 3474 276 3508 meum
294 3459 324 3508 de
342 3465 410 3508 temer
427 3457 491 3507 XY:
522 3472 604 3508 meum
620 3458 718 3508 detiaee
738 3458 799 3517 MR,
839 3470 879 3506 me
897 3457 993 3506 detineo
1019 3455 1049 3514 1,
1075 3469 1115 3505 ινιτ
1142 3462 1210 3506 tener
1237 3455 1393 3516 Erneetine,
1420 3469 1461 3507 me

148 3529 207 3579 iude
229 3536 297 3578 temer
322 3529 425 3576 nasius.
461 3526 571 3578 Malim:
609 3526 957 3577 mevotdeteuee.01.-
993 3526 1019 3574 7.
1044 3525 1118 3588 Quod
1135 3528 1202 3574 emim
1221 3525 1313 3576 Flauio
1332 3527 1360 3585 l,
1393 3525 1461 3588 outa

148 3598 314 3647 autolicum
334 3599 424 3646 Flavio
442 3597 599 3646 Schuetzius
618 3598 644 3646 ln
664 3598 712 3646 Ed.
732 3599 795 3645 mai.
830 3621 858 3631 -
896 3593 1077 3645 11111111.-
1113 3593 1139 3643 8.
1159 3598 1254 3645 iamet
1274 3597 1460 3645 ulmetium
1529 3622 1539 3647 ι

150 3668 192 3718 lli·
215 3693 245 3704 -
264 3670 290 3718 o.
309 3676 334 3717 et
351 3676 380 3717 ut
399 3669 422 3717 1.
442 3669 564 3730 (Recepit
581 3664 760 3728 Schnetriua.)
779 3691 810 3702 -
839 3667 882 3716 10.
901 3661 990 3728 etiam]
1009 3665 1119 3714 mmiam
1135 3671 1245 3715 anctore
1263 3665 1286 3714 l.
1305 3666 1335 3716 F.
1354 3664 1462 3716 Grono-

150 3740 194 3788 vio
213 3738 378 3787 Schuetzine.
416 3738 527 3787 Malim:
552 3744 592 3798 et,
625 3745 654 3787 ut
679 3744 763 3800 puto,
790 3738 852 3786 iam·
878 3735 929 3786 01.
953 3758 980 3769 -·
1017 3731 1155 3798 aeplipam]
1182 3749 1227 3785 mee
1252 3734 1336 3799 lepam
1358 3734 1396 3788 Μ.
1426 3760 1460 3770 -

148 3809 291 3872 siquitem
309 3809 330 3856 Ι.
352 3831 383 3842 -
421 3809 463 3857 11.
491 3807 744 3857 alternatum·
779 3808 832 3855 aiei
848 3807 871 3854 ei
889 3813 917 3855 tu
934 3804 1085 3854 Victorino:
1103 3807 1156 3854 aiei
1173 3807 1226 3855 ritu
1243 3818 1284 3867 pr.
1303 3804 1349 3863 Μ.
1368 3807 1421 3855 olei
1437 3806 1462 3856 ei

150 3891 220 3927 corr.
248 3877 293 3937 Μ,
322 3879 375 3926 oiri
400 3884 428 3926 tu
459 3877 525 3926 11111.
559 3900 587 3912 -
625 3877 668 3927 m.
694 3877 761 3926 illim
787 3875 919 3925 Orelline:
952 3875 1000 3939 filii
1025 3874 1120 3925 1111111.
1153 3900 1181 3911 -
1217 3875 1379 3938 praecipiam
1403 3876 1461 3926 iel

151 3948 324 3997 Schuetzine:
354 3949 518 4009 praeripiam
544 3947 626 3997 Μ1111.
659 3972 685 3982 -
726 3947 768 3997 lt.
789 3945 930 4008 Cephalomi
952 3944 1028 3994 Μ111.
1055 3968 1089 3977 -
1126 3941 1210 4008 Quod]
1229 3957 1292 4008 quae
1311 3958 1350 4006 pr.
1370 3944 1408 3994 Μ.
1428 3967 1459 3981 -

151 4019 255 4067 aliunde
274 4018 294 4066 1.
324 4041 352 4053 ·-
391 4017 434 4066 15.
461 4031 500 4067 me
518 4017 553 4066 ad
575 4023 688 4067 tractum
705 4017 743 4067 Μ.
774 4038 804 4051 -
840 4017 894 4075 iri,
924 4010 1027 4077 eilalei
1045 4028 1086 4076 pr.
1104 4014 1142 4065 Μ.
1164 4039 1194 4050 -
1228 4011 1302 4076 pace]
1321 4029 1353 4064 ea
1371 4028 1400 4064 re
1418 4027 1460 4078 pr.

151 4086 188 4138 Μ.
209 4110 239 4123 -
259 4087 301 4136 lo.
320 4100 374 4135 moa
391 4100 445 4136 om.
466 4088 497 4136 n.
523 4113 554 4123 -
593 4088 634 4136 17.
653 4088 688 4136 eit
705 4099 757 4136 rese
771 4098 846 4148 poete
863 4085 1008 4148 exspoliare
1025 4084 1063 4144 11,
1083 4085 1118 4134 eit
1134 4096 1160 4133 ee
1175 4096 1251 4146 poree
1273 4085 1419 4147 exepoliare
1436 4085 1460 4136 1.

152 4181 182 4192 -
202 4158 340 4207 exercitum
356 4162 380 4207 et
397 4158 559 4218 prouinciam
576 4156 627 4206 ΜΙ.
656 4180 687 4192 -
724 4157 767 4206 18.
785 4158 947 4205 nummarius
969 4154 1124 4205 Menullae:
1148 4155 1299 4204 rummeriue
1323 4155 1363 4215 1,
1393 4151 1462 4205 eum

150 4229 249 4277 mariue
267 4227 347 4285 Mill,
378 4225 532 4282 Summanus
549 4226 604 4275 lac.
624 4225 760 4278 Gronorlo
778 4232 888 4275 anctore
907 4224 939 4274 11.
970 4249 998 4260 -
1037 4220 1069 4286 ei]
1094 4231 1118 4273 et
1136 4222 1174 4273 Μ.
1196 4249 1224 4260 -
1262 4232 1323 4274 eom
1353 4226 1461 4277 redeam

152 4298 217 4348 cod.
247 4299 293 4352 (ti
324 4296 430 4345 Umlnia
458 4303 580 4356 cantem,
609 4297 714 4345 rideant
730 4295 814 4355 111111,
842 4302 902 4345 eant
920 4301 945 4344 et
967 4295 1075 4343 redeam
1098 4293 1230 4343 Beroaldo
1248 4301 1359 4346 anctore
1378 4296 1408 4345 11.
1429 4320 1457 4332 -

152 4368 194 4417 19.
213 4368 343 4430 quieseant
355 4365 399 4416 111.
418 4390 453 4401 -
471 4363 550 4427 iiiiii]
570 4366 627 4416 Ilici
643 4366 674 4415 11.
697 4391 727 4400 -
747 4360 897 4430 quodiam]
920 4364 1048 4428 quiddam
1062 4363 1135 4415 Μ111.
1156 4361 1241 4424 (Corr-
1256 4363 1415 4427 Manutius.)
1431 4386 1458 4399 -

151 4438 195 4486 20.
215 4431 311 4496 tomen]
338 4443 393 4485 tam
422 4436 482 4487 Μ11.
513 4460 539 4469 -
575 4436 653 4498 prodi
678 4442 724 4484 eet.
761 4435 888 4499 diapolim
905 4440 942 4483 est
960 4440 984 4483 et
1004 4432 1060 4483 τῶν
1078 4430 1309 4484 πολιτικωτάτων
1327 4430 1461 4499 σκεμμά-

152 4522 209 4557 των
233 4505 363 4555 Orelline:
390 4507 466 4568 proli
492 4512 528 4554 eet
555 4513 580 4555 et
602 4507 718 4568 mapium
743 4506 803 4559 (nic)
822 4506 868 4554 det
887 4503 944 4555 τῶν
969 4501 1122 4553 πολιτικῶν
1141 4500 1204 4564 (sic)
1222 4502 1400 4568 σκεμμάτων
1418 4503 1460 4564 Y,

150 4576 227 4639 proli
239 4583 276 4624 eet
285 4589 406 4639 mapuum
418 4578 452 4625 rit
466 4575 523 4625 τῶν
535 4572 769 4625 πολιτικωτάτων
778 4576 934 4639 σκέμματα
947 4572 1006 4628 Mil,
1024 4571 1101 4636 proli
1113 4579 1150 4621 ert
1164 4579 1188 4622 et
1200 4585 1323 4638 acapnum
1334 4576 1368 4622 eit
1381 4573 1462 4622 Grae·

153 4647 191 4694 cie
219 4646 325 4693 amicale
354 4646 382 4704 1,
411 4646 487 4706 proli
516 4652 541 4695 et
568 4659 692 4708 mapuum
721 4643 779 4695 τῶν
804 4642 1037 4694 πολιτικωτάτων
1063 4638 1239 4707 σκεμμάτων
1257 4655 1288 4692 er
1307 4650 1381 4704 parte
1400 4655 1462 4692 cnm

154 4716 270 4765 Victoria
288 4716 318 4764 E.
349 4736 378 4750 -
413 4716 457 4764 22.
483 4715 583 4779 aliquid
601 4716 633 4765 11.
661 4737 688 4747 -
724 4714 927 4764 deliberaturum
944 4713 976 4761 11.
1004 4736 1031 4747 -
1071 4711 1115 4760 25.
1134 4709 1206 4774 quid]
1226 4714 1293 4775 quod
1312 4713 1342 4762 ll.
1363 4737 1391 4749 -
1411 4714 1463 4762 uti·

152 4782 209 4849 φιτ]
237 4787 328 4848 ltaque
346 4798 386 4847 pr.
414 4783 451 4833 Μ.
483 4811 514 4821 -
549 4785 592 4834 11.
612 4785 695 4834 uerbis
713 4798 767 4833 om.
788 4798 829 4848 pr.
848 4784 885 4833 Μ.
905 4807 934 4819 -
972 4788 1050 4844 taque
1067 4779 1105 4830 Μ.
1133 4805 1165 4815 -
1202 4774 1318 4853 ὑπέρου]
1336 4781 1463 4834 lunum

153 4857 198 4911 Μ.
219 4870 315 4923 rapace
334 4855 355 4904 11
373 4860 399 4904 et
416 4868 471 4916 mg.
489 4855 527 4905 Μ.
563 4855 695 4913 (Correxit
714 4854 872 4912 Corradus.)
893 4876 918 4885 -
956 4851 1000 4900 28.
1020 4849 1156 4900 mketaiit
1173 4851 1203 4900 11.
