3256 5400
179 199 241 262 310
629 195 688 258 ΕΡ.
709 195 762 257 ΑΙ)
786 195 824 270 Q.
846 194 1032 259 FRATREM

178 355 244 421 suis
266 351 462 429 deferebant;
498 348 613 437 quibus
638 350 683 416 illi
704 351 831 438 quidem
852 371 916 416 non
944 349 1043 416 multo
1068 368 1158 415 secus
1180 369 1217 415 ac
1237 352 1337 416 servis
1362 353 1497 438 impera·

179 449 262 514 bant.
312 449 357 513 Sit
384 447 476 511 lictor
497 466 560 511 non
581 467 656 513 suae
677 448 732 513 sed
752 455 822 510 tuae
840 445 975 510 lenitatis
996 443 1173 529 apparitor;
1203 444 1385 533 maioraque
1407 468 1500 534 prae-

178 545 278 609 ferant
306 542 405 607 fasces
432 540 477 604 illi
510 561 546 605 ac
577 561 703 606 secures
733 538 891 623 dignitatis
922 538 1055 623 imignia
1088 558 1182 624 quam
1213 544 1385 626 potestatis.
1427 540 1499 606 Toti

178 639 312 723 denique
333 636 373 701 sit
394 633 575 721 provinciae
596 635 754 720 cognitum
777 633 833 697 tibi
853 632 1010 707 omnium,
1044 633 1158 719 quibus
1178 634 1317 721 praesis,
1346 636 1499 708 salutem,

154 730 312 802 oliberes,
335 729 464 804 famam,
488 729 628 793 fortunas
647 748 716 793 esse
736 726 922 792 carissimas.
963 728 1108 814 Denique
1129 727 1206 792 baec
1228 728 1336 813 opinio
1358 730 1408 802 sit,
1434 750 1499 793 uon

178 825 274 890 modo
296 824 353 897 iis,
380 824 435 911 qui
457 822 577 909 aliquid
599 822 790 907 acceperint,
818 819 874 885 sed
894 820 933 885 iis
955 823 1065 895 etiam,
1087 823 1142 908 qui
1164 821 1323 896 dederint,
1346 832 1376 887 te
1397 822 1500 888 inimi·

178 939 265 992 curn,
288 918 315 982 si
337 917 370 983 id
391 917 596 1001 cognoveris,
619 915 769 983 futurum.
811 920 918 1000 Neque
935 936 1014 979 vero
1036 915 1202 1002 qaisquam
1224 914 1324 988 dabit,
1347 937 1418 981 euru
1440 916 1501 981 erit

178 1011 238 1076 boc
251 1019 458 1098 perspectum,
481 1011 556 1075 nibil
578 1032 636 1096 per
651 1032 716 1084 eos,
739 1010 793 1096 qui
809 1009 955 1074 simulant
969 1031 1002 1074 se
1017 1010 1099 1095 apud
1121 1020 1151 1074 te
1166 1010 1296 1075 multum
1313 1031 1423 1096 posse,
1444 1008 1501 1075 abs

179 1115 209 1171 te
231 1106 334 1170 solere
363 1105 536 1191 impetrari.
592 1109 640 1168 tt.
662 1110 725 1168 Nec
746 1115 848 1170 tamen
877 1103 955 1168 baec
976 1105 1079 1169 oratio
1104 1125 1175 1169 mea
1199 1113 1246 1169 est
1273 1103 1444 1178 eiusmodi,
1466 1113 1502 1169 ut

143 1214 167 1256 ¹⁰
179 1209 210 1265 te
233 1199 264 1263 in
290 1208 362 1264 tuos
387 1207 441 1264 aut
466 1198 579 1263 durum
600 1220 668 1262 esse
683 1199 813 1263 nimium
837 1207 891 1262 aut
912 1198 1119 1283 suspiciosum
1134 1198 1239 1262 velim.
1280 1202 1356 1261 Nam
1381 1199 1501 1285 siquis

178 1302 226 1357 est
254 1313 383 1365 eorum,
416 1294 469 1379 qui
499 1293 555 1358 tibi
587 1291 705 1357 biennii
729 1293 830 1378 spatio
864 1313 1021 1378 nunquam
1049 1291 1081 1355 in
1102 1292 1313 1377 suspicionem
1347 1292 1499 1357 avaritiae

180 1388 301 1453 venerit
327 1423 362 1434 -
385 1397 419 1452 ut
449 1409 509 1471 ego
530 1387 674 1453 Caesium
702 1396 733 1450 et
760 1385 970 1471 Chaerippum
995 1394 1027 1450 et
1058 1382 1238 1450 Labeonem
1263 1395 1294 1450 et
1325 1385 1420 1451 audio
1449 1396 1500 1461 et,

179 1485 252 1566 quia
273 1483 421 1564 cognovi,
452 1481 597 1545 existimo
621 1521 677 1555 —,
708 1479 785 1544 nibil
815 1488 877 1553 est,
909 1479 994 1563 quod
1017 1501 1081 1545 nou
1108 1490 1139 1545 et
1162 1479 1201 1543 iis
1237 1488 1268 1543 et
1299 1478 1326 1543 si
1354 1479 1426 1565 quis
1455 1490 1503 1545 est

180 1574 258 1638 alius
287 1573 515 1639 eiusdemmodi
537 1585 568 1639 et
595 1574 745 1639 committi
770 1584 801 1638 et
824 1572 909 1636 credi
941 1574 1114 1638 rectissime
1135 1582 1252 1658 putem.
1296 1571 1357 1636 Sed
1378 1573 1404 1637 si
1430 1574 1502 1660 quis

145 1675 243 1739 nest,
265 1666 298 1730 in
316 1689 380 1753 quo
401 1667 462 1731 iarn
479 1667 667 1742 offenderis,
690 1668 729 1732 de
747 1688 812 1753 quo
830 1666 949 1750 aliquid
963 1672 1113 1745 senseris3
1136 1665 1210 1731 buia
1224 1666 1300 1730 nihil
1316 1666 1501 1742 credideris,

180 1760 296 1825 nullam
319 1771 438 1846 partem
461 1761 699 1826 existimationis
721 1770 792 1824 tuae
814 1760 1019 1825 commiseris.

264 1860 301 1918 V.
326 1861 375 1919 ¹5.
398 1859 431 1918 ln
450 1855 611 1940 provincia
633 1876 710 1919 vero
724 1854 808 1940 ipsa,
831 1854 858 1917 si
879 1875 973 1939 quem
991 1875 1025 1918 es
1047 1863 1168 1927 nactus,
1191 1853 1293 1940 quiin
1313 1855 1503 1920 tuamfami-

179 1946 343 2012 liaritalem
367 1948 489 2032 penitus
511 1947 651 2022 intravit,
681 1949 734 2035 qui
760 1947 851 2013 uobis
882 1960 952 2014 ante
974 1947 1069 2013 fuerit
1095 1948 1235 2032 ignotus;
1258 1948 1329 2013 buic
1350 1960 1502 2036 quantum

180 2041 371 2106 credendum
393 2041 446 2116 sit,
470 2041 555 2107 vide:
579 2063 642 2106 nou
663 2047 739 2128 quin
753 2041 874 2123 possint
893 2042 983 2107 multi
1003 2062 1073 2107 esse
1089 2041 1298 2129 provinciales
1324 2043 1386 2108 viri
1409 2042 1502 2118 boni;

142 2134 235 2200 *laed
254 2134 314 2199 boc
333 2155 461 2220 sperare
482 2135 572 2208 licet,
605 2134 744 2200 iudicare
764 2136 977 2222 periculosum
997 2145 1054 2201 est
1097 2137 1201 2202 Multis
1226 2137 1309 2201 euim
1328 2134 1503 2200 simulatio·

178 2249 252 2292 uum
274 2228 444 2293 involucris
464 2228 580 2313 tegitur
602 2237 634 2293 et
654 2229 743 2315 quasi
764 2230 841 2294 velis
861 2228 1049 2315 quibusdam
1073 2229 1256 2295 obtenditur
1280 2233 1372 2294 unius
1398 2227 1503 2292 cuius·

179 2343 241 2408 que
263 2331 394 2398 nutura;
417 2321 518 2395 frons,
542 2322 645 2396 oculi,
675 2323 779 2388 vultus
805 2342 956 2408 persaepe
981 2321 1187 2398 mentiuntur,
1210 2324 1313 2389 oratio
1332 2343 1410 2387 vero
1435 2343 1504 2385 sae-

180 2415 318 2501 pissime.
362 2414 592 2492 Quamobrem,
615 2416 670 2503 qui
691 2428 782 2502 potes
803 2417 947 2502 reperire
966 2439 1007 2482 ex
1030 2439 1069 2482 eo
1096 2438 1212 2502 genere
1234 2416 1415 2488 bominum,
1447 2413 1504 2500 qui

180 2509 330 2595 pecuniae
347 2508 515 2594 cupiditate
536 2509 661 2575 adducti
686 2519 813 2575 careant
832 2511 871 2575 iis
895 2510 991 2577 rebus
1014 2511 1179 2586 omnibus,
1201 2532 1219 2575 a
1240 2511 1354 2597 quibus
1376 2530 1434 2575 nos
1456 2509 1504 2574 di·

146 2603 260 2667 tavulsi
283 2623 350 2666 esse
373 2623 436 2666 non
458 2623 644 2687 possumus,
668 2613 698 2668 te
720 2614 840 2677 autern,
861 2605 997 2670 alienum
1018 2605 1193 2679 bominem,
1215 2613 1320 2669 ament
1340 2602 1503 2667 exanimo

180 2716 216 2760 ac
238 2716 300 2759 non
321 2695 370 2759 sui
391 2696 547 2761 commodi
569 2718 661 2762 eausa
683 2698 849 2763 simulent?
884 2698 958 2762 Mihi
987 2698 1112 2785 quidem
1135 2718 1338 2783 permaguum
1361 2696 1503 2773 videtur;

180 2789 363 2875 praesertim
391 2793 417 2852 si
446 2789 540 2854 iidem
568 2790 710 2856 homines
737 2791 893 2876 privatum
927 2813 990 2856 non
1012 2792 1079 2857 fere
1101 2812 1304 2877 quemquam,
1341 2799 1503 2876 praetores

180 2905 305 2968 semper
325 2902 434 2946 omncs
456 2893 570 2948 amant.
614 2887 686 2961 Quo
708 2906 747 2948 ex
770 2904 884 2968 genere
907 2886 933 2948 si
955 2907 1048 2971 quem
1070 2885 1152 2950 forte
1174 2885 1221 2950 tui
1242 2884 1384 2968 cognosti
1399 2904 1506 2947 aman·

180 2979 293 3043 tiorem
323 3011 362 3021 -
390 2975 459 3041 beri
481 2977 564 3041 enim
585 2978 687 3063 potuit
720 3015 762 3026 -
794 2999 886 3065 quam
910 2980 1077 3064 temporis,
1106 2979 1189 3043 bunc
1216 2998 1292 3042 vero
1313 2976 1353 3042 ad
1375 2988 1504 3041 tuorum

142 3085 344 3136 tenumerum
368 3069 502 3135 libenter
522 3070 707 3149 adscribit03
729 3073 778 3137 sin
800 3082 904 3136 autem
925 3072 957 3137 id
979 3093 1042 3138 non
1063 3073 1248 3158 perspicies,
1271 3071 1391 3136 nullum
1404 3091 1504 3155 genus

180 3166 240 3231 erit
272 3165 304 3228 in
332 3164 543 3230 familiaritate
576 3166 749 3232 cavendum
776 3165 891 3250 magis,
927 3176 1094 3251 propterea
1123 3164 1209 3252 quod
1241 3174 1272 3229 et
1305 3185 1414 3229 omnes
1436 3164 1504 3230 vias

179 3260 330 3348 pecuniae
351 3268 468 3324 norunt
488 3270 520 3324 et
540 3266 644 3325 omnia
665 3260 814 3347 pecuniae
835 3280 929 3324 causa
949 3259 1066 3325 faciunt
1087 3269 1132 3333 et,
1155 3259 1282 3346 quicum
1304 3262 1415 3323 victuri
1439 3278 1504 3322 non

179 3364 265 3427 sunt,
288 3353 356 3417 eius
378 3354 601 3420 existimationi
622 3356 787 3421 consulere
808 3374 872 3419 non
894 3363 1012 3419 curant.
1057 3359 1107 3418 16.
1129 3359 1230 3439 Atque
1251 3353 1345 3416 etiam
1366 3373 1383 3416 e
1407 3357 1504 3417 Grae-

179 3449 222 3514 cis
244 3448 319 3533 ipsis
340 3446 507 3531 diligenter
532 3448 688 3522 cavendae
717 3457 788 3514 suut
815 3447 968 3538 quaedam
989 3446 1230 3520 familiaritates,
1260 3455 1385 3539 praeter
1404 3444 1506 3510 bomi-

142 3562 253 3607 ssnum
276 3561 518 3627 perpaucorum,
554 3543 581 3606 si
602 3542 657 3628 qui
679 3551 751 3606 sunt
770 3551 876 3606 vetere
899 3541 1028 3607 Graecia
1050 3540 1146 3625 digni.
1190 3540 1241 3604 Sic
1262 3559 1355 3611 vero,
1378 3538 1505 3604 fallaces

179 3647 250 3703 sunt
278 3633 425 3720 permulti
454 3644 486 3698 et
512 3636 598 3700 leves
626 3645 658 3699 et
685 3634 831 3699 diuturna
847 3634 1007 3699 'servitute
1036 3634 1076 3698 ad
1107 3634 1233 3698 nimiam
1263 3633 1505 3697 assentationem

179 3729 301 3794 eruditi.
347 3730 434 3804 Quos
459 3750 518 3812 ego
540 3730 705 3794 universos
727 3727 869 3792 adbiberi
891 3727 1079 3802 liberaliter,
1102 3728 1254 3814 optimum
1275 3747 1433 3813 quemque
1448 3726 1506 3792 bo-

180 3824 272 3910 spitio
302 3819 500 3906 amicitiaque
527 3823 675 3907 coniungi
705 3821 776 3885 dico
805 3829 969 3906 oportere:
1001 3823 1116 3886 nimiae
1145 3820 1370 3885 familiaritates
1393 3841 1504 3885 eorum

181 3936 282 4002 neque
305 3923 368 3977 tarn
392 3912 499 3979 fideles
526 3925 599 3981 sunt
622 3936 748 3979 —nun
776 3914 860 3978 enim
882 3915 999 3979 audent
1019 3915 1178 3980 adversari
1201 3919 1316 3979 nostris
1338 3912 1506 3978 voluntati-

143 4009 239 4085 ,obus
262 4039 319 4080 -·,
343 4016 373 4070 et
394 4006 535 4074 invident
556 4031 619 4074 non
641 4009 758 4074 nostris
779 4007 897 4081 solum,
920 4029 1030 4073 verum
1054 4008 1145 4072 etiam
1168 4007 1243 4072 suis.

265 4111 316 4171 Vl.
347 4111 395 4171 17.
426 4112 505 4178 larn,
540 4104 594 4190 qui
616 4102 649 4166 in
671 4102 824 4167 eiusmodi
853 4100 964 4177 rebus,
1001 4103 1034 4166 in
1061 4100 1175 4188 quibus
1203 4121 1320 4164 vereor
1343 4100 1436 4164 etiam
1465 4119 1505 4163 ne

181 4198 293 4264 durior
315 4200 387 4273 sirn,
411 4209 519 4266 cautus
541 4218 610 4263 esse
632 4196 727 4261 velim
748 4216 784 4259 ac
805 4194 955 4281 diligens,
978 4217 1042 4282 quo
1063 4217 1113 4260 me
1135 4195 1240 4259 animo
1261 4194 1292 4258 in
1315 4193 1414 4258 servis
1436 4213 1506 4257 esse

250 4365 277 4415 3.
298 4364 340 4414 sic
358 4364 380 4412 l.
405 4387 439 4399 -
472 4377 535 4412 saue
560 4363 686 4412 saevitiae
710 4361 754 4409 aad
780 4360 900 4409 Ursinus.
930 4385 962 4395 -
1004 4360 1030 4408 6.
1059 4361 1158 4408 neb·-
1176 4360 1215 4407 bis
1239 4357 1290 4407 Ml·
1318 4383 1351 4393 -
1387 4358 1412 4407 9.
1444 4357 1506 4406 llaec

182 4435 268 4482 oratio
293 4448 352 4483 mea
379 4440 416 4483 est
445 4432 510 4482 MR:
539 4439 577 4482 est
605 4433 667 4481 leaeo
685 4432 774 4479 oratio
791 4444 849 4481 men
868 4430 911 4479 ta.
941 4454 971 4465 -
1008 4430 1133 4479 eiusmodi
1157 4430 1225 4480 mn:
1245 4428 1391 4477 tatasmoda'
1410 4426 1453 4476 lE.
1474 4451 1503 4462 -

183 4495 565 4554 12.etanteundloom.l.
589 4527 622 4535 —
659 4501 702 4550 13.
722 4502 761 4549 bis
779 4500 850 4549 l.-
888 4499 1137 4550 lbeiaemodtlll.
1160 4523 1190 4534 -
1226 4497 1411 4560 23.poteatl
1449 4493 1504 4545 Cfr.

182 4571 288 4636 Madvig
307 4575 327 4623 l.
350 4591 376 4639 p.
396 4574 439 4623 33.
467 4596 497 4607 -
546 4572 644 4621 wita
663 4571 733 4621 nu:
754 4570 854 4619 aista.
887 4596 913 4605 —
952 4568 1295 4632 illl-etquidemsortellll.
1318 4590 1348 4601 -
1384 4566 1429 4616 29.
1450 4573 1507 4614 tac·

184 4654 274 4691 mma
301 4643 424 4706 Langolit
444 4642 543 4693 Codice
561 4642 717 4691 Sebittzius:
750 4648 822 4690 taam
839 4639 935 4689 mnia.
970 4664 1000 4675 -
1037 4640 1080 4688 30.
1101 4639 1220 4687 adscribo
1240 4639 1261 4687 Ι.
1294 4659 1322 4671 ·-
1358 4649 1438 4701 genae
1456 4637 1505 4684 ortt

184 4711 250 4761 llll:
281 4716 330 4764 erit
347 4727 426 4780 penae
447 4713 491 4762 lll-
523 4735 553 4746 -
588 4712 633 4761 34.
651 4717 836 4774 praeterquam
854 4710 1011 4759 Lambinus.
1039 4735 1072 4743 —·
1109 4709 1152 4758 38.
1172 4710 1353 4770 amicitiaeque
1372 4707 1393 4755 l.
1416 4732 1449 4741 —
1466 4706 1507 4753 nt·

183 4782 297 4843 mittoque
315 4783 334 4833 l.
356 4808 387 4820 -
422 4784 466 4834 to.
484 4789 509 4832 et
528 4783 644 4831 tnetdmt
662 4795 716 4831 aaa
733 4780 798 4829 mn:
818 4787 841 4829 et
860 4794 913 4829 non
931 4782 1046 4831 inuideat
1067 4781 1096 4840 l,
1114 4786 1138 4828 et
1156 4791 1216 4828 vero
1234 4779 1351 4829 invident
1371 4791 1425 4826 aaa
1443 4787 1506 4826 cum

183 4849 304 4901 nanum
322 4854 352 4904 Ε.
374 4878 404 4891 -
441 4852 483 4904 42.
503 4853 583 4904 saron
603 4852 684 4904 nat:
703 4863 790 4901 servos
809 4849 839 4899 Ε.
