3256 5400
571 196 1025 300 mummmm

608 391 995 473 m mucnm

637 503 965 568 mmmmm

226 627 254 688 1.
275 625 320 688 lta
342 628 432 687 erant
451 623 573 698 omnia,
602 643 682 708 quae
702 620 794 687 istinc
815 620 1040 697 afferebantur,
1069 623 1206 699 incerta,
1242 636 1293 699 ut,
1322 626 1397 714 qnid
1418 626 1458 694 ad

141 720 172 781 to
192 713 380 790 scriberem,
409 735 473 780 non
493 725 685 782 occurreret.
727 714 822 781 Modo
842 715 940 789 enim,
967 737 1047 802 quae
1068 718 1234 793 vellemus,
1262 720 1301 785 de
1322 721 1457 809 Lepido,

140 808 236 875 modo
257 817 364 875 contra
386 808 617 875 nuntiabantur.
659 813 706 874 De
728 818 758 873 te
779 817 884 873 tamen
904 808 986 873 lanta
1007 821 1150 876 constans
1172 833 1229 877 nec
1250 814 1351 900 decipi
1366 835 1482 901 posses

140 924 199 967 nec
219 902 317 980 rinci;
340 923 475 988 quorum
496 902 624 968 alterius
645 900 770 967 lortuua
790 911 911 988 partem
930 901 1022 966 babet
1041 904 1211 989 quandam,
1234 907 1366 972 alterum
1384 928 1460 994 pro-

141 997 245 1082 prium
267 1006 314 1061 est
334 995 516 1081 prudentiae
537 1004 619 1061 tuae.
672 999 703 1060 2.
731 994 793 1060 Sed
816 995 920 1081 accepi
942 995 1061 1060 litteras
1083 1017 1100 1060 a
1129 999 1247 1083 collega
1268 1010 1337 1071 tuo,
1372 1000 1458 1064 datas

141 1087 247 1155 Idibus
275 1089 383 1162 Maiis,
422 1089 455 1154 in
487 1088 601 1175 quibus
631 1096 699 1154 erat
724 1096 754 1152 tc
783 1088 824 1153 ad
850 1110 883 1153 se
906 1089 1106 1175 scripsissea
1134 1091 1252 1176 Lepido
1275 1115 1336 1157 non
1359 1093 1457 1179 recipi

141 1183 324 1248 Antonium:
354 1183 440 1268 quod
472 1183 533 1248 erit
560 1183 693 1258 certius,
729 1182 755 1247 si
777 1193 812 1248 tu
833 1182 873 1247 ad
894 1204 952 1247 nos
973 1182 1057 1248 idem
1079 1183 1257 1269 scripseris;
1280 1187 1334 1251 sed
1356 1188 1458 1253 minus

141 1277 238 1343 audes
259 1277 392 1342 sortasse
413 1286 544 1362 propter
564 1276 690 1343 inanem
707 1277 854 1343 laetitiam
876 1276 1049 1341 litterarum
1076 1277 1286 1363 superiorum.
1330 1286 1457 1354 Verum,
1471 1306 1495 1342 m

141 1381 177 1436 ut
197 1390 319 1444 errare,
341 1370 385 1434 mi
405 1371 534 1444 Plance,
556 1370 686 1456 potuisti
705 1406 746 1417 —
768 1370 838 1457 quis
861 1369 944 1434 enim
966 1369 999 1434 id
1022 1370 1188 1456 effugerit?
1209 1415 1267 1444 -,
1291 1371 1335 1436 sic
1356 1372 1457 1457 decipi

142 1474 172 1530 te
199 1485 261 1527 non
288 1463 427 1551 potuisse
456 1464 526 1550 quis
552 1485 615 1530 non
641 1464 748 1529 videt?
776 1468 864 1528 Nunc
887 1482 965 1528 vero
992 1464 1085 1529 etiam
1120 1463 1183 1528 ianr
1214 1465 1333 1529 erroris
1365 1486 1459 1530 causa

141 1556 262 1623 sublata
284 1566 340 1623 est.
394 1557 490 1645 Culpa
512 1558 595 1623 enim
616 1557 669 1622 illa
695 1555 771 1633 „bis
792 1556 831 1621 ad
853 1556 1011 1622 eundem*
1037 1557 1159 1642 vulgari
1180 1558 1369 1644 reprehensa
1387 1580 1461 1645 pro-

142 1650 253 1716 verbio
275 1659 331 1715 est.
374 1650 443 1725 Sin,
465 1659 501 1715 ut
521 1650 673 1736 scripsisti
696 1650 735 1715 ad
756 1650 924 1735 collegam,
952 1650 996 1715 ita
1016 1671 1050 1715 se
1071 1671 1123 1715 res
1145 1649 1251 1725 babet,
1275 1652 1361 1717 omni
1383 1673 1459 1717 cura

143 1743 265 1808 liberati
293 1765 419 1820 sumus;
456 1765 513 1808 nec
534 1753 637 1808 tamen
659 1743 776 1808 erimus
804 1743 910 1829 prius,
944 1765 1037 1831 quam
1058 1743 1101 1808 ita
1122 1765 1192 1809 csse
1214 1754 1247 1809 tu
1269 1766 1326 1809 nos
1348 1744 1460 1811 leceris
1473 1771 1499 1808 ss

143 1839 305 1903 certiores.
348 1841 378 1902 3.
400 1841 469 1902 Mea
491 1838 632 1924 quidem,
661 1846 696 1901 ut
717 1835 756 1901 ad
778 1846 808 1901 te
830 1837 953 1922 saepius
975 1837 1101 1923 scripsi,
1125 1837 1202 1902 baec
1223 1839 1374 1903 sententia
1397 1848 1459 1903 est:

142 1931 197 2017 qui
219 1931 367 2018 reliquias
389 1930 481 1996 buius
503 1929 577 1996 belli
599 1929 807 2016 oppresserit,
830 1951 903 1995 enm
925 1930 1020 1996 totius
1041 1930 1115 1995 belli
1141 1930 1354 1996 confectorem
1375 1930 1459 2008 lore3

143 2046 237 2110 quem
259 2033 289 2088 te
311 2033 343 2088 et
364 2032 440 2109 opto
462 2045 530 2089 esse
552 2034 583 2089 et
604 2022 727 2089 conlido
749 2023 900 2088 futurum.
950 2023 1057 2089 Studia
1085 2045 1155 2089 mea
1175 2045 1250 2109 erga
1276 2034 1323 2099 te,
1346 2023 1460 2111 quibus

142 2127 227 2181 certe
249 2117 332 2182 nulla
354 2138 422 2182 esse
443 2117 564 2182 maiora
585 2125 769 2202 potuerunt,
791 2115 848 2180 tihi
870 2124 932 2180 tam
954 2126 1040 2202 grata
1061 2137 1131 2181 esse
1152 2138 1247 2202 quam
1273 2139 1334 2202 ego
1355 2117 1461 2205 putavi

143 2210 228 2283 lore,
260 2210 387 2275 minime
409 2211 510 2275 miror
537 2211 800 2294 vehementerque
821 2210 931 2275 laetor.
975 2212 1064 2287 Quae
1092 2210 1219 2296 quidem
1241 2220 1291 2285 tn,
1321 2211 1347 2275 si
1375 2219 1499 2276 rectem

144 2303 211 2368 istic
233 2304 307 2378 erit,
329 2304 450 2370 maiora
471 2314 502 2370 et
522 2303 670 2394 gratiora
691 2323 871 2387 cognosces.
915 2321 982 2368 1111.
1003 2302 1158 2369 Kalendas
1179 2305 1293 2370 lunias.

603 2441 1000 2524 mmmmm

606 2568 779 2629 PLANCUS
802 2564 996 2629 CICERONI.

229 2683 256 2743 1.
288 2676 425 2743 Puderet
454 2697 505 2741 me
532 2675 755 2740 inconstantiae
783 2696 925 2740 mearum
954 2674 1145 2748 litterarum,
1181 2676 1208 2740 si
1234 2696 1297 2742 non
1325 2675 1401 2741 baec
1422 2697 1463 2741 ex

143 2774 243 2838 aliena
264 2772 389 2837 levitate
410 2769 593 2858 penderent.
647 2769 758 2834 Omnia
781 2767 859 2854 leci,
883 2788 981 2855 quare
1002 2767 1121 2853 Lepido
1144 2769 1312 2834 coniuncto
1334 2769 1373 2834 ad
1393 2791 1501 2840 rems.

143 2866 298 2954 publicam
331 2863 557 2929 defendendam
585 2862 708 2927 minore
744 2862 951 2927 sollicitudine
978 2871 1082 2924 vestra
1112 2861 1242 2947 perditis
1271 2863 1462 2929 resisterem.

144 2959 255 3023 Omnia
277 2958 306 3023 ei
328 2968 359 3022 et
381 2957 496 3044 petenti
517 2960 622 3042 recepi
644 2966 676 3020 et
696 2956 781 3020 ultro
802 2955 957 3040 pollicitus
977 2975 1065 3030 sum;
1088 2954 1263 3041 scripsique
1286 2956 1343 3021 tibi
1364 2956 1463 3021 biduo

143 3062 213 3117 ante
240 3050 398 3115 confidere
424 3072 475 3115 me
503 3049 589 3115 bono
615 3049 734 3134 Lepido
755 3070 824 3113 esse
849 3071 981 3113 usurum
1002 3049 1222 3134 communique
1244 3051 1375 3114 consilio
1398 3048 1464 3114 bel-

143 3146 207 3211 lum
230 3144 529 3211 administraturum.
584 3142 709 3208 Credidi
731 3141 945 3227 chirographis
968 3140 1051 3213 eius,
1073 3141 1269 3208 affirmationi
1291 3142 1464 3228 praesentis

143 3239 337 3312 Laterensis,
374 3238 429 3324 qui
455 3247 521 3302 tum
547 3236 630 3323 apud
659 3258 709 3300 me
732 3245 798 3299 erat
819 3235 1117 3321 reconciliaremque
1145 3257 1195 3299 me
1217 3236 1336 3321 Lepido
1359 3236 1502 3312 fidem-³0

144 3354 206 3419 que
238 3331 387 3397 haberem
423 3329 543 3396 orabat.
596 3335 665 3394 Non
697 3328 786 3394 licuit
817 3328 934 3393 diutius
961 3328 1041 3391 benc
1068 3327 1107 3392 de
1131 3349 1169 3392 eo
1191 3349 1330 3414 sperare.
1383 3329 1463 3394 Illud

143 3438 228 3492 certe
249 3425 319 3491 cavi
348 3434 379 3488 ct
407 3423 541 3496 cavebo,
574 3445 614 3488 ne
643 3445 712 3487 mea
741 3421 923 3486 credulitate
951 3421 999 3485 rei
1023 3419 1165 3506 publicae
1188 3443 1307 3487 summa
1329 3421 1464 3486 fallatur.

142 3526 173 3584 2.
196 3525 272 3586 Cum
303 3525 419 3584 Isaram
441 3516 573 3589 flumen,
604 3537 668 3581 uno
690 3515 742 3580 die
763 3526 857 3601 ponto
880 3515 1008 3586 eliceto,
1043 3515 1217 3579 exercitum
1239 3514 1463 3588 traduxissem,

143 3634 202 3698 pro
224 3611 436 3698 magnitudine
457 3610 505 3675 rei
527 3610 716 3674 celeritatem
738 3607 907 3680 adhibens,
931 3607 1016 3695 quod
1039 3607 1169 3691 petierat
1183 3628 1240 3693 per
1254 3609 1372 3672 litteras
1385 3609 1463 3693 ipse,

143 3717 177 3771 ut
198 3716 389 3770 maturarem
412 3705 533 3776 venire,
556 3712 683 3789 praesto
704 3702 781 3767 mibi
803 3701 860 3766 luit
882 3712 980 3767 stator
1002 3701 1069 3765 cius
1092 3722 1163 3766 cum
1185 3701 1309 3774 litteris,
1332 3701 1502 3786 quibus‚³·.

143 3820 182 3862 ne
213 3799 369 3873 venirem,
398 3796 613 3864 denuntiabat:
647 3817 681 3861 se
712 3816 805 3881 posse
826 3816 940 3881 perse
962 3794 1116 3859 conficere
1138 3795 1317 3879 negotium
1346 3797 1463 3860 interea

144 3890 182 3955 ad
213 3895 330 3956 Isaram
361 3902 586 3977 exspectarem.
643 3888 791 3955 Indicabo
819 3889 1020 3953 temerarium
1049 3909 1153 3952 meum
1192 3887 1357 3952 consilium
1390 3886 1464 3952 tibi:

143 3985 344 4049 nibilominus
367 3985 413 4049 ire
435 3984 613 4055 decreram,
642 3982 821 4047 existimans
843 4003 916 4046 eum
937 3981 1057 4045 socium
1079 3981 1198 4066 gloriae
1220 3980 1330 4048 vitare.
1375 3984 1467 4044 Puta·

142 4078 214 4143 bam
240 4098 333 4164 posse
355 4100 404 4143 me
426 4099 483 4142 nec
504 4077 543 4142 de
570 4076 662 4159 lapde
690 4076 788 4140 ieiuni
817 4075 953 4140 bominis
982 4073 1121 4139 delibare
1150 4072 1319 4160 quidquam
1342 4083 1373 4136 et
1394 4071 1467 4138 sub

143 4192 212 4236 esse
242 4183 346 4237 tamen
372 4172 557 4258 propinquis
585 4169 682 4244 locis,
719 4180 768 4241 ut,
805 4169 832 4232 si
861 4168 971 4233 durius
1004 4167 1122 4252 aliquid
1153 4177 1250 4240 esset,
1281 4186 1467 4230 succurrere
1477 4200 1505 4241 ,ο

143 4267 289 4330 celeriter
310 4287 445 4352 possem.
503 4270 532 4329 3.
564 4268 631 4348 Ego
652 4283 717 4327 non
745 4261 845 4325 malus
868 4259 962 4324 bomo
990 4260 1050 4325 hoc
1071 4258 1262 4345 suspicabar.
1318 4266 1357 4324 Λῑ
1378 4264 1466 4323 Late-

147 4360 265 4434 rensis,
302 4359 351 4424 vir
372 4358 602 4430 sanctissimus,
639 4375 698 4421 suo
719 4354 930 4439 chirographo
955 4353 1049 4418 mittit
1069 4353 1147 4417 mibi
1168 4353 1286 4431 litteras
1307 4353 1466 4437 meisque.

211 4562 238 4612 3.
257 4563 329 4611 istim
352 4561 401 4609 Vb.
434 4559 484 4621 (Ile
514 4558 552 4609 Μ.
581 4572 636 4608 non
654 4552 783 4616 constat.)
805 4579 836 4590 -
872 4555 899 4604 5.
919 4555 991 4604 Fort.
1010 4559 1097 4603 noete
1114 4554 1208 4614 decipi.
1228 4553 1309 4602 llarr·
1330 4575 1361 4587 —
1396 4551 1424 4601 8.
1444 4558 1468 4599 tr

143 4632 310 4694 adscripsisse
336 4631 373 4681 Μ.
405 4654 435 4665 -
472 4631 557 4691 recepi
582 4628 619 4677 Μ.
651 4653 683 4663 -
719 4626 763 4676 11.
782 4638 898 4674 errorem
915 4626 943 4672 id
961 4624 1056 4674 Plance
1072 4623 1180 4672 voluisti
1198 4622 1235 4670 bl.
1257 4645 1288 4656 -
1327 4621 1369 4670 12.
1388 4622 1468 4669 ettam

143 4704 242 4751 erroris
270 4701 419 4752 blanoilus.
456 4698 511 4750 etr.
538 4698 615 4747 lland
645 4697 726 4747 Ture.
753 4695 803 4745 Ill.
836 4709 863 4758 p.
888 4694 949 4745 139.
977 4719 1006 4730 -
1048 4694 1094 4742 at.
1122 4707 1179 4741 1111.
1198 4691 1242 4739 bl:
1264 4691 1364 4753 Quarto
1385 4690 1414 4740 lt.
1438 4715 1464 4724 -

143 4772 186 4821 32.
207 4785 247 4821 res
273 4773 377 4834 pubttco
406 4783 507 4818 usmmo
530 4768 687 4817 Lambinus.
712 4787 746 4801 -
781 4764 825 4814 37.
849 4764 993 4827 spectarem
1019 4763 1057 4814 Μ.
1089 4787 1116 4799 -
1154 4762 1198 4812 39.
1218 4762 1360 4810 deliberare
1376 4761 1415 4810 Μ.
1434 4785 1468 4793 -

143 4841 187 4892 li.
206 4844 317 4906 meisque
335 4841 380 4890 bt:
399 4843 429 4889 io
448 4841 531 4902 eisque
552 4838 581 4889 n.

226 4949 300 4990 cunm
314 4947 336 4988 r.
352 4949 385 4986 ns.
980 4928 987 4951 ⁸
1216 4910 1253 4970 ¹2
