3256 5400
584 211 662 277 ΠΒ.
687 213 758 276 ΧΠ.
799 211 859 274 ΕΡ.
881 211 911 274 3.
934 210 965 273 t.
986 211 1021 274 5.
1115 279 1119 285 ,

607 366 975 452 munem)

603 492 746 557 CICERO
768 490 912 555 amico
935 490 966 552 S.

217 607 245 668 1.
269 605 295 668 0
318 612 419 688 gratas
441 612 510 668 tuas
531 601 607 667 mibi
630 601 842 689 iucundasque
864 601 996 666 litterasl
1028 601 1112 680 Quid
1133 607 1282 688 quaeris?
1317 603 1452 670 Restitu-

131 709 180 762 tus
193 708 241 763 est
256 696 331 762 mibi
350 696 416 762 dics
429 694 537 761 festus.
580 695 725 782 Angebar
741 695 840 768 enim,
865 695 948 783 quod
966 695 1041 787 Tiro
1055 703 1316 780 ἐνερευθέστερον
1338 706 1368 762 te
1390 694 1450 761 sibi

131 813 199 858 esse
222 791 320 857 visum
343 789 475 858 dixerat.
531 789 650 855 Addam
673 790 782 876 igitur,
806 797 841 854 ut
862 809 983 863 censes,
1017 811 1114 855 unum
1137 788 1230 855 diem.
1274 795 1304 853 2.
1328 788 1389 854 Sed
1411 788 1473 854 dea

131 890 247 951 Catone
269 885 443 970 πρόβλημα
463 885 697 967 Ἀρχιμήδειον
718 892 774 949 est.
833 888 900 948 Non
921 904 1090 971 assequor,
1121 895 1156 949 ut
1177 881 1329 956 scribam,
1365 881 1452 970 quod

131 979 175 1044 tui
204 979 352 1044 convivae
380 999 443 1042 non
472 977 566 1042 modo
588 976 722 1042 libenter
743 977 798 1042 sed
828 978 922 1042 etiam
944 999 1045 1058 aequo
1067 978 1173 1043 animo
1195 978 1300 1062 legere
1321 975 1451 1062 possint.

133 1074 347 1152 Quinetiam,
377 1072 403 1137 si
433 1094 450 1137 a
480 1071 644 1137 sententiis
666 1070 735 1137 eius
758 1071 870 1143 dictis,
901 1070 928 1137 si
950 1071 989 1135 ab
1012 1072 1098 1137 omni
1120 1073 1278 1139 voluntate
1300 1071 1453 1137 consiliis·

132 1190 209 1253 qne,
239 1190 318 1253 quae
347 1166 386 1232 de
415 1187 450 1232 rc
478 1166 602 1253 publica
630 1164 753 1239 babuit,
790 1165 935 1229 recedam
957 1173 1125 1254 paleisque
1149 1166 1242 1233 velim
1268 1164 1452 1250 gravitatem

132 1262 394 1346 constantiamque
422 1259 489 1326 eius
519 1258 664 1331 laudare,
701 1257 761 1323 boc
789 1259 891 1345 ipsum
914 1268 1016 1324 tamen
1039 1259 1107 1326 istis
1129 1259 1275 1325 odiosum
1296 1261 1451 1342 ἄκουσμα
1461 1279 1488 1317 to

132 1356 181 1421 sit.
224 1353 285 1420 Sed
313 1376 388 1419 vere
417 1353 536 1419 laudari
565 1353 617 1419 ille
639 1354 689 1418 vir
709 1374 773 1417 non
795 1362 912 1440 potest,
942 1353 1002 1418 nisi
1025 1353 1101 1419 baec
1123 1363 1231 1419 ornata
1254 1354 1333 1419 sint:
1366 1353 1452 1440 quod

132 1450 184 1514 ille
206 1470 258 1523 ea,
280 1469 360 1536 quae
381 1468 463 1512 nunc
485 1458 569 1520 sunt,
599 1458 630 1512 et
650 1446 755 1513 lutura
777 1446 891 1511 viderit
913 1455 959 1521 et,
982 1469 1022 1512 ne
1044 1446 1171 1520 fierent,
1195 1446 1391 1512 contenderit
1410 1456 1452 1532 et,

133 1544 212 1607 lacta
240 1564 279 1607 ne
311 1542 445 1616 videret,
468 1547 562 1606 vitam
583 1542 758 1629 reliquerit.
806 1544 927 1606 Morum
949 1540 1023 1626 quid
1047 1550 1109 1615 est,
1140 1540 1225 1629 quod
1247 1539 1356 1605 Aledio
1378 1561 1453 1626 pro-

132 1637 208 1701 barc
230 1637 406 1723 possimus?
428 1636 489 1702 Sed
511 1657 601 1711 cura,
623 1635 773 1709 obsecro,
796 1644 831 1700 ut
852 1637 976 1707 valeas.
999 1657 1148 1723 eamque,
1171 1656 1263 1720 quam
1286 1634 1325 1699 ad
1339 1655 1449 1701 omnes

132 1752 184 1796 res
205 1729 351 1805 adbibes,
373 1729 527 1818 imprimis
548 1731 588 1796 ad
609 1730 888 1797 convalescendum
910 1729 1021 1796 adhibe
1045 1729 1252 1817 prudentiam.
1462 1745 1488 1785 ¹⁶

618 1900 974 1982 mmmmm

614 2023 979 2090 cmmmmm.

221 2158 249 2222 1.
271 2153 405 2232 Quintus
433 2164 521 2240 pater
547 2161 692 2240 martum
719 2151 772 2217 vel
805 2153 909 2237 potius
936 2153 1136 2220 millesimum
1164 2155 1241 2221 nibil
1269 2155 1365 2242 sapit,
1397 2159 1451 2242 qui

134 2251 265 2315 laetetur
290 2253 433 2334 Luperco
464 2247 527 2313 lilio
549 2257 580 2311 et
608 2247 726 2320 Statio,
759 2255 794 2311 ut
815 2256 923 2310 cernat
951 2247 1066 2333 duplici
1089 2247 1244 2314 dedecore
1266 2249 1451 2315 cumulatam

135 2343 272 2408 domum.
315 2341 404 2408 Addo
427 2342 517 2406 etiam
541 2339 740 2406 Philotimum
762 2340 897 2405 tertium.
941 2344 967 2407 Ο
989 2343 1170 2417 stultitiam,
1192 2343 1252 2408 nisi
1268 2364 1337 2407 mea
1351 2344 1489 2408 maiorm

134 2448 230 2509 esset,
253 2436 457 2520 singularem!
481 2433 575 2512 Quod
595 2444 699 2498 autern
722 2455 775 2508 os,
799 2433 831 2498 in
855 2434 931 2499 banc
951 2456 1019 2500 rem
1041 2436 1162 2520 ἔρανον
1184 2441 1272 2501 atei
1297 2441 1367 2509 Fac,
1389 2456 1453 2500 non

134 2530 172 2596 ad
194 2537 347 2610 διψῶσαν
376 2531 510 2612 κρήνην,
540 2527 596 2593 scd
618 2528 656 2593 ad
685 2529 853 2612 Πειρήνην
874 2550 946 2593 eum
978 2535 1115 2604 venisse,
1151 2542 1182 2595 et
1203 2530 1377 2613 ἄμπνευμα
1400 2556 1454 2596 σε-

132 2627 215 2708 μνὸν
239 2629 402 2704 Ἀλφειοῦ
429 2623 461 2687 in
484 2634 514 2688 te
537 2624 699 2706 [κρήνην],
732 2633 767 2687 ut
788 2621 914 2695 scribis,
944 2622 1086 2696 haurire,
1109 2623 1141 2687 in
1164 2623 1255 2688 tantis
1277 2623 1341 2690 suis
1362 2644 1455 2709 prae·

134 2719 241 2782 sertim
264 2717 430 2800 angustiis;
454 2722 634 2781 nostratim
656 2716 725 2798 ἄρα
747 2717 962 2794 cloccarium?
984 2716 1044 2781 Sed
1067 2717 1134 2802 ipse
1157 2715 1279 2782 viderit.
1323 2721 1353 2781 2.
1376 2720 1452 2783 Calo

135 2831 184 2874 me
206 2809 331 2895 quidem
354 2809 500 2880 delectat,
534 2808 588 2873 scd
619 2813 710 2873 etiam
744 2815 870 2875 Bassum
894 2809 1045 2875 Lucilium
1067 2832 1133 2876 sua.
1186 2815 1232 2874 De
1261 2810 1381 2884 Caelio,
1418 2819 1490 2877 tuas

135 2925 283 2990 quaeres,
318 2914 351 2968 ut
372 2902 499 2978 scribis;
532 2923 592 2988 ego
615 2902 691 2968 nibil
713 2905 797 2969 novi.
839 2904 1000 2969 Noscenda
1023 2915 1070 2969 est
1092 2915 1216 2976 natura,
1239 2924 1303 2968 non
1324 2902 1453 2968 facultas

135 2998 240 3063 modo.
283 3002 329 3062 De
345 2997 514 3062 Hortensio
535 3006 566 3061 et
588 2995 753 3080 Verginio.
777 3008 810 3063 tu
831 2997 948 3083 siquid
965 2997 1136 3071 dubitabis:
1159 2997 1234 3069 etsi,
1257 2994 1453 3082 quodmagis

134 3094 269 3177 placcat,
291 3112 351 3176 ego
365 3103 515 3177 quantum
529 3091 678 3177 adspicio,
698 3111 760 3155 non
775 3090 865 3155 facilc
881 3090 1049 3156 inveneris.
1092 3094 1168 3155 Cum
1183 3091 1328 3163 Mustela,
1344 3110 1454 3177 quem-

134 3185 302 3250 admodum
325 3186 449 3258 scribis,
472 3206 544 3250 cum
565 3183 686 3249 venerit
705 3184 842 3268 Crispus.
885 3183 931 3248 ad
953 3184 1064 3249 Avium
1088 3183 1216 3269 scripsi,
1239 3194 1273 3248 ut
1295 3204 1350 3257 ca,
1372 3203 1453 3269 qnae

135 3279 215 3343 benc
237 3299 361 3343 nossem
383 3279 422 3344 de
444 3299 538 3352 auro,
576 3278 680 3343 Pisoni
702 3276 940 3342 demonstraret.
987 3276 1056 3341 Tibi
1079 3276 1162 3341 enirn
1184 3297 1259 3342 sane
1281 3276 1491 3350 assentior,ao

203 3499 230 3548 2.
250 3513 304 3548 om.
323 3498 361 3548 M.
395 3520 423 3532 ·-
460 3496 487 3547 d.
507 3496 624 3560 Aopcbct
641 3497 674 3545 it.
706 3520 738 3534 -·
775 3497 843 3558 cyro
860 3496 882 3547 l.
905 3520 935 3532 -
971 3494 1329 3554 bicameratum,
1354 3494 1455 3566 εμβρι·

34 3623 38 3633 ,
135 3569 275 3637 θεσνερον
295 3570 315 3617 li
334 3575 360 3618 et
378 3568 573 3630 (superscripto
590 3563 708 3632 monica)
727 3580 782 3628 mg.
801 3566 839 3617 11.
869 3589 899 3602 -
935 3565 962 3616 0.
981 3573 1064 3615 conam
1082 3565 1104 3614 l.
1134 3590 1165 3602 -
1201 3565 1228 3616 8.
1249 3563 1392 3628 sententiis]
1416 3578 1454 3615 as-

135 3642 183 3688 rtia
202 3639 233 3688 Υ.
258 3662 284 3672 -
323 3640 399 3688 dictis
417 3639 535 3687 dotatum
555 3638 672 3688 malebat
689 3637 803 3687 ttriticus
822 3635 993 3694 (Coiaciusii
1019 3636 1045 3683 in
1066 3648 1120 3696 mg.
1141 3634 1336 3685 Lambinianae
1354 3634 1451 3695 156th

137 3721 206 3772 qnae
226 3709 330 3758 {ternae
351 3713 517 3765 asservatum
548 3708 657 3757 seclusit
677 3707 832 3766 Ernestioa,
861 3705 958 3755 delerit
982 3705 1147 3754 Schoeizina.
1175 3729 1203 3741 —
1240 3706 1268 3756 a.
1293 3703 1453 3770 ψειλωςηυο

136 3779 201 3840 211,
230 3778 396 3843 pentagono
414 3779 437 3828 li
455 3785 482 3829 et
506 3779 699 3842 taupsrscripto
720 3774 846 3836 mordeo)
872 3789 927 3839 mg.
945 3775 989 3835 M,
1013 3788 1080 3837 pona
1097 3775 1170 3837 (post
1188 3776 1304 3837 spatium
1324 3773 1452 3837 vacuom)

137 3850 212 3898 1.-
248 3851 291 3900 10.
309 3846 377 3911 istis]
395 3855 432 3898 sat
452 3849 473 3897 ll
492 3853 519 3897 et
538 3862 578 3910 pr.
598 3849 642 3908 M,
669 3849 755 3898 cattia
772 3860 842 3897 corr.
863 3845 905 3900 M.
933 3845 1117 3899 soimeri.
1138 3857 1168 3894 aa
1188 3845 1234 3897 Y.)
1254 3870 1284 3882 -
1322 3845 1365 3895 1³.
1385 3843 1454 3895 aits

136 3920 180 3968 dio
198 3921 221 3969 1.
257 3918 428 3973 (Cir.‘lacit.
448 3920 519 3967 Anu.
540 3919 582 3974 12.
602 3920 628 3968 ¹1.
666 3917 790 3968 lurenai.
809 3919 837 3976 b,
856 3916 917 3966 118.
955 3914 1073 3974 Utnos,
1098 3914 1180 3965 etiarn
1200 3915 1296 3968 11)-
1333 3916 1453 3965 l'i.om.

136 3988 173 4038 M.
195 4013 226 4027 -
262 3989 304 4039 10.
325 3985 464 4053 ctStotio]
483 3990 588 4038 testatio
606 3988 648 4047 M,
670 3989 787 4038 Tutatio
805 3987 852 4037 iil.
880 4008 910 4022 -
947 3985 1036 4035 wora
1053 3984 1090 4035 11.
1112 4007 1141 4019 -
1179 3984 1223 4034 20.
1243 3984 1317 4034 Adde
1335 3984 1454 4035 malebat

137 4059 302 4109 Scbuataiua.
335 4084 366 4096 -
402 4059 445 4108 21.
465 4072 513 4117 oa,
543 4056 582 4120 in]
606 4060 664 4108 omn
685 4058 745 4116 zM,
777 4058 840 4106 otios
858 4057 893 4113 li,
920 4057 985 4104 osim
1010 4055 1032 4104 l.
1070 4053 1202 4115 (Correxit
1220 4054 1393 4115 Lambinus.)
1421 4077 1453 4089 -

137 4130 181 4177 22.
203 4127 361 4196 Πειρήνην]
380 4128 544 4179 ΗΕΡΙΝΙΙΝ
559 4129 601 4187 11,
621 4143 737 4197 κερινην
756 4128 787 4176 ll.
820 4148 850 4162 -
871 4127 983 4176 mentm
1000 4133 1024 4175 ct
1044 4124 1210 4174 Lambinus:
1230 4127 1328 4175 emim
1345 4124 1395 4182 M,
1414 4137 1456 4173 oa·

137 4201 205 4248 abac
227 4202 273 4248 aad
300 4199 352 4248 iti.
383 4199 490 4259 ioenim
514 4205 543 4248 ot
567 4198 660 4247 acribo
687 4197 783 4246 mediis
809 4196 917 4246 omissis
935 4196 993 4244 aina
1013 4196 1099 4258 spatio
1119 4207 1203 4244 vacuo
1222 4195 1259 4254 ll,
1287 4209 1348 4244 cum
1367 4195 1453 4256 spatio

139 4273 309 4333 postumius
327 4268 348 4318 l.
372 4291 399 4301 -
437 4267 480 4317 23.
499 4269 528 4317 in
545 4273 570 4316 ta
587 4264 709 4337 κρήνην]
728 4264 940 4317 taramriam
954 4264 991 4315 M.
1029 4264 1077 4326 (Ut
1095 4279 1160 4323 noa,
1182 4265 1212 4313 1.
1249 4264 1301 4315 Sed
1322 4265 1454 4314 Lambino

138 4345 247 4390 auctore
273 4339 432 4388 seclusimus
464 4352 489 4386 r.
516 4335 645 4406 κρήνην,
676 4337 794 4387 deletum
813 4349 829 4384 a
849 4335 1013 4387 Sebasteia-t
1041 4359 1072 4370 -
1109 4335 1153 4384 21.
1182 4332 1275 4385 ταῦτα
1297 4329 1355 4404 ἄρα
1381 4334 1452 4384 Mti:

138 4405 220 4460 ταῦτ’
237 4404 284 4479 ἄρ’
303 4408 331 4458 s.
362 4433 390 4445 -
429 4408 472 4458 25.
492 4404 580 4470 stiam]
598 4415 623 4458 at
641 4408 671 4455 ti.
694 4429 724 4443 -
760 4406 882 4456 Mucium
901 4406 921 4454 l.
951 4428 981 4441 -
1019 4405 1148 4454 lucittm
1167 4418 1266 4455 nomeu
1285 4410 1452 4466 suspectum.

138 4481 190 4530 siti
212 4480 354 4530 voluerant
372 4478 528 4534 Caeciliam,
556 4479 602 4527 aiii
621 4477 750 4528 attilium.
789 4475 844 4526 Cir.
864 4475 896 4524 ad
916 4476 970 4525 Ati.
992 4473 1034 4528 10.
1056 4477 1099 4534 20,
1121 4475 1147 4525 3.
1170 4474 1220 4525 01.
1239 4499 1273 4509 -
1309 4488 1366 4523 aaa.
1403 4468 1453 4536 Da]

138 4551 224 4600 Soada
243 4550 264 4600 l.
288 4570 314 4582 -
352 4547 397 4598 27.
429 4549 548 4612 Vrrpinio
572 4549 627 4599 Mi:
662 4547 781 4611 Vtrptnto
812 4545 864 4595 titt.
898 4568 928 4581 -
965 4545 1205 4607 qnodManotiua:
1225 4543 1400 4607 cuidMlilli.
1422 4564 1453 4579 -

138 4621 180 4670 20.
201 4614 327 4682 adspicio]
346 4618 438 4668 Malim
457 4619 576 4681 dispicio.
595 4618 646 4669 on.
667 4640 698 4654 -
718 4617 762 4666 20.
780 4610 884 4677 Acium]
903 4614 998 4664 Auium
1015 4614 1111 4666 Mllilt.
1137 4614 1256 4671 (Conseri
1276 4627 1306 4663 ea
1319 4614 1376 4663 11.
1397 4611 1453 4663 Cir.

139 4691 195 4740 Lib.
216 4691 264 4748 13,
283 4689 310 4748 t,
329 4689 356 4737 2.
373 4687 437 4739 tini
453 4713 483 4725 -
502 4689 546 4739 00.
565 4693 666 4750 nosset,
686 4688 758 4752 quod
777 4685 893 4736 malebat
905 4685 1051 4744 Ernestion
1066 4687 1119 4735 iam
1131 4684 1287 4734 Lambinus.
1304 4707 1332 4717 -
1352 4685 1456 4733 demon

137 4762 246 4810 atroam
270 4759 308 4818 Y,
337 4758 540 4810 demonstrarem
565 4759 640 4811 Mlti.
677 4758 808 4818 (corrasit
824 4755 1000 4820 Maiaspioa.)
1019 4780 1048 4794 -
1086 4755 1216 4807 assentior
1232 4753 1316 4806 itui:
1341 4754 1457 4806 mantio

138 4845 200 4881 cum
219 4829 299 4881 lloalo
317 4829 349 4880 B.
