3256 5400
178 210 240 274 tat
605 206 881 274 EPISTOLARUM
901 210 954 272 al)
976 210 1066 272 ΕΔΜ.

259 368 289 434 8.
311 371 441 449 Itemque
463 368 580 429 renotari
601 368 721 447 plaeere
745 368 779 428 in
800 368 938 429 Ciliciam
963 367 1173 447 prouinciam,
1206 368 1238 428 in
1265 376 1330 429 octo
1366 370 1500 451 reliquos

173 466 362 549 prouincias,
399 482 475 543 quos
489 464 641 542 praetor-ii
666 481 726 542 pro
742 471 883 541 praetore
900 461 1076 529 obtinerent,
1099 480 1165 530 eos,
1188 462 1240 540 qni
1256 471 1414 541 praetores
1434 466 1501 544 suo

176 569 247 622 runt
263 579 354 639 neque
373 559 407 618 ln
421 556 613 636 prouinciam
635 575 703 616 curn
722 557 848 635 imperio
866 557 1006 635 suerunt,
1040 575 1113 636 qnos
1135 574 1239 616 eorum
1256 575 1295 617 en
1321 559 1353 621 S.
1378 561 1410 622 C.
1432 579 1501 621 eum

175 654 301 733 irnperio
318 651 352 712 in
368 650 545 730 prouincias
561 668 621 729 pro
648 658 789 728 praetore
809 650 888 710 mitti
911 657 1077 728 oporteret,
1111 669 1159 709 eos
1183 651 1289 711 sortito
1321 652 1355 711 in
1375 655 1502 733 prooire-

154 747 241 808 scios
257 747 337 807 mitti
349 746 487 824 placere:
509 745 537 803 si
557 762 596 804 ex
618 763 650 804 eo
673 763 813 814 nermero,
836 764 909 824 quos
928 764 967 805 ea
988 746 1019 806 S.
1043 744 1074 806 C.
1097 745 1131 804 in
1146 747 1322 824 prouincias
1344 750 1390 808 ire
1411 766 1503 827 opor-

176 849 269 917 teret,
300 839 339 900 od
359 857 515 899 nunururn
536 857 595 898 non
615 846 724 905 essent,
747 838 850 917 quiin
872 858 922 898 eas
936 839 1111 917 prouincias
1130 841 1414 918 proficiscerentur:
1437 850 1502 901 tam

175 934 375 1014 aliquodque
404 933 559 1012 colleqium
579 932 715 1011 primum
733 938 910 1009 praetorum
926 932 1032 1009 suisset
1053 950 1144 1010 neque
1178 933 1212 992 in
1232 935 1409 1012 prouincias
1426 955 1503 1014 pro-

173 1030 244 1110 fecti
263 1035 376 1096 esseest,
398 1028 443 1087 ita
463 1034 543 1086 sorte
560 1026 594 1085 in
610 1025 800 1104 prouinciam
813 1025 1095 1104 proficiscerentur:
1117 1025 1144 1085 si
1163 1025 1188 1085 ii
1208 1026 1248 1086 ed
1269 1046 1427 1089 numerum
1441 1048 1503 1090 non

176 1131 287 1192 essent,
318 1129 388 1181 tuuc
406 1120 540 1197 deinceps
555 1117 696 1198 proximi
713 1118 853 1196 caiusque
874 1118 1006 1196 colleqii,
1028 1119 1080 1198 qui
1091 1127 1248 1197 praetores
1261 1121 1389 1199 scissent
1410 1142 1502 1202 neque

143 1217 210 1278 rote
221 1215 398 1296 prouincias
409 1213 537 1293 profecti
558 1218 666 1280 essent,
696 1211 729 1271 in
746 1219 855 1271 sortem
878 1213 1079 1282 coicere-ntur,
1101 1212 1200 1293 quood
1223 1214 1250 1273 is
1270 1233 1412 1275 numerus
1436 1216 1503 1295 effe·

176 1320 241 1373 ctus
259 1317 351 1378 esset,
381 1327 466 1387 quern
491 1306 531 1367 ud
554 1323 712 1366 numerum
733 1305 765 1363 in
783 1305 961 1383 prouincias
982 1307 1061 1366 mitti
1085 1314 1242 1385 oporteret.
1285 1309 1321 1370 Si
1343 1311 1410 1389 quis
1431 1310 1503 1371 buic
1608 1337 1612 1343 ·

177 1405 210 1467 S.
233 1405 264 1466 C.
287 1402 518 1470 intercessisset,
554 1400 721 1460 auctoritas
747 1399 993 1478 perscriberetur.
1048 1399 1130 1460 Huic
1155 1399 1187 1461 S.
1221 1400 1253 1462 C.
1281 1401 1448 1463 intercessit
1469 1403 1502 1464 C.

178 1499 315 1567 Caclius,
339 1497 371 1559 C.
393 1496 511 1564 Pansa,
533 1493 646 1554 tribuni
663 1492 707 1571 pl.

262 1591 292 1652 9.
313 1587 368 1651 Illa
389 1597 553 1672 praeterea
571 1589 624 1651 Cn.
649 1583 790 1670 Pompeii
815 1592 887 1648 sunt
911 1583 1145 1658 animadversa,
1168 1604 1249 1669 quae
1269 1585 1406 1650 maxime
1429 1607 1503 1651 con·

144 1680 336 1746 studentium
363 1681 533 1745 attulerunt
566 1677 759 1751 hominibus,
786 1686 821 1743 ut
856 1676 975 1741 diceret
1008 1698 1042 1741 se
1075 1688 1145 1741 ante
1169 1677 1299 1743 Kalend.
1325 1683 1415 1742 Mart.
1440 1699 1503 1744 uon

177 1795 271 1861 posse
299 1774 367 1838 sine
401 1774 516 1839 iniuria
547 1773 585 1837 de
607 1772 778 1858 provinciis
814 1771 954 1836 Caesaris
986 1780 1139 1846 statuere,
1175 1780 1248 1857 post
1268 1773 1336 1837 Kal.
1357 1778 1446 1838 Mart.
1469 1795 1504 1838 se

178 1888 243 1932 non
265 1866 488 1933 dubitaturum.
547 1870 624 1932 Cum
646 1866 911 1949 interrogaretur,
944 1865 971 1930 si
993 1866 1047 1951 qui
1069 1874 1135 1929 tum
1156 1865 1400 1939 intercederent,
1424 1867 1505 1932 dixit

179 1959 240 2024 hoc
261 1961 338 2025 nihil
359 1962 531 2033 interesse,
565 1969 671 2023 utrum
694 1963 726 2024 C.
750 1963 863 2025 Caesar
884 1963 1004 2023 senatui
1037 1958 1121 2024 dicto
1143 1958 1273 2024 audiens
1295 1960 1418 2024 iuturus
1440 1983 1505 2026 nou

180 2062 280 2128 esset,
312 2076 352 2118 an
373 2062 511 2140 pararet,
550 2053 604 2140 qui
632 2061 774 2117 senatum
796 2051 966 2116 decernere
998 2074 1060 2117 non
1081 2061 1252 2138 pateretur.
1296 2101 1315 2128 „
1324 2052 1427 2129 Quid,
1462 2053 1504 2128 si,

142 2146 397 2234 eloquentius,
434 2157 466 2212 et
487 2147 595 2212 consul
618 2168 686 2210 esse
709 2155 740 2210 et
765 2146 939 2211 exercitum
963 2145 1078 2210 habere
1100 2147 1233 2211 voterr'
1275 2151 1314 2212 At
1335 2147 1387 2210 ille
1410 2167 1505 2232 quam

180 2241 367 2306 clementer:
404 2290 423 2316 ‚‚
433 2240 533 2318 Quid,
567 2240 593 2305 si
616 2240 697 2305 lilius
720 2260 808 2303 meus
831 2239 944 2306 fustem
967 2239 1043 2304 mihi
1074 2239 1250 2326 impingere
1278 2240 1406 2305 volet‘l”
1449 2240 1505 2305 llis

179 2334 327 2410 vocibus,
359 2343 393 2399 ut
415 2334 630 2398 existimarent
652 2333 794 2397 homines
816 2333 967 2418 Pompeio
989 2353 1060 2398 cum
1082 2337 1214 2399 Caesare
1237 2354 1305 2397 esse
1326 2335 1505 2419 negotium,

181 2426 295 2492 effecit.
344 2433 451 2515 ltaque
476 2428 557 2502 iam,
590 2437 625 2493 ut
650 2426 762 2501 video,
792 2427 923 2491 alteram
951 2434 1055 2491 utram
1077 2426 1117 2491 ad
1139 2426 1357 2492 condicionem
1379 2428 1508 2491 descen·

181 2520 258 2586 dere
286 2522 352 2586 vult
383 2526 512 2596 Caesar,
548 2530 584 2585 ut
612 2529 665 2585 aut
697 2528 820 2584 maneat
840 2540 943 2605 neque
966 2519 1026 2584 hoc
1047 2541 1129 2586 anuo
1152 2542 1208 2585 sua
1229 2520 1312 2585 ratio
1334 2519 1506 2592 habeatur,

144 2627 251 2688 etant,
286 2615 313 2680 si
335 2614 492 2699 designari
514 2615 644 2699 poterit,
668 2613 806 2678 decedat.
851 2618 900 2677 10.
924 2614 1020 2679 Curio
1041 2635 1075 2678 se
1098 2623 1206 2678 contra
1228 2635 1300 2678 eum
1328 2622 1429 2678 totum
1452 2633 1508 2698 pa-

182 2719 250 2783 rat:
273 2708 350 2796 quid
372 2709 497 2794 assequi
512 2707 625 2794 possit,
649 2707 766 2772 nescio.
809 2706 888 2772 Illud
904 2700 1014 2781 video,
1037 2706 1118 2771 bene
1133 2707 1332 2782 sentientem,
1355 2707 1414 2771 etsi
1430 2705 1506 2770 nihil

182 2801 339 2876 effecerit,
370 2802 482 2866 cadere
514 2823 577 2866 non
606 2821 709 2886 posse.
767 2805 816 2865 Me
848 2809 959 2865 tractat
981 2800 1154 2865 liberaliter
1175 2801 1270 2867 Curio
1293 2809 1324 2865 et
1345 2799 1423 2864 mihi
1446 2820 1507 2865 suo

182 2916 314 2960 munere
348 2897 508 2980 negotium
542 2894 702 2980 imposuit.
754 2898 831 2958 Nam
860 2894 886 2958 si
915 2893 992 2958 mihi
1014 2915 1076 2958 non
1099 2894 1235 2959 dedisset
1257 2916 1328 2969 eas.
1364 2916 1445 2980 quae
1467 2893 1509 2959 ad

182 2988 274 3055 ludos
296 2990 325 3053 ei
348 2989 495 3054 advectae
517 2998 606 3054 erant
627 2989 806 3062 Africanae,
833 2987 935 3072 potuit
957 2988 1174 3073 supersedere.
1229 2994 1331 3064 Nunc,
1356 2988 1506 3075 quoniam

145 3083 259 3146 ”dare
287 3104 413 3148 necesse
442 3093 505 3157 est,
538 3083 632 3146 velim
655 3080 712 3146 tibi
734 3101 828 3144 curae
851 3082 905 3155 sit.
929 3081 1055 3166 quoda
1078 3091 1108 3146 te
1130 3103 1255 3167 semper
1276 3083 1373 3168 petii,
1396 3091 1431 3146 ut
1453 3080 1510 3145 eli·

183 3176 259 3268 quid
277 3177 368 3242 istinc
382 3177 553 3241 bestiarum
570 3174 755 3252 habeamus;
779 3174 1004 3261 Sittianamque
1019 3175 1227 3263 syngrapham
1242 3175 1298 3240 tibi
1312 3175 1509 3240 commende.

182 3269 344 3336 Libertum
377 3271 538 3335 Philonem
572 3270 651 3334 istuc
671 3268 744 3332 misi
766 3275 796 3331 el
817 3267 991 3352 Diogenem
1014 3273 1186 3345 Graecum,
1222 3268 1336 3356 quibus
1359 3268 1509 3358 *mandata

183 3371 216 3427 et
236 3364 355 3428 litteras
377 3364 416 3428 ad
439 3372 468 3428 te
491 3363 573 3428 dedi.
629 3367 692 3427 Eos
715 3360 771 3425 tibi
794 3370 825 3426 et
845 3383 930 3436 rem.
953 3362 992 3427 de
1014 3384 1076 3448 qua
1098 3363 1190 3440 misi,
1220 3362 1316 3428 velim
1338 3383 1432 3428 curae
1454 3361 1511 3426 ha·

184 3455 271 3521 beas.
313 3462 410 3530 Nam,
440 3478 534 3543 quam
560 3455 763 3520 vehementer
783 3453 824 3519 ad
845 3476 896 3520 me
917 3456 1092 3542 pertineat,
1125 3456 1243 3533 iniis,
1281 3477 1360 3543 quas
1381 3454 1441 3520 tibi
1462 3455 1509 3521 illi

148 3550 330 3625 ³³reddont,
353 3551 466 3616 litteris
488 3549 650 3636 descripsi.

667 3746 1024 3832 manem)

634 3879 795 3941 CAELIUS
819 3879 1004 3943 CICERONI
1026 3881 1057 3943 S.

273 4005 302 4066 1.
326 4000 450 4073 Siata,
473 3996 597 4082 inquis,
619 3996 749 4061 Hirrum
771 3997 939 4063 tractasti?
982 4003 1099 4074 Immo,
1122 3999 1148 4063 si
1172 3997 1268 4071 scias,
1291 4019 1385 4085 quam
1405 3998 1512 4074 facile,

189 4116 283 4182 quam
314 4115 352 4158 ne
384 4091 593 4157 contentionis
627 4091 753 4177 quidem
781 4091 928 4156 minimae
955 4092 1068 4169 luerit,
1100 4092 1217 4179 pudeat
1239 4101 1268 4156 te
1286 4113 1402 4169 ausum
1423 4092 1514 4157 illum

151 4198 325 4275 wunquam
355 4208 423 4251 csse
459 4185 604 4250 incedere
641 4193 799 4270 tamquam
834 4194 922 4251 tuum
950 4187 1198 4272 competitorem.
1253 4191 1326 4252 Post
1355 4186 1514 4271 repulsam

188 4304 267 4349 vero
288 4283 371 4346 risus
394 4280 484 4358 lacit;
507 4279 609 4343 civem
630 4277 748 4342 bonum
762 4279 843 4344 ludit
864 4287 896 4344 et
916 4289 1026 4346 contra
1049 4286 1212 4348 Caesarem
1228 4280 1396 4345 sententias
1417 4279 1513 4359 dicit3

258 4514 285 4561 2.
306 4517 333 4562 et
350 4512 379 4563 lt.
399 4524 452 4573 pro
473 4509 639 4572 praetoribus
666 4507 831 4558 Gronovius.
864 4533 895 4545 -
933 4511 960 4561 ³.
990 4511 1155 4574 prouinciam
1183 4509 1227 4558 M:
1253 4509 1392 4570 procincto
1422 4507 1453 4556 Ε.
1481 4532 1515 4543 --

188 4584 214 4635 b.
235 4589 354 4646 oportere
372 4583 408 4633 Μ.
443 4606 474 4616 -
511 4581 537 4629 5.
557 4592 590 4628 eu
608 4577 713 4627 untes·
734 4578 763 4629 G.
783 4592 838 4628 om.
858 4580 896 4630 Μ.
917 4604 951 4618 -
985 4582 1011 4630 8.
1027 4583 1193 4643 prouinciam
1211 4579 1253 4628 M:
1271 4579 1421 4640 prouincias
1440 4577 1514 4626 Ε.-

190 4655 232 4704 10.
261 4655 420 4702 colrerentur
437 4651 479 4700 M:
511 4651 698 4698 conticesceres
724 4648 755 4698 Ε.
786 4672 813 4683 -
853 4650 897 4699 13.
923 4651 1041 4701 tribunus
1065 4651 1147 4712 plebis
1165 4649 1201 4696 M.
1231 4672 1261 4683 -
1299 4649 1517 4709 tepuerimus·

188 4725 221 4775 N.
252 4748 280 4758 -
318 4724 361 4772 rb.
389 4723 475 4785 inquis
505 4720 542 4769 Μ.
571 4745 603 4755 -
639 4719 684 4767 2³.
715 4718 793 4783 eflicit
819 4719 857 4769 Μ.
885 4745 920 4756 -
955 4722 1067 4770 alteram
1084 4727 1174 4768 utram
1192 4719 1234 4768 M:
1255 4719 1412 4767 alterutram
1431 4717 1460 4766 E.
1483 4743 1513 4753 -

189 4794 235 4844 bb.
253 4796 294 4843 tui
322 4793 415 4842 Aldus.
448 4814 481 4824 -
516 4792 559 4840 ab.
579 4790 680 4838 aduecti
698 4788 736 4837 Μ.
770 4813 801 4823 -
837 4792 999 4851 supersedere
1017 4791 1062 4840 M:
1082 4790 1242 4851 supersederi
1258 4789 1289 4837 E.
1320 4813 1354 4821 -
1390 4789 1517 4850 quonium

190 4864 236 4916 u:
257 4864 362 4928 quondo
380 4863 411 4913 Ε.
432 4887 462 4898 -
500 4861 544 4911 32.
564 4861 629 4910 istoc
646 4858 685 4910 Μ.
707 4882 739 4894 -
776 4857 903 4910 &cecam
921 4867 1030 4911 auctore
1048 4859 1170 4911 Welekio
1188 4857 1242 4909 dol.
1263 4858 1413 4909 Schittziue.
