3256 5400
185 233 226 295 82
613 227 889 292 EPISTULARUM
910 229 962 292 hl)
984 229 1074 293 thl.

186 388 301 472 magis,
324 385 409 472 quod
429 385 462 449 iu
483 381 702 448 communibus
723 381 859 447 miseriis
880 383 938 447 hac
957 391 1062 448 tamen
1082 382 1264 450 oblectabar
1283 386 1422 471 specula,
1444 392 1508 455 llo·

185 481 330 547 labellam
351 499 456 544 meum
470 478 520 542 vel
542 476 647 561 potius
668 485 811 541 nostrum
832 476 901 540 lore
923 475 964 541 ab
986 477 1024 540 iis
1038 476 1207 552 molestiis,
1230 499 1309 564 quas
1323 479 1508 548 liberalitate

187 595 243 640 sna
266 580 486 644 contraxerat,
511 569 657 635 liberum.
700 569 802 634 Velim
823 590 974 655 quaeras,
997 589 1077 655 quos
1098 570 1151 635 ille
1169 569 1236 636 dies
1251 571 1455 650 sustinuerit,
1476 576 1513 641 in·

185 666 266 731 urbe
286 667 362 731 dum
384 664 458 741 luit;
480 684 575 751 quam
599 660 731 727 acerbos
751 660 826 734 sibi,
851 683 945 748 wem
967 662 1110 727 mihimet
1130 662 1193 749 ipsi
1207 684 1320 730 socero
1334 687 1398 732 uon
1413 667 1510 733 hone·

162 770 261 826 tstos.
309 764 340 824 6.
361 763 470 844 Itaque
490 777 595 844 neque
617 776 677 840 ego
699 754 781 820 hunc
805 756 1042 841 Hispaniensem
1063 776 1171 821 casum
1193 768 1360 843 exspecto,
1383 760 1425 825 de
1445 784 1509 848 quo

186 854 262 920 mihi
284 853 484 939 exploratum
505 861 552 915 est
574 850 616 914 ita
637 870 722 921 esse,
745 858 780 913 ut
801 857 834 912 tu
855 847 984 921 scribis,
1006 869 1110 935 neque
1132 848 1305 936 quidquam
1326 862 1429 918 astute
1458 877 1510 920 co-

186 947 261 1032 gito.
316 943 498 1032 Siquando
524 942 584 1009 erit
605 942 728 1015 civitas,
761 941 822 1005 erit
842 939 985 1027 prolecto
1007 939 1098 1005 uobis
1119 941 1226 1019 locus;
1248 943 1426 1009 sinautem
1448 969 1509 1013 nou

187 1041 265 1114 erit,
294 1039 328 1105 in
349 1038 475 1103 easdem
497 1035 680 1102 solitudines
703 1043 736 1098 tu
758 1036 845 1119 ipse,
867 1042 902 1098 ut
923 1031 1082 1107 arbitror,
1114 1033 1241 1110 venies,
1263 1032 1297 1100 iu
1318 1037 1434 1122 quibus
1454 1063 1511 1106 nos

185 1131 365 1198 consedisse
393 1129 512 1195 audies.
556 1127 617 1193 Sed
647 1147 707 1211 ego
736 1126 869 1191 sortasse
901 1125 1056 1190 vaticinor
1082 1136 1113 1192 et
1134 1126 1339 1194 haecomnia
1360 1132 1508 1199 meliores

149 1238 175 1282 ¹⁰
185 1224 346 1291 habebunt
362 1224 476 1289 exitus.
518 1220 681 1288 Recordor
703 1219 785 1284 enim
807 1218 1043 1305 desperationes
1065 1241 1194 1295 eorum,
1228 1222 1283 1307 qui
1306 1242 1398 1289 senes
1424 1237 1511 1291 erant

185 1320 381 1386 adolescente
402 1338 468 1381 me:
491 1336 546 1380 eos
568 1334 627 1398 ego
651 1313 783 1378 sortasse
804 1334 888 1377 nunc
907 1312 1015 1378 imitor
1030 1322 1061 1377 et
1074 1324 1149 1380 utor
1169 1315 1278 1380 aetatis
1293 1315 1380 1383 vitio.
1410 1318 1510 1384 Velim

184 1414 228 1479 ita
250 1413 300 1478 sit.
344 1409 406 1476 Sed
425 1413 549 1473 mmeul
573 1455 581 1471 .
605 1454 645 1472 ..
687 1412 718 1472 7.
740 1412 857 1491 Togam
879 1417 1074 1491 praetextam
1095 1408 1162 1494 texi
1184 1408 1288 1494 Oppio
1313 1419 1390 1496 puto
1410 1422 1440 1477 te
1457 1433 1512 1476 au·

185 1507 279 1572 disse.
338 1509 415 1568 Nam
439 1501 564 1569 Curtius
592 1511 701 1567 noster
719 1500 890 1587 dibaphum
913 1501 1044 1586 cogitat3
1075 1502 1131 1567 sed
1153 1524 1226 1568 eum
1252 1502 1386 1569 infector
1408 1526 1512 1570 mora-

185 1608 247 1666 tur.
290 1602 359 1663 lloc
377 1596 533 1683 adspersi,
555 1606 591 1661 ut
613 1595 709 1661 scires
737 1616 787 1659 me
810 1595 965 1659 tamenin
991 1595 1154 1661 stomacho
1178 1596 1281 1661 solere
1305 1597 1422 1662 ridere.
1466 1603 1510 1662 lle

151 1712 177 1757 u
185 1691 363 1766 Dolabella,
386 1690 472 1777 quod
486 1689 614 1776 scripsi,
637 1687 754 1754 suadeo
773 1688 894 1760 videas,
923 1696 1082 1773 tamquam
1104 1689 1132 1753 si
1148 1699 1202 1753 tua
1215 1711 1267 1753 res
1282 1701 1402 1774 agatur.
1448 1694 1511 1755 Ex-

186 1796 321 1849 tremum
336 1782 501 1848 illuderit:
524 1804 581 1848 nos
596 1783 672 1847 nihil
684 1781 894 1855 turbulenter,
917 1781 995 1846 nihil
1012 1791 1131 1846 temere
1142 1781 1304 1848 iaciemus.
1347 1788 1392 1848 Te
1406 1794 1509 1848 tamen

186 1898 323 1950 oramus,
338 1877 578 1963 quibuscunque
590 1877 708 1942 erimus
716 1875 748 1940 in
757 1875 858 1949 terris,
873 1885 908 1941 ut
923 1896 980 1942 nos
995 1874 1176 1963 liberosque
1191 1886 1316 1942 nostros
1331 1876 1374 1943 ita
1388 1887 1509 1952 tueare,

185 1979 222 2037 ut
241 1970 378 2036 amicitia
399 1978 505 2036 nostra
528 1979 559 2034 et
579 1980 632 2034 tua
654 1967 731 2033 fides
753 1968 933 2055 postulabit

642 2139 739 2202 rvrr.
783 2135 832 2218 (A.
858 2141 891 2203 u.
913 2141 945 2203 c.
969 2137 1055 2224 roe.)

147 2291 176 2336 ω
291 2273 333 2334 u.
356 2263 500 2335 arcano
522 2272 601 2335 rm.
624 2271 655 2333 s,
679 2272 716 2332 o.
739 2268 929 2348 †CAN1N10
952 2270 1142 2334 smusuo
1163 2270 1409 2346 rnooulnsr.

271 2412 299 2474 l.
323 2405 439 2492 [Binas]
462 2407 580 2473 litteras
601 2428 620 2471 a
642 2414 672 2473 te
693 2405 771 2472 mihi
792 2415 890 2472 stator
910 2416 984 2472 tuus
1005 2405 1143 2472 reddidit
1164 2407 1295 2472 Tarsia.
1312 2406 1342 2472 d.
1358 2427 1426 2473 xvr.
1448 2413 1509 2474 lta·

184 2502 267 2568 lend.
290 2501 434 2567 Sextiles.
486 2501 543 2565 His
566 2520 625 2585 ego
647 2500 772 2575 ordine,
803 2510 838 2565 ut
859 2499 977 2566 videris
999 2499 1094 2575 velle,
1124 2498 1333 2587 respondebo.
1376 2506 1423 2566 De
1441 2524 1511 2567 suc·

185 2616 311 2661 cessorc
346 2614 418 2659 meo
446 2593 522 2658 nibil
552 2593 659 2659 audivi
679 2615 737 2659 uec
765 2615 954 2681 quemquam
975 2592 1046 2660 lore
1068 2590 1216 2660 arbitror.
1260 2596 1344 2673 Quin
1365 2596 1405 2661 ad
1427 2596 1510 2662 diem

186 2686 355 2763 decedam,
389 2686 474 2751 nulla
496 2707 589 2751 causa
611 2695 673 2761 cst,
702 2687 888 2772 praesertim
910 2687 1033 2754 sublato
1055 2697 1141 2753 metu
1163 2687 1318 2754 Parthico.
1363 2694 1510 2756 Commo·

147 2792 327 2849 straturum
350 2802 400 2845 me
420 2801 574 2868 nusquam
601 2801 676 2845 sane
698 2779 851 2858 arbitron
886 2780 1033 2847 Rhodum
1058 2781 1246 2848 Ciceronum
1280 2802 1372 2848 causa
1394 2805 1510 2870 puero-

184 2896 256 2939 rum
278 2894 479 2939 accessurum
502 2882 596 2960 puto;
618 2894 721 2961 neque
743 2872 775 2938 id
797 2883 900 2939 umen
922 2882 1055 2941 certum.
1112 2874 1159 2940 ad
1179 2873 1292 2940 urbem
1316 2876 1389 2941 volo
1415 2897 1509 2962 quam

184 2968 322 3054 primum
347 2968 471 3045 venire;
494 2966 549 3033 sed
570 2974 673 3031 umen
693 2967 754 3032 iter
773 2988 879 3032 meum
900 2969 948 3033 rei
972 2967 1116 3055 publicae
1138 2978 1169 3033 et
1186 2989 1295 3033 rerum
1317 2967 1509 3034 urbanarum

183 3063 265 3128 ratio
287 3060 484 3147 gvihemabit.
527 3064 698 3126 Successor
728 3069 800 3126 tuus
833 3082 896 3127 non
925 3072 1028 3149 potest
1053 3063 1095 3129 ita
1120 3070 1279 3127 maturare
1308 3060 1508 3136 ullomodo,

183 3164 219 3222 ut
247 3166 281 3221 tu
308 3175 359 3220 me
387 3155 420 3219 in
446 3154 519 3219 Asia
545 3154 647 3239 possis
676 3154 856 3220 convenire.
913 3159 943 3220 2.
965 3160 1013 3222 De
1038 3154 1212 3222 rationibus
1233 3153 1423 3232 referendis,
1445 3174 1509 3220 non

146 3258 252 3314 ecerat
271 3246 505 3313 incommodum
527 3257 557 3312 te
574 3247 673 3313 nullas
688 3246 829 3323 referre,
853 3270 947 3335 quam
964 3248 1020 3315 tibi
1039 3249 1151 3315 scribis
1167 3270 1184 3313 a
1202 3247 1316 3313 Bibulo
1336 3247 1406 3312 lieri
1421 3257 1510 3334 pote·

183 3354 310 3420 statem;
348 3339 403 3406 sed
422 3339 455 3405 id
473 3340 528 3407 vix
553 3339 631 3405 mihi
659 3338 776 3406 videris
802 3342 983 3428 perlegam
1010 3343 1121 3409 Iuliam
1143 3341 1247 3406 lacere
1267 3362 1378 3427 posse,
1414 3362 1508 3428 qnam

184 3438 314 3503 Bibulus
335 3444 420 3500 certa
442 3433 576 3520 quadam
595 3434 718 3500 ratione
747 3455 810 3498 non
833 3444 951 3511 servat,
988 3435 1047 3502 tibi
1069 3455 1182 3521 magno
1204 3455 1302 3521 opere
1323 3433 1508 3500 servandam

183 3550 308 3595 censeo.
350 3534 381 3594 3.
419 3526 514 3604 Quod
543 3525 671 3603 scribis,
694 3532 830 3613 Apamea
861 3529 1052 3615 praesidium
1082 3527 1195 3594 deduci
1222 3548 1287 3593 nou
1318 3528 1508 3614 oportuisse,

183 3623 329 3688 videbam
360 3622 436 3686 item
472 3628 593 3685 ceteros
620 3619 815 3696 existimare,
851 3622 1046 3709 molesteque
1069 3620 1210 3687 ferebam
1227 3621 1267 3688 de
1287 3641 1325 3686 ea
1344 3641 1380 3685 re
1402 3620 1508 3687 minus

145 3715 366 3782 ascommodos
380 3734 541 3779 sermones
562 3713 788 3780 malevolorum
810 3714 917 3780 luisse.
960 3714 1066 3780 Parthi
1080 3714 1263 3780 transierint
1279 3734 1392 3790 necne,
1414 3735 1506 3802 prae-

183 3819 233 3875 ter
260 3819 290 3874 te
312 3807 406 3874 video
438 3805 584 3872 dubitare
614 3807 781 3872 neminem.
834 3814 942 3895 ltaque
969 3807 1075 3873 omnia
1095 3808 1269 3894 praesidia,
1292 3828 1373 3895 quae
1395 3830 1507 3896 magna

182 3917 214 3970 et
246 3905 336 3969 firma
367 3923 567 3988 paraveram,
605 3911 780 3967 commotus
810 3902 973 3968 homiuum
999 3923 1062 3970 nou
1095 3901 1194 3969 dubio
1220 3922 1367 3968 sermone
1389 3901 1506 3967 dimisi.

181 4003 212 4064 4.
234 3998 381 4064 Rationes
404 3994 467 4059 mei
490 3994 667 4081 quaestoris
687 4016 744 4060 uec
761 4018 872 4061 verum
889 3995 948 4063 tuit
969 4017 1020 4061 me
1034 3994 1093 4061 tibi
1113 3995 1237 4061 mittere
1259 4016 1317 4061 nec
1336 4004 1404 4063 tum
1418 4006 1508 4061 erant

181 4092 357 4168 conlectae3
380 4109 433 4153 eas
466 4109 523 4153 nos
555 4093 710 4174 Apameae
742 4088 901 4176 deponere
932 4087 1158 4174 cogitabamus.
1215 4094 1261 4154 lle
1281 4089 1398 4176 praeda
1417 4110 1506 4164 mea,

144 4196 307 4272 repraeter
323 4194 505 4271 quaestores
522 4181 678 4257 urbanos,
706 4181 739 4248 id
764 4193 825 4259 est,
855 4180 1007 4268 populum
1029 4185 1220 4258 Romanum,
1250 4183 1428 4250 teruncium
1448 4203 1507 4247 nec

181 4277 284 4363 attigit
299 4298 356 4342 nec
371 4286 509 4341 tacturus
528 4284 575 4341 est
588 4276 766 4364 quisquam.
808 4274 981 4341 Laodiceae
992 4296 1043 4340 me
1057 4273 1190 4362 praedes
1206 4286 1409 4362 accepturum
1421 4274 1506 4340 arbi-

250 4460 276 4508 2.
304 4456 346 4521 tte]
375 4460 414 4507 tte
441 4458 488 4509 Μ.-
505 4485 537 4494 -
562 4458 721 4508 ttteratttote
750 4457 792 4508 bl:
818 4455 937 4506 libertate
962 4454 994 4505 ll.
1023 4477 1054 4491 -
1091 4454 1118 4505 4.
1144 4458 1260 4506 mihimet
1286 4459 1338 4520 ἕρπ’
1364 4457 1504 4508 ΟηΙΙίιιιι

181 4530 245 4579 metr
263 4531 312 4592 [ott
331 4531 383 4592 tpet
401 4528 444 4586 Μ,
474 4529 537 4577 mitet
555 4530 606 4591 tpee‘
630 4528 661 4577 ll.
690 4553 719 4563 -
757 4527 783 4577 5.
802 4540 882 4590 neque
899 4525 943 4576 ll:
964 4538 1010 4575 nee
1032 4524 1063 4575 ll.
1084 4550 1117 4562 -
1161 4527 1204 4577 ta.
1232 4527 1281 4577 Sed
1310 4529 1418 4577 tament
1437 4563 1446 4578 .
1466 4563 1503 4579 ..

183 4600 281 4663 Toqom
307 4601 439 4649 Rutilius:
464 4598 514 4648 Sed
540 4607 627 4648 tumen
653 4604 742 4660 topom
768 4596 800 4647 ll.
831 4618 861 4631 -
899 4595 941 4645 te.
961 4595 1000 4645 De
1017 4594 1155 4645 Dolabella
1172 4596 1214 4646 ha
1241 4597 1371 4647 dolobella
1397 4611 1438 4660 pr.
1456 4598 1504 4658 Μ,

181 4669 331 4721 Dotubettoe
344 4670 364 4718 u
377 4683 438 4719 cum
458 4683 528 4718 corr.
548 4669 585 4718 Μ.
601 4690 630 4702 ·-
650 4667 695 4717 20.
708 4668 797 4717 contat
815 4665 926 4715 tutuno
940 4664 985 4726 Μ,
1001 4663 1030 4715 C.
1049 4664 1165 4715 sntmeto
1185 4666 1223 4715 Vh
1242 4668 1371 4730 probante
1390 4666 1503 4730 Orelllo,

182 4740 211 4789 c.
232 4741 316 4789 lanto
334 4740 486 4790 Sntuettnao
506 4739 642 4789 Huschke.
668 4760 698 4772 -
734 4737 779 4786 et.
803 4736 885 4785 Btooe
903 4735 1006 4786 mseras
1022 4734 1102 4787 llert.
1122 4734 1249 4798 ugnus:
1270 4737 1372 4788 litterae
1390 4737 1450 4788 ΜΕ.
1473 4763 1501 4775 -

180 4810 224 4861 23.
244 4806 298 4871 nec]
317 4825 350 4860 ne
368 4810 405 4859 Μ.
428 4834 457 4844 -
494 4809 539 4858 26.
558 4808 632 4857 fort.
650 4819 810 4857 eeeeemnem
826 4819 866 4857 ene
882 4813 959 4869 puto.
978 4803 1030 4855 01.
1049 4830 1079 4841 -
1100 4805 1142 4856 ³0.
1162 4806 1249 4855 nultos
1267 4806 1346 4859 ldart.
1373 4807 1504 4870 Leguuu

180 4880 280 4929 nuttam
308 4880 368 4932 ΜΕ.
389 4906 417 4916 -
457 4879 501 4928 at.
526 4881 588 4928 item
615 4877 662 4928 hta
688 4876 756 4926 idem
774 4876 805 4927 ll.
826 4898 857 4913 -
893 4875 938 4927 ³8.
958 4883 1014 4926 taen
1039 4875 1076 4929 Na
1108 4883 1195 4926 tomen
1219 4876 1279 4927 ΜΕ.
