3256 5400
172 237 215 300 44
604 229 880 297 ΒΡΙθΤΟῑΛΒῦΜ
901 231 955 296 ΑΒ
975 230 1066 294 111111.

173 392 301 460 Clodius
321 399 369 457 est
395 391 534 464 locutus,
557 409 629 455 cum
664 389 697 454 in
719 408 760 454 eo
787 407 905 474 genere
933 387 1072 452 maxime
1097 396 1285 473 quereretur
1306 397 1339 454 te
1365 389 1501 455 aliorum

173 485 374 573 improbitate
390 484 492 549 minus
512 480 636 548 felicem
655 481 763 548 baisse.
807 485 873 547 llos
896 501 956 566 ogo
971 502 1149 556 sermones,
1173 482 1259 568 quod
1276 484 1412 549 etmulti
1430 493 1503 551 sunt

173 589 205 645 et
225 591 310 645 tuam
341 576 622 650 existimationem,
656 585 692 641 ut
719 596 781 661 ego
802 575 920 650 santio,
956 596 1018 641 non
1040 574 1222 651 offendunt,
1250 576 1395 643 lacessivi
1423 599 1503 643 nam

173 694 286 759 quam,
320 671 376 737 sed
397 691 461 736 non
480 670 571 736 valde
592 670 741 756 repressi.
773 670 817 735 si
843 669 914 756 quis
936 676 999 742 est,
1021 669 1078 754 qui
1098 670 1255 735 nemiuem
1281 669 1365 737 bona
1387 669 1449 737 lide
1468 669 1502 737 in

147 767 305 851 sgratiam
336 773 425 849 putet
448 764 556 833 redire
579 785 692 850 posse,
728 785 792 829 non
820 771 960 828 nostram
990 761 1017 826 is
1050 763 1214 848 perfidiam
1243 765 1410 848 coarguit,
1444 764 1501 831 sed

171 859 287 925 iudicat
312 880 416 932 suurn.
449 859 605 945 simulque
624 879 687 923 non
708 857 747 923 de
766 878 816 922 me
839 857 867 921 is
887 856 978 943 peius
995 877 1091 942 quam
1117 856 1157 921 de
1180 865 1211 922 te
1233 857 1402 923 existimat.
1445 857 1501 923 Sin

172 962 275 1019 autem
293 973 387 1039 quom
402 973 472 1017 mea
486 952 627 1018 instituta
640 952 673 1016 in
687 950 851 1038 provincia
865 970 928 1014 non
947 949 1101 1015 delectant
1114 957 1146 1014 et
1157 949 1291 1037 quadam
1306 951 1501 1018 dissimilitu-

171 1046 245 1113 dine
277 1046 492 1112 instilutorum
520 1066 665 1111 meorum
687 1066 724 1109 ac
741 1053 868 1109 tuorum
895 1043 978 1108 laedi
1004 1064 1039 1108 se
1063 1052 1169 1129 putat,
1192 1065 1265 1109 cum
1286 1053 1421 1132 uterque
1444 1066 1501 1111 no·

170 1146 270 1207 suum
285 1150 372 1205 recte
397 1140 527 1212 fecerit,
550 1139 684 1205 sednon
703 1138 787 1203 idem
808 1146 941 1223 uterque
957 1146 1082 1203 secutus
1101 1137 1157 1203 sit:
1180 1137 1264 1203 bunc
1277 1158 1340 1223 ego
1364 1138 1500 1205 antinum

134 1259 162 1305 so
171 1232 288 1299 babere
309 1254 373 1298 non
401 1254 489 1298 curo.
533 1237 566 1298 8.
587 1231 774 1299 Liberalitas
795 1240 865 1305 tua.
894 1239 930 1296 ut
955 1230 1091 1295 bominis
1115 1229 1321 1305 nobilissimi,
1353 1231 1446 1297 latius
1466 1231 1499 1298 in

170 1327 333 1415 provincia
357 1326 470 1412 patuit:
494 1336 600 1391 nostra
629 1325 657 1391 si
684 1325 847 1411 angustior
869 1359 908 1370 —
930 1324 989 1389 etsi
1011 1324 1051 1389 dc
1070 1333 1123 1389 tua
1145 1324 1272 1409 prolixa
1295 1323 1497 1412 beneficaque

170 1430 281 1488 natura
303 1420 423 1486 limavit
447 1418 565 1506 aliquid
586 1418 747 1504 posterior
769 1440 868 1484 annus
898 1427 1030 1505 propter
1053 1416 1210 1504 quandam
1234 1419 1393 1485 tristitiam
1423 1431 1501 1485 tem-

170 1536 285 1601 porum
308 1551 358 1588 -,
381 1535 444 1580 uon
459 1514 574 1579 dobont
591 1513 701 1578 rnirari
719 1512 878 1587 homines,
900 1533 972 1577 curn
989 1523 1021 1577 et
1041 1520 1153 1577 natura
1172 1532 1299 1599 semper
1312 1513 1350 1577 ad
1366 1513 1501 1597 largien-

171 1608 247 1675 dum
268 1630 309 1673 ex
338 1608 442 1672 alieno
474 1607 589 1672 luerim
611 1605 787 1673 restrictior
808 1615 840 1672 et
860 1605 1072 1692 temporibus,
1105 1603 1221 1692 quibus
1241 1606 1296 1672 alii
1318 1615 1499 1680 moventur,

134 1728 161 1773 n
171 1701 283 1767 iisdem
304 1721 365 1786 ego
386 1717 535 1766 movear:

382 1843 428 1885 me
448 1843 509 1885 esse
529 1823 668 1886 acerbum
689 1824 762 1896 sibi,
782 1834 816 1887 ut
836 1827 895 1888 um
915 1825 1010 1888 dulcia
1029 1824 1115 1888 mibi.

171 1946 201 2010 0.
223 1948 271 2010 Ι)ο
296 1940 392 2008 robus
413 1939 543 2008 urbanis
558 1941 643 2029 quod
661 1963 712 2007 mo
733 1944 902 2010 certiorem
924 1944 1040 2021 fecisti,
1063 1966 1134 2012 cum
1149 1965 1209 2032 per
1226 1966 1260 2013 se
1281 1945 1360 2013 mibi
1377 1955 1499 2031 gratm

171 2036 244 2114 tuit,
268 2046 333 2102 turn
357 2036 443 2124 quod
463 2035 643 2129 significasti
665 2035 722 2102 tibi
747 2037 853 2103 omnia
875 2058 945 2102 mea
968 2037 1112 2104 mundata
1128 2059 1223 2104 curae
1253 2036 1333 2105 sore.
1376 2042 1412 2105 ln
1431 2038 1500 2126 qui·

171 2131 229 2199 bus
261 2153 360 2198 unum
394 2129 471 2196 illud
504 2139 534 2194 tc
564 2130 736 2219 praecipue
757 2152 854 2216 rogo,
888 2140 923 2197 ut
954 2153 1066 2207 cures,
1103 2153 1143 2197 ne
1172 2131 1248 2220 quid
1268 2130 1345 2197 mibi
1370 2132 1410 2198 ad
1439 2131 1501 2199 boc

133 2224 290 2313 nnegotii
307 2233 361 2290 aut
380 2224 486 2289 oneris
500 2224 626 2290 accedat
639 2236 694 2291 aut
712 2224 880 2311 temporis,
901 2225 1168 2311 Hortensiumque
1186 2235 1330 2292 nostrum
1348 2224 1500 2312 collegam

170 2328 202 2385 et
223 2316 410 2384 familiarem
428 2338 538 2402 roges,
561 2328 618 2392 ut,
650 2318 678 2384 si
699 2341 837 2406 unquam
861 2340 930 2384 moa
951 2341 1044 2385 causa
1065 2318 1236 2407 quidquam
1258 2327 1312 2384 aut
1332 2318 1428 2383 sensit
1447 2326 1501 2384 aut

170 2412 261 2488 fecit,
284 2411 323 2477 de
344 2410 402 2477 bac
424 2433 551 2499 quoque
572 2412 725 2477 sententia
744 2411 830 2477 bima
853 2411 1001 2489 decedat,
1024 2433 1085 2498 qua
1106 2410 1183 2477 mibi
1204 2412 1280 2478 nibil
1305 2420 1409 2498 potest
1431 2434 1499 2478 esse

170 2505 338 2571 inimicius.
383 2509 433 2570 10.
454 2511 501 2571 οο
520 2504 637 2571 nostris
657 2505 754 2570 rebus
769 2503 855 2592 quod
875 2504 957 2570 scire
978 2504 1044 2571 vis:
1080 2511 1180 2570 Tarso
1194 2504 1290 2570 Nouis
1309 2504 1500 2573 Octobribus

171 2605 324 2665 Amanum
347 2620 459 2665 versus
484 2598 619 2686 proiecti
645 2620 763 2663 sumus.
806 2601 891 2663 Haec
921 2597 1032 2685 scripsi
1056 2599 1209 2685 postridie
1231 2598 1299 2666 cius
1324 2598 1405 2675 diei,
1428 2620 1498 2666 cum

133 2701 273 2761 ascastra
297 2691 446 2758 haberem
466 2693 498 2757 in
521 2713 599 2778 agro
631 2688 872 2779 Mopsuhestiae.
931 2691 1062 2779 Siquid
1085 2713 1199 2779 egero,
1233 2691 1368 2757 scribam
1390 2693 1431 2759 ud
1451 2704 1498 2770 te,

171 2790 275 2873 ireque
293 2783 421 2851 domum
445 2805 584 2871 unquam
606 2783 645 2849 ad
667 2805 718 2848 me
743 2784 862 2852 litteras
884 2786 1020 2862 mittam,
1043 2786 1120 2875 quin
1142 2787 1307 2873 adiungam
1329 2807 1398 2861 eas,
1420 2808 1499 2874 quas

170 2874 230 2945 tibi
245 2876 337 2943 reddi
358 2876 463 2943 velim.
516 2881 563 2942 De
587 2875 709 2941 Partbis
733 2879 818 2965 quod
840 2880 984 2967 quaerb,
1006 2880 1103 2948 fuisse
1126 2881 1228 2947 nullos
1250 2887 1337 2967 puto.
1380 2878 1499 2946 Arabes

171 2970 227 3063 qui
248 2972 390 3046 inerunt,
423 2970 564 3036 admixto
584 2970 728 3036 Parthico
751 2984 884 3050 ornatu,
915 2974 1061 3041 dicuntur
1084 2997 1193 3041 omnes
1214 2971 1392 3040 revertisse.
1434 2975 1500 3038 llo-

172 3074 251 3133 stem
271 3086 341 3131 osse
363 3065 396 3130 in
426 3064 517 3154 Syria
546 3073 660 3151 negant
681 3065 789 3132 ulium.
832 3073 879 3134 Tu
901 3068 994 3133 velim
1018 3069 1058 3134 ad
1077 3091 1127 3134 mo
1145 3090 1238 3158 quam
1261 3064 1443 3150 saepissime
1468 3076 1500 3133 et

133 3156 212 3235 sodo
231 3158 294 3225 tuis
308 3155 405 3225 rebus
423 3158 542 3225 scrilras
561 3168 592 3224 et
606 3157 645 3223 dc
660 3157 738 3224 meis
752 3159 833 3224 etde
851 3158 937 3225 omni
950 3159 998 3225 rei
1011 3160 1157 3248 publicae
1173 3170 1272 3239 statu;
1294 3158 1333 3224 de
1349 3179 1414 3246 quo
1429 3178 1498 3225 sum

171 3250 322 3343 sollicitus
339 3272 379 3318 eo
400 3250 517 3337 magis,
539 3252 626 3341 quod
648 3273 689 3318 ex
716 3253 776 3319 tuis
794 3253 907 3321 litteris
931 3256 1067 3343 cognovi
1091 3255 1277 3343 Pompeium
1299 3262 1442 3321 nostrum
1465 3252 1499 3320 in

170 3344 352 3435 Hispaniam
373 3345 503 3413 iturum.

646 3491 702 3554 IX.
745 3487 1016 3575 (1110701.)
1046 3512 1049 3523 ·

593 3611 736 3676 CICERO
758 3614 817 3676 tr.
839 3614 1021 3678 PULCHRO
1044 3615 1076 3676 S.

134 3740 162 3785 as
257 3722 285 3785 1.
306 3719 370 3786 Vix
396 3717 522 3786 tandem
541 3721 604 3806 legi
627 3721 746 3787 litteras
766 3722 875 3808 dignes
894 3724 996 3809 Appio
1020 3721 1171 3795 Claudio,
1193 3723 1301 3809 plenas
1326 3721 1498 3789 humanita-

170 3810 226 3889 tis,
263 3812 377 3889 officii,
414 3812 602 3900 diligentiae.
645 3814 817 3901 Adspectus
847 3815 992 3882 videlicet
1015 3813 1102 3880 urbis
1131 3813 1186 3881 tibi
1216 3828 1300 3882 tuam
1334 3815 1497 3902 pristinam

170 3902 379 3971 urbanitatem
402 3906 549 3973 reddidit.
593 3911 670 3971 Nam
688 3930 765 3995 quas
789 3930 830 3974 ox
851 3909 965 3975 itinere
979 3919 1051 3974 ante
1078 3930 1170 3996 quam
1194 3932 1235 3974 ox
1255 3911 1328 3977 llsia
1353 3933 1498 3998 egressus

171 4020 206 4064 es
230 3999 269 4064 ad
301 4021 352 4064 ano
379 4000 499 4065 litteras
521 3999 656 4075 misisti,
693 4024 771 4067 unas
807 4002 847 4067 de
876 4002 987 4090 legatis
1014 4025 1032 4068 a
1055 4023 1106 4067 me
1132 4002 1300 4088 prohibitis
1324 4004 1497 4089 proficisci,

171 4090 285 4157 alteras
311 4090 350 4156 de
379 4093 593 4180 Appianorum
625 4092 841 4160 aedificatione
869 4096 1040 4182 impedita,
1070 4095 1133 4181 logi
1163 4096 1347 4182 perinvitus.
1390 4103 1497 4185 ltaque

135 4186 360 4252 roconscientia
393 4208 482 4252 meae
506 4189 675 4254 constantis
705 4210 781 4275 erga
807 4199 837 4254 te
865 4190 1034 4255 voluntatis
1062 4190 1211 4276 rescripsi
1239 4188 1296 4255 tibi
1329 4188 1498 4257 subiratus.

172 4277 213 4345 lis
234 4300 313 4344 vero
334 4280 445 4346 litteris
465 4280 569 4355 lectis,
592 4303 668 4368 quas
690 4280 857 4347 Philotimo
878 4280 993 4348 liberto
1012 4303 1084 4348 meo
1102 4282 1230 4358 dedisti,
1253 4283 1386 4369 cognovi
1408 4283 1499 4349 intel-

175 4362 303 4450 lexique
324 4364 356 4429 in
371 4365 534 4452 provincia
558 4365 674 4431 multos
693 4366 808 4440 luisse,
830 4366 885 4453 qui
897 4387 973 4440 nos,
996 4388 1061 4454 quo
1079 4365 1183 4432 animo
1203 4367 1286 4432 inter
1304 4389 1363 4434 nos
1380 4388 1498 4442 sumus,

240 4533 269 4585 b.
286 4549 374 4597 poam
392 4550 433 4601 pr.
452 4537 491 4589 ll.
524 4563 552 4575 -
591 4540 737 4602 consurgant
755 4538 792 4589 ll.
822 4564 854 4574 -
890 4540 933 4589 10.
952 4539 1067 4589 leminea
1086 4539 1123 4591 bl.
1155 4564 1186 4576 -
1224 4540 1267 4589 11.
1292 4542 1382 4602 potuit
1407 4540 1445 4591 tl.
1466 4561 1499 4575 -

170 4607 312 4670 mltos·
328 4612 367 4657 sat
384 4606 543 4658 Lambluus.
564 4634 591 4645 ·-
620 4609 663 4658 ta.
684 4607 843 4658 limnoitubs't
860 4607 897 4658 tl.
918 4632 951 4647 -
972 4608 1016 4659 22.
1037 4624 1089 4672 quo
1108 4610 1151 4659 ll:
1171 4610 1235 4672 quio
1254 4609 1283 4658 11.
1306 4633 1336 4645 -
1364 4610 1410 4661 25.
1429 4608 1499 4660 dios·

171 4674 268 4727 Mltos
286 4674 324 4727 Ι.
357 4701 386 4712 -
423 4677 586 4741 1111901011.
617 4701 647 4714 -
685 4677 906 4728 escensu:
931 4679 1054 4729 udmeos
1073 4679 1103 4729 ll.
1141 4704 1169 4716 -
1208 4679 1252 4729 28.
1272 4676 1404 4741 admisto]
1423 4679 1496 4729 Fort.

171 4744 284 4797 moto.
310 4744 362 4797 01.
396 4771 424 4783 -
462 4747 507 4798 at.
533 4746 614 4812 guod]
640 4755 669 4798 ot
694 4747 762 4812 guod
781 4744 879 4809 (littera
898 4749 917 4797 d
935 4755 1032 4812 puncto
1062 4746 1162 4808 notata)
1190 4749 1279 4797 11-
1315 4749 1358 4799 ³5.
1388 4750 1498 4800 Claudio

172 4814 253 4867 Hert.
279 4813 412 4878 Lunna:
443 4816 536 4868 Glodlo
565 4817 625 4869 ll!-
654 4840 685 4853 -
721 4816 764 4867 011.
791 4813 826 4880 er]
857 4830 921 4869 urea
946 4819 1007 4870 cod.
1037 4819 1109 4883 lips.
1141 4820 1272 4882 probante
1302 4820 1436 4871 Erueatlo.
1465 4842 1496 4855 -

173 4883 217 4937 01.
235 4886 379 4948 applano·
396 4884 435 4939 lt.
455 4907 488 4921 -
524 4886 568 4937 10.
586 4901 645 4939 tacu
662 4887 699 4938 ll.
