3256 5400
619 261 692 323 Lm.
714 262 765 326 vl.
808 261 868 325 ΕΡ.
889 263 920 324 d.
942 263 973 325 6.
1423 268 1464 329 33

140 413 196 482 sed
218 423 324 480 tamen
352 435 485 493 vereor,
518 437 558 481 no
584 417 757 482 litterarum
786 438 879 481 ame
900 418 1038 483 officium
1060 420 1220 506 requiras;
1254 441 1332 506 quas
1353 420 1410 486 tibi
1433 431 1465 488 01

141 508 348 594 iampridem
369 519 401 573 et
422 530 515 594 saepe
538 510 708 583 misissem,
744 511 802 575 nisi
827 511 968 597 quotidie
991 513 1102 576 melius
1124 524 1308 598 exspectans
1330 518 1465 600 gratula-

140 605 257 668 tionem
290 623 383 690 00001
417 604 684 668 confirmationem
716 604 811 668 animi
847 605 893 670 tui
925 605 1088 689 complecti
1127 607 1238 671 litteris
1275 609 1464 677 maluissem.

140 702 241 770 Nunc,
278 706 313 762 ut
334 717 442 781 spero,
477 696 566 761 brevi
595 697 838 780 gratulabimur;
862 698 966 784 itaque
997 698 1029 761 in
1055 698 1140 762 aliud
1165 710 1288 784 tempus
1310 702 1342 768 id
1371 725 1465 788 argu-

140 801 278 856 mentum
307 790 455 875 epistolae
478 790 600 855 differo.
657 796 687 854 2.
725 791 779 854 His
809 801 912 854 autem
935 791 1044 855 litteris
1067 792 1203 856 animum
1226 804 1332 870 tuum,
1370 819 1488 884 quemi

140 883 267 948 minime
287 882 477 948 imbecillum
507 904 575 947 esso
607 893 637 947 01
665 883 760 948 audio
790 893 821 947 et
853 904 967 968 spero,
1005 884 1063 948 etsi
1089 906 1152 949 non
1180 887 1399 970 sapientissimi
1434 899 1465 955 at

140 977 318 1042 amicissimi
339 977 474 1041 bominis
496 977 681 1042 auctoritate
697 976 945 1042 confirmandum
964 978 1056 1041 etiam
1073 987 1166 1064 atque
1183 980 1276 1044 etiam
1290 995 1383 1067 puto:
1407 1003 1465 1048 uec

139 1072 178 1137 iis
206 1070 333 1157 quidem
362 1069 481 1144 verbis,
514 1069 628 1156 quibus
656 1081 686 1135 te
719 1071 865 1135 consoler
891 1080 925 1134 ut
964 1070 1111 1134 alllictum
1139 1083 1169 1137 et
1199 1073 1261 1137 iam
1291 1077 1377 1140 omui
1409 1097 1464 1161 spe

140 1165 247 1230 salutis
274 1162 435 1236 orbatum,
472 1163 526 1227 sed
549 1173 584 1227 ut
605 1186 692 1237 eum,
730 1164 769 1228 de
799 1164 887 1227 cuius
908 1164 1119 1228 incolumitate
1149 1187 1211 1230 nou
1234 1169 1303 1252 plus
1326 1169 1464 1233 dubitem

140 1279 234 1345 quam
261 1266 293 1322 te
323 1257 452 1321 memini
482 1255 625 1321 dubitare
647 1256 686 1322 de
712 1278 791 1321 mea.
834 1262 910 1320 Nam
932 1278 1003 1320 cum
1026 1280 1076 1321 me
1099 1279 1140 1322 ex
1161 1281 1197 1324 10
1220 1261 1343 1346 publiea
1366 1283 1503 1347 capu-n

140 1352 249 1417 lisseut
269 1350 308 1424 ii,
330 1350 385 1436 qui
406 1349 491 1413 illam
512 1350 624 1415 cadere
645 1372 739 1436 posse
762 1360 861 1414 stante
884 1372 933 1414 me
954 1372 1018 1415 non
1032 1362 1193 1436 putarant,
1216 1355 1344 1419 memini
1358 1377 1408 1419 me
1423 1376 1465 1422 ex

139 1445 245 1512 multis
267 1441 457 1529 hospitibus,
481 1444 535 1528 qui
558 1444 597 1508 ad
620 1466 670 1508 me
692 1466 732 1508 ex
754 1444 843 1517 Asia,
866 1445 976 1529 inqua
999 1456 1033 1508 tu
1054 1467 1140 1521 eras,
1163 1460 1331 1521 venerant,
1354 1448 1464 1514 audire

140 1548 171 1604 te
192 1539 232 1604 de
253 1538 394 1623 glorioso
416 1548 447 1602 et
468 1536 562 1600 celeri
585 1537 688 1603 reditu
710 1558 781 1601 meo
806 1536 1003 1601 confirmare.
1047 1543 1077 1603 3.
1100 1540 1132 1603 Si
1156 1549 1186 1603 tc
1207 1540 1288 1604 ratio
1310 1542 1464 1626 quaedam

139 1636 289 1698 Etruscae
306 1630 505 1716 disciplinae,
540 1652 632 1719 quam
656 1653 673 1694 a
694 1642 801 1716 patre,
831 1629 1025 1695 nobilissimo
1047 1641 1140 1718 atquo
1162 1633 1282 1718 optimo
1305 1634 1391 1708 viro,
1415 1656 1465 1700 ao·

140 1747 286 1813 ceperas,
316 1746 381 1790 non
410 1724 534 1799 fefellit,
561 1746 600 1788 ue
623 1746 680 1789 uos
702 1724 828 1812 quidem
850 1737 956 1788 nostra
979 1723 1130 1790 divinatio
1152 1725 1253 1791 fallet:
1278 1749 1371 1814 quam
1392 1750 1503 1793 cumn

140 1818 442 1906 sapientissimorum
474 1819 618 1883 virorum
638 1818 848 1883 monumentis
871 1827 963 1903 atque
985 1819 1161 1902 praeceptis
1184 1820 1399 1908 plurimoque,
1429 1831 1465 1887 ut

141 1923 175 1979 tu
196 1912 273 1987 scis,
295 1912 455 1977 doctrinae
478 1912 599 1985 studio,
631 1920 697 1976 tum
720 1932 832 1996 magno
855 1911 948 1975 etiam
971 1933 1029 1975 usu
1052 1912 1229 1976 tractandae
1251 1914 1464 2001 reipublicae

140 2027 314 2093 magnaque
335 2015 516 2070 nostrorum
539 2016 715 2090 temporum
737 2005 887 2069 varietate
908 2005 1066 2069 consecuti
1088 2027 1205 2072 sumus.
1262 2012 1292 2073 4.
1317 2011 1373 2075 601
1396 2009 1465 2097 qui-

141 2101 211 2166 dem
233 2098 416 2164 divinationi
439 2098 498 2163 hoc
519 2099 588 2184 plus
610 2098 812 2171 confidimus,
854 2097 939 2183 quod
962 2118 998 2161 ea
1020 2119 1077 2162 nos
1099 2098 1175 2164 nihil
1198 2100 1230 2164 in
1252 2100 1300 2166 bis
1323 2111 1384 2166 tam
1407 2103 1464 2168 ob·

142 2195 241 2260 scuris
262 2190 358 2256 rebus
381 2202 505 2279 tamque
528 2191 717 2277 perturbatis
738 2211 876 2279 uuquam
898 2191 1026 2255 omnino
1041 2191 1160 2256 fefellit.
1203 2195 1358 2270 Dicerem,
1384 2215 1502 2284 quaeso

142 2298 212 2352 aute
231 2285 337 2351 futura
366 2285 530 2360 dixissem,
566 2286 598 2350 ni
619 2306 765 2360 vererer,
802 2306 841 2349 ne
871 2284 1053 2349 exerentis
1075 2284 1193 2370 lingere
1222 2289 1358 2353 viderer.
1402 2290 1464 2355 Sed

142 2391 244 2446 tamen
265 2379 391 2465 plurimi
414 2389 485 2444 suut
505 2388 600 2443 testes
622 2401 672 2443 me
694 2390 724 2443 et
746 2378 856 2451 initio,
879 2399 919 2442 ne
939 2377 1145 2461 coniungeret
1167 2401 1200 2444 se
1222 2403 1294 2446 eum
1317 2387 1463 2458 Caesare,

142 2473 299 2539 monuisse
320 2473 517 2556 Pompeium,
540 2482 571 2536 01
592 2482 722 2557 postea,
744 2493 783 2536 ne
798 2471 991 2555 seiungeret:
1016 2471 1235 2537 coniunctione
1254 2474 1355 2559 frangi
1375 2497 1465 2541 seua·

141 2580 190 2636 tus
211 2590 303 2654 opes,
327 2565 517 2630 diiunctione
540 2567 629 2630 civile
651 2564 766 2630 bellum
781 2566 911 2629 excitari
934 2563 1088 2628 videbam.
1131 2571 1231 2651 Atque
1245 2567 1358 2632 utebar
1374 2569 1465 2634 fami-

141 2664 304 2730 liarissime
326 2665 475 2732 Caesare,
506 2660 689 2745 Pompeium
716 2658 868 2723 faciebam
889 2656 1039 2742 plurimi;
1070 2657 1124 2721 sed
1146 2669 1213 2723 erat
1235 2681 1338 2726 meum
1362 2662 1502 2727 cousi-ss

142 2757 217 2822 lium
240 2777 311 2821 cum
333 2752 424 2816 fidele
445 2752 611 2837 Pompeio,
635 2762 702 2817 tum
723 2753 857 2816 salutare
873 2750 1011 2834 utrique.
1055 2755 1084 2814 5.
1108 2753 1196 2827 Quae
1210 2763 1375 2838 praeterea
1388 2776 1464 2840 pro-

143 2849 291 2923 viderim,
312 2857 488 2932 praetoreo.
530 2846 610 2910 Nolo
635 2846 717 2910 enim
738 2845 819 2910 bunc
840 2843 880 2908 de
904 2864 954 2907 me
979 2843 1097 2927 optime
1121 2846 1268 2911 meritum
1283 2849 1465 2914 existimare

143 2966 179 3010 ea
196 2965 247 3008 me
267 2941 401 3007 suasisse
421 2939 588 3024 Pompeio,
611 2939 725 3025 quihus
746 2938 797 3003 ille
819 2937 846 3002 si
859 2937 1030 3022 pamissct,
1053 2947 1135 3001 esset
1150 2938 1200 3004 bic
1215 2940 1341 3026 quidem
1363 2942 1465 3008 clarus

142 3039 174 3103 in
195 3047 267 3122 toga
292 3044 324 3100 et
343 3034 505 3120 princeps,
529 3033 585 3097 sed
607 3043 705 3098 tantas
727 3053 819 3117 opes,
846 3042 976 3117 quantas
997 3052 1079 3095 nuuc
1100 3030 1214 3105 babet,
1237 3054 1300 3099 nou
1324 3035 1463 3102 haberet.

142 3130 285 3196 Eundum
306 3129 339 3192 in
360 3126 539 3212 Hispaniam
566 3126 687 3190 censui:
721 3125 806 3212 quod
839 3126 865 3189 si
901 3123 1039 3199 fecisset,
1077 3126 1169 3190 civile
1199 3125 1316 3192 bobum
1345 3130 1502 3193 nullumne

142 3225 271 3291 omuino
292 3221 410 3286 fnisset.
464 3220 627 3285 Rationem
660 3219 769 3284 baberi
800 3217 937 3282 absentis
958 3238 1021 3281 uon
1044 3229 1106 3282 tam
1127 3221 1263 3304 pugnavi
1285 3231 1319 3287 ut
1341 3225 1464 3299 liceret,

143 3338 235 3405 qiam
255 3324 307 3388 ut,
338 3315 485 3402 quoniam
517 3315 587 3399 ipso
609 3314 737 3378 consule
763 3320 919 3398 pugnante
940 3311 1076 3397 populus
1097 3313 1245 3388 iusserat,
1283 3315 1463 3382 baberetur.

143 3416 240 3478 Causa
262 3418 331 3475 orta
353 3406 425 3471 belli
459 3415 516 3472 est.
566 3407 651 3484 Quid
680 3426 739 3490 ego
767 3405 962 3492 praetermisi
990 3414 1043 3469 aut
1064 3407 1255 3472 monitorum
1278 3421 1330 3474 aut
1352 3431 1465 3496 quore-

141 3504 262 3568 laruml
285 3522 355 3566 cum
371 3500 420 3564 vel
436 3500 663 3586 iniquissimam
677 3520 785 3584 pacem
800 3499 970 3563 iustissimo
993 3496 1077 3564 bello
1092 3500 1291 3567 anteferrem.
1324 3509 1354 3568 6.
1376 3505 1464 3568 Victa

142 3606 189 3661 est
209 3595 377 3661 auctoritas
399 3614 484 3668 mea,
511 3614 574 3658 nou
602 3603 663 3657 tam
685 3614 703 3656 a
724 3592 874 3678 Pompeio
897 3628 934 3640 -
958 3612 1029 3655 nam
1051 3592 1078 3656 is
1100 3594 1286 3659 movebatur
1307 3631 1346 3641 —
1369 3611 1502 3682 quamw

141 3688 258 3763 abiis,
295 3688 348 3775 qui
380 3686 459 3751 duee
487 3686 638 3771 Pompeio
670 3685 742 3750 freti
771 3695 1038 3771 peropportunam
1066 3697 1096 3751 01
1117 3685 1212 3751 rebus
1234 3688 1411 3752 domesticis
1432 3699 1465 3754 et

142 3780 360 3868 cupiditatibus
382 3781 446 3845 suis
468 3780 550 3845 illius
572 3778 646 3844 belli
667 3779 831 3845 victoriam
853 3779 922 3844 fore
936 3779 1095 3864 putabant.
1139 3784 1323 3866 Susceptum
1345 3780 1463 3846 bellum

142 3884 190 3940 est
210 3875 388 3962 quiescente
411 3896 478 3952 me;
509 3872 672 3958 depulsum
695 3894 736 3938 ex
757 3874 843 3938 ltalia
864 3883 1007 3937 manente
1029 3895 1098 3949 me,
1121 3875 1226 3961 quoad
1247 3875 1346 3960 potui.
1400 3875 1463 3941 Sed

142 3969 239 4036 valuit
260 3967 343 4054 apud
364 3990 413 4032 me
434 3969 504 4054 plus
525 3966 629 4053 pudor
650 3988 740 4031 meus
761 3987 854 4053 quam
873 3967 984 4044 timor;
1007 3967 1126 4031 veritus
1149 3989 1218 4031 sum
1241 3967 1349 4033 deesse
1370 3975 1463 4035 Pom-

142 4064 204 4149 peii
232 4063 337 4137 saluti,
370 4083 441 4127 cum
468 4062 521 4126 illo
549 4061 715 4148 aliquando
737 4081 800 4125 non
828 4059 977 4124 defuisset
998 4080 1096 4124 meae.
1154 4065 1261 4147 ltaque
1284 4063 1335 4128 vel
1357 4063 1500 4128 01110100

143 4157 191 4223 vel
212 4156 293 4220 fama
314 4156 471 4221 bonorum
493 4156 542 4220 vel
563 4154 684 4240 pudore
706 4154 821 4227 victus,
843 4164 878 4218 ut
899 4153 931 4217 in
952 4151 1065 4218 fabulis
1085 4153 1310 4239 Amphiaraus,
1334 4155 1379 4219 sic
1401 4177 1461 4240 ego

143 4249 279 4336 prudens
300 4260 332 4314 et
352 4250 451 4314 sciens
473 4249 539 4324 „ad
561 4258 679 4334 pestem
701 4257 772 4311 ante
794 4248 901 4312 oculos
924 4248 1056 4332 positam
1064 4253 1080 4276 ''
1104 4269 1173 4312 sum
1187 4247 1356 4333 profectus.
1388 4252 1461 4326 Quo

143 4344 176 4408 iu
196 4342 279 4408 bello
301 4343 377 4407 nibil
399 4344 523 4408 adversi
537 4342 648 4406 accidit
661 4363 725 4406 non
740 4341 937 4426 praedicente
960 4362 1020 4406 me.
1063 4346 1093 4407 7.
1117 4344 1223 4418 Quare
1240 4345 1404 4429 quoniam,
1427 4352 1462 4408 ut

143 4455 277 4520 augures
292 4445 324 4499 et
337 4436 489 4520 astrologi
499 4436 614 4508 solent,
637 4455 697 4520 ego
711 4455 838 4521 quoque
860 4454 961 4518 augam
976 4433 1117 4518 publicus
1133 4457 1174 4500 ex
1188 4436 1266 4500 meis
1288 4435 1462 4520 superiori-

211 4617 238 4667 2.
257 4624 282 4667 01
299 4630 325 4666 ae
342 4619 496 4667 demisisrcm
514 4618 551 4668 Μ.
585 4641 616 4652 -
651 4617 678 4667 le.
698 4614 736 4679 fd]
756 4619 785 4665 tn
802 4616 840 4667 Μ.
862 4640 892 4651 -
928 4615 956 4666 6.
975 4617 1128 4665 imbecillum
1146 4617 1191 4668 bf:
1211 4617 1359 4667 imbecillem
1378 4617 1407 4665 E.
1429 4640 1457 4650 -

143 4686 170 4737 6.
194 4688 233 4737 bia
260 4687 298 4738 Μ.
327 4707 360 4722 ·-
395 4689 437 4737 11.
461 4694 592 4750 putarant
623 4687 789 4736 Lambinus:
816 4693 947 4748 putarunt
973 4687 1038 4746 ΜΕ,
1065 4693 1191 4749 putarent
1222 4688 1347 4736 Ambros.
1374 4687 1401 4734 2.
1429 4711 1457 4722 -

144 4758 187 4808 13.
204 4757 332 4821 quadum
350 4758 481 4808 1101111000
498 4758 536 4809 Μ.
562 4784 594 4793 -
631 4758 674 4806 23.
695 4757 788 4807 Malim
807 4757 1151 4820 maerensmaerens.
1172 4780 1203 4791 -
1238 4757 1283 4807 24.
1301 4757 1460 4805 diiunctione

143 4827 188 4878 lt:
213 4828 385 4878 disiunctione
403 4827 434 4877 ll.
467 4851 495 4861 -
532 4827 577 4877 30.
596 4829 659 4891 quid
677 4827 714 4878 M.
745 4853 774 4865 -
812 4827 1001 4890 3300001001
1025 4826 1071 4877 M:
1099 4827 1204 4890 quondo
1230 4827 1261 4877 E.
1289 4849 1320 4863 -
1356 4825 1401 4875 36.
1420 4826 1461 4876 bia

144 4897 181 4947 lt.
202 4921 231 4935 -
268 4895 314 4947 ta.
333 4899 457 4962 quoniam
474 4897 518 4947 m:
538 4911 617 4962 quum
635 4897 667 4948 ll.
