3256 5400
593 234 668 295 LlB.
688 234 713 295 l.
756 233 814 295 ΕΡ.
836 235 867 295 7.
887 234 917 295 8.
940 234 969 302 9.
994 234 1042 295 10.
1419 237 1481 298 372

161 413 244 465 mas,
274 391 313 454 de
335 390 450 475 quibus
471 389 510 454 ad
531 409 582 453 me
604 388 769 474 scripsisti,
792 388 992 454 vehementer
1013 399 1171 475 exspecto.
1216 390 1377 479 Quidquid
1399 398 1481 459 eius·

161 485 232 550 dem
261 484 384 568 generis
413 481 559 556 babebis,
596 482 725 566 dignum
746 482 910 547 Academia
941 481 997 557 tibi
1019 482 1104 569 quod
1125 483 1299 560 videbitur,
1328 508 1368 552 ne
1390 487 1479 554 dubi·

161 583 235 644 taris
259 577 407 652 mittere.
446 585 477 641 et
505 598 594 642 areae
631 587 757 641 nostrae
793 574 950 642 confidito.
1006 582 1110 642 Genus
1142 577 1203 643 boc
1234 592 1281 647 est
1314 585 1479 671 voluptatis

160 693 264 737 meae:
287 691 367 759 quae
389 667 595 756 γυμνασιώδη
618 671 754 735 maxime
775 679 860 746 sunt,
894 690 930 734 en
951 691 1080 757 quaero.
1122 674 1270 743 Lentulus
1292 698 1386 742 naves
1407 701 1480 745 suas

159 767 335 853 pollicetur.
389 771 464 831 Peto
486 765 610 840 abste,
639 774 674 830 ut
695 765 771 830 baec
792 785 883 831 eures
905 765 1079 852 diligenter.
1131 766 1248 834 Cbilius
1271 778 1300 835 te
1321 781 1427 856 rogat,
1449 783 1502 839 ets

160 881 219 947 ego
243 861 311 927 eius
331 869 461 945 rogatu,
480 862 698 943 Εὐμολπιδῶν
720 855 851 946 πάτρια.

645 969 996 1053 amnem)

622 1084 763 1148 CICERO
804 1084 949 1148 ATTICO
985 1085 1017 1148 S.

244 1193 273 1252 1.
296 1190 373 1253 Cum
401 1206 502 1252 essem
528 1187 561 1250 in
591 1185 765 1250 Tusculano
794 1221 836 1231 -
865 1184 926 1249 erit
952 1184 1012 1250 boc
1038 1184 1094 1250 tibi
1121 1206 1180 1270 pro
1211 1188 1265 1253 illo
1286 1200 1341 1256 tuo
1373 1199 1478 1269 „cnm

160 1303 261 1349 essem
283 1282 315 1346 in
338 1280 500 1347 Ceramico
509 1285 525 1310 ”
547 1317 601 1351 -,
626 1288 842 1344 verumtamen
863 1299 935 1344 cum
956 1277 1001 1343 ibi
1023 1299 1141 1354 essem,
1169 1286 1267 1348 Roma
1288 1306 1368 1370 puer
1390 1309 1407 1352 a
1429 1286 1516 1360 ⁸0-1‘0

159 1397 233 1443 rore
263 1384 315 1440 tua
344 1374 458 1439 missus
484 1372 648 1459 epistolam
677 1372 755 1437 mibi
784 1372 839 1437 abs
867 1379 897 1437 te
929 1372 1052 1437 allatam
1079 1371 1166 1438 dedit
1192 1376 1408 1466 nuntiavitque
1440 1404 1479 1449 eo

159 1472 229 1558 ipso
256 1469 307 1534 die
334 1476 406 1554 post
435 1466 600 1532 meridiem
628 1467 747 1532 iturum
777 1487 866 1540 eum,
902 1466 956 1551 qui
985 1465 1023 1530 ad
1055 1475 1083 1530 te
1116 1468 1376 1553 proficisceretur.
1432 1480 1480 1542 Eo

159 1563 272 1629 iactum
304 1571 365 1634 est,
396 1569 431 1626 nt
458 1561 607 1647 epistolae
637 1572 707 1627 tuae
735 1559 945 1626 rescriberem
974 1560 1111 1646 aliquid,
1148 1560 1300 1630 brevitate
1329 1571 1480 1655 temporis

159 1666 221 1723 tam
243 1677 341 1742 pauca
369 1675 501 1740 cogerer
522 1654 671 1720 scribere.
723 1658 754 1720 2.
775 1655 914 1720 Primum
936 1652 994 1718 tibi
1015 1653 1054 1718 de
1076 1666 1184 1722 nostro
1206 1658 1307 1724 amieo
1328 1662 1479 1747 placando

159 1760 211 1816 aut
233 1754 325 1815 etiam
347 1749 437 1834 plane
459 1749 654 1814 restituendo
675 1749 838 1834 polliceor.
893 1747 986 1826 Quod
1008 1767 1084 1833 ego,
1108 1750 1165 1815 etsi
1186 1771 1255 1815 mea
1277 1765 1387 1840 sponte
1408 1767 1516 1824 anteve

158 1844 328 1920 faciebam,
352 1865 391 1908 eo
412 1864 494 1909 nnnc
515 1853 619 1908 tamea
640 1852 672 1908 et
692 1863 781 1928 egam
802 1842 970 1909 studiosius
992 1852 1023 1907 et
1043 1845 1227 1910 contendam
1249 1845 1288 1911 ab
1309 1847 1365 1913 illo
1385 1850 1478 1916 vebe·

158 1938 310 2013 mentius,
340 1937 425 2023 quod
452 1945 570 2002 tantun
597 1961 639 2002 ex
667 1937 797 2023 epistola
825 1938 1015 2002 voluntatem
1037 1937 1105 2003 eius
1125 1939 1174 2004 rei
1195 1949 1279 2006 tuam
1301 1945 1479 2031 perspicere

158 2030 278 2096 videor.
329 2033 447 2097 Hoste
469 2031 642 2116 intelligere
664 2032 753 2105 volo,
781 2031 977 2117 pergraviter
1003 2031 1091 2096 illum
1119 2053 1187 2098 esse
1215 2034 1391 2117 offensum3
1423 2039 1479 2105 sed

158 2124 229 2212 quia
257 2125 375 2190 nullam
403 2125 495 2190 video
517 2146 646 2210 gravem
667 2125 795 2191 subesse
818 2146 958 2199 eausam,
990 2146 1103 2210 magno
1125 2148 1223 2212 opere
1244 2130 1368 2197 conlido
1389 2133 1477 2199 illum

157 2218 226 2284 lore
249 2223 280 2283 in
302 2218 406 2284 officio
433 2228 464 2282 et
491 2218 652 2284 innostra
678 2228 841 2306 potestate.
894 2223 925 2283 3.
948 2218 1043 2303 Signa
1064 2228 1171 2286 nostra
1193 2231 1224 2286 et
1244 2226 1515 2300 Hermeraclas,sa

157 2322 191 2376 ut
212 2311 339 2385 scribis,
367 2331 438 2376 cum
460 2312 711 2379 commodissime
732 2312 869 2399 poteris,
891 2312 985 2377 velim
1008 2313 1166 2399 imponas,
1188 2325 1218 2380 et
1240 2316 1267 2381 si
1288 2318 1373 2403 quod
1394 2320 1479 2386 aliud

158 2416 275 2472 οἰκεῖον
304 2405 372 2470 eius
398 2405 480 2481 loci,
513 2428 608 2493 quem
629 2427 692 2472 aon
713 2407 855 2491 ignoras,
889 2406 1046 2492 reperies;
1084 2416 1115 2471 ct
1135 2408 1286 2482 maxime,
1318 2433 1400 2498 quae
1420 2413 1478 2480 tibi

156 2500 328 2585 palaestrae
355 2500 570 2588 gymnasiique
599 2499 788 2566 videbuntur
817 2521 895 2564 esse.
948 2500 1071 2564 Etenim
1091 2499 1136 2564 ibi
1157 2501 1268 2567 sedens
1290 2503 1367 2570 haec
1387 2507 1426 2572 ad
1447 2518 1479 2573 te

157 2591 348 2669 scribebam,
384 2602 419 2658 ut
439 2614 489 2658 me
511 2593 599 2659 locus
621 2594 687 2680 ipse
710 2593 902 2659 admoneret.
958 2598 1124 2657 Praeterea
1151 2602 1242 2681 typos
1268 2595 1325 2662 tibi
1346 2600 1478 2676 mando,

157 2708 236 2773 qnos
269 2687 302 2751 in
334 2689 466 2755 tectorio
502 2689 607 2754 atrioli
642 2689 760 2775 possim
795 2686 978 2762 includere,
1015 2697 1046 2753 et
1066 2689 1210 2774 'putealia
1243 2690 1372 2775 sigillata
1405 2695 1516 2765 duo.rs

157 2785 188 2846 4.
209 2780 435 2847 bibliothecam
464 2791 549 2847 tuam
571 2803 645 2848 eave
667 2782 812 2869 cuiquam
833 2780 1042 2867 despondeas,
1073 2782 1216 2869 quemvis
1238 2804 1341 2850 acrem
1363 2799 1481 2854 amato-

156 2899 224 2942 rem
250 2877 425 2954 iaveneris;
452 2898 525 2942 nam
553 2897 612 2962 ego
640 2896 750 2942 omnes
772 2897 858 2941 meas
880 2875 1083 2941 vindemiolas
1106 2896 1145 2941 eo
1167 2897 1316 2957 reservo,
1345 2881 1479 2948 utillud

156 2970 329 3036 subsidium
357 2971 508 3036 senectuti
537 2991 655 3056 parem.
710 2976 738 3035 5.
762 2974 808 3034 De
829 2970 944 3044 fratre,
972 2969 1096 3036 conlido
1118 2971 1161 3035 ita
1183 2993 1267 3047 esse,
1298 2981 1334 3037 ut
1354 2994 1480 3060 semper

156 3065 242 3130 volui
264 3075 295 3130 et
317 3062 486 3129 elaboravi.
537 3064 632 3129 Multa
653 3063 741 3148 signa
763 3073 834 3128 sunt
855 3064 922 3128 eius
944 3063 1009 3138 rei,
1032 3083 1095 3127 non
1117 3064 1296 3138 minimum,
1320 3066 1406 3151 quod
1428 3089 1480 3134 so-

156 3180 211 3225 ror
241 3179 414 3245 praegnans
444 3167 499 3222 est.
559 3162 589 3223 b.
611 3162 657 3221 De
679 3156 814 3221 comitiis
837 3157 915 3221 meis
947 3168 978 3223 et
999 3154 1055 3220 tibi
1077 3177 1127 3221 me
1148 3159 1329 3242 permisisse
1351 3161 1515 3228 memiuiao

156 3261 187 3317 et
208 3272 268 3338 ego
289 3250 476 3337 iampridem
497 3251 557 3316 hoc
578 3248 796 3316 communibus
817 3249 941 3323 amicis,
970 3249 1024 3336 qui
1046 3258 1075 3313 tc
1097 3260 1291 3336 exspectant,
1314 3255 1476 3340 praedico,

156 3356 186 3410 te
213 3366 277 3411 nou
305 3345 401 3411 modo
431 3366 495 3410 aon
516 3345 631 3409 arcessi
653 3366 671 3408 a
692 3366 742 3409 me
768 3343 824 3408 sed
850 3342 1028 3429 probiberi;
1061 3343 1147 3428 quod
1180 3344 1350 3430 intelligam
1380 3347 1478 3414 multo

155 3444 254 3524 magis
280 3439 430 3505 interesse
459 3447 511 3503 tua
538 3446 568 3503 te
597 3457 708 3522 agere,
742 3436 827 3523 quod
856 3436 1010 3521 agendum
1037 3445 1085 3501 est
1112 3435 1172 3502 boc
1193 3447 1351 3525 tempore,
1385 3461 1479 3526 quam

155 3553 224 3597 mea
252 3541 282 3597 te
309 3532 418 3597 adesse
440 3531 587 3601 comitiis.
642 3530 778 3597 Proinde
809 3550 847 3595 eo
876 3530 981 3594 animo
1007 3538 1037 3594 te
1065 3529 1159 3595 velim
1186 3552 1270 3608 esse,
1303 3533 1394 3619 quasi
1414 3533 1479 3599 mei

155 3626 272 3711 negotii
299 3647 391 3691 causa
419 3626 452 3690 in
483 3626 541 3690 ista
569 3626 637 3690 loce
670 3625 784 3690 missus
812 3645 907 3690 esses.
963 3629 1013 3689 Me
1041 3634 1147 3689 autem
1173 3645 1247 3690 eum
1279 3635 1311 3691 et
1336 3626 1515 3696 offenderes

155 3740 229 3804 erga
257 3729 288 3784 te
310 3728 342 3784 et
362 3718 485 3793 audies,
509 3719 599 3805 quasi
621 3718 719 3792 mibi,
742 3719 768 3783 si
790 3739 870 3805 quae
890 3725 980 3803 parta
1001 3726 1109 3794 erunt,
1132 3739 1196 3783 non
1217 3719 1313 3785 modo
1334 3728 1366 3786 te
1386 3741 1479 3807 prae-

155 3823 241 3878 sente
255 3813 311 3878 sed
325 3834 382 3899 per
396 3824 427 3878 te
441 3822 530 3899 parta
545 3812 615 3878 sint.
652 3812 784 3877 Tulliola
797 3811 854 3878 tibi
867 3811 951 3876 diem
966 3812 1034 3890 dat;
1057 3832 1242 3897 sponsorem
1256 3833 1319 3878 non
1334 3814 1478 3900 appellat.

236 3978 263 4026 2.
292 3977 391 4027 dubites
417 3977 439 4026 l.
471 4002 503 4011 -
548 3976 574 4025 3.
603 3990 662 4025 arce
688 3982 780 4025 nostra
798 3977 820 4025 Ι.
854 4001 881 4011 -
928 3975 1072 4024 voluntatis
1097 3975 1148 4025 bil.
1179 3998 1213 4010 -
1256 3976 1282 4026 b·
1310 3978 1479 4040 gymnasiode

154 4050 267 4097 maxime
293 4054 353 4096 sunt
381 4047 430 4101 Μ,
463 4047 600 4109 ppmnasia
625 4047 739 4095 mammo
767 4046 860 4094 desunt
885 4046 929 4102 R,
960 4047 1097 4108 ppmnesto
1127 4047 1244 4094 marimo
1272 4047 1364 4096 desunt
1392 4048 1414 4096 l.
1447 4070 1475 4081 -

154 4119 180 4167 5.
200 4118 338 4182 diligenter
355 4130 428 4166 cssres
446 4114 476 4164 n.
497 4139 530 4151 -
568 4116 682 4179 Cbiplins
700 4116 745 4174 M,
765 4116 872 4165 tbiuiins
890 4128 944 4175 mg.
964 4116 1009 4173 Μ,
1031 4115 1149 4177 Cbrpiius
1167 4115 1207 4175 ii,
1228 4116 1322 4179 Cipius
1339 4117 1361 4165 l.
1382 4142 1411 4152 -
1441 4113 1477 4178 et]

153 4188 233 4237 estll.
265 4211 297 4222 -
332 4187 359 4236 9.
379 4187 497 4236 tibiam.
518 4186 548 4243 l,
567 4187 631 4235 mibi
649 4186 740 4235 nescio
760 4187 805 4248 qui
824 4187 896 4248 apud
914 4184 1103 4249 blalaspinam.
1133 4209 1163 4220 -
1200 4186 1369 4235 10.1temam
1387 4187 1425 4236 Μ.
1446 4209 1478 4223 -·

155 4258 198 4306 12.
217 4259 317 4307 ituram
335 4269 393 4305 enm
409 4255 493 4304 XYZ:
524 4259 623 4305 ituream
642 4256 678 4315 li,
708 4257 846 4304 missurum
864 4269 920 4305 eum
938 4255 1013 4304 uui.
1044 4280 1076 4290 -
1113 4255 1156 4304 ts.
1177 4251 1242 4316 tam]
1269 4257 1325 4305 iam
1342 4257 1416 4306 bllll.
1444 4281 1478 4291 —

153 4327 291 4377 rescribere
307 4338 362 4388 mg.
381 4326 419 4377 Μ.
439 4347 473 4359 -
508 4327 551 4375 17.
571 4325 731 4387 voluptatem
748 4325 808 4375 biii.
831 4349 861 4359 -
896 4326 1040 4386 perspicere
1056 4325 1146 4373 videor
1164 4331 1237 4373 taam
1255 4326 1287 4373 R.
1309 4350 1340 4361 -
1358 4326 1402 4376 20.
1422 4327 1479 4376 ber·

153 4398 275 4448 mmadas
293 4396 315 4446 1.
349 4419 377 4431 -
423 4396 467 4444 21.
487 4398 641 4457 interponas
672 4397 702 4445 R.
733 4419 764 4429 —
803 4395 848 4444 22.
867 4394 1003 4445 01131οΝ
1026 4392 1072 4454 Μ,
1104 4388 1208 4443 aiveina
1234 4396 1324 4445 venale
1349 4409 1404 4458 mg.
1433 4397 1477 4455 Μ,

153 4482 256 4518 osseos
275 4466 307 4516 li.
328 4487 360 4500 -
395 4465 441 4515 23.
461 4466 560 4516 bocad
578 4471 602 4514 te
619 4467 712 4526 scripsi
732 4465 751 4514 l.
786 4490 813 4500 -
853 4463 897 4513 24.
917 4465 992 4526 ippos
1008 4464 1051 4520 Μ,
1070 4462 1155 4525 lippos
1174 4464 1195 4513 1.
1226 4489 1255 4500 -
1293 4466 1338 4515 25.
1349 4466 1479 4528 plateaiia

152 4537 268 4602 sigillato
286 4532 363 4597 (sie)
382 4536 415 4585 n.
436 4560 467 4571 -
492 4535 536 4585 23.
556 4549 634 4599 poam
651 4537 681 4583 in
698 4548 803 4583 scenam
820 4535 857 4585 Μ.
879 4532 1015 4597 (quamuis
1031 4546 1117 4582 acrem
1135 4546 1189 4595 mg.
1209 4530 1263 4597 Μ.)
1285 4559 1315 4569 -
1351 4536 1395 4585 29.
1415 4531 1478 4598 eius]

152 4608 228 4656 buius
247 4607 269 4655 1.
292 4630 322 4642 -
359 4608 397 4656 rei
415 4619 470 4655 am.
490 4606 523 4655 n.
544 4629 575 4640 ·-
612 4605 655 4654 30.
672 4607 823 4667 promisisse
841 4606 873 4653 R.
895 4628 923 4639 —
962 4603 1005 4653 32.
1023 4616 1077 4652 non
1094 4604 1171 4652 modo
1189 4618 1242 4652 non
1260 4618 1406 4664 accersam,
1434 4606 1479 4655 sed

150 4677 293 4739 probibtbo
318 4674 360 4735 Μ,
388 4690 441 4725 non
460 4688 604 4734 arcessam,
627 4675 672 4723 sed
687 4675 827 4737 prohibebo
845 4675 885 4730 R,
905 4687 959 4722 non
975 4674 1053 4722 modo
1071 4687 1214 4733 arcessam,
1236 4676 1279 4723 sed
1295 4675 1436 4736 prohibebo
1455 4675 1477 4724 l.

153 4745 351 4806 (Emendatam
371 4751 411 4795 est
430 4746 619 4806 erretmg.
640 4741 810 4805 Cratandri.)
831 4768 861 4780 -
898 4743 941 4792 33.
962 4740 1009 4806 est]
1029 4743 1177 4795 essetbllil.
1200 4768 1228 4778 -
1266 4744 1309 4792 35.
1328 4745 1376 4793 ilia
1394 4744 1426 4795 ii.
1447 4767 1479 4781 -

151 4814 204 4880 bie]
224 4817 272 4867 Sin
289 4815 365 4866 Mlti.
385 4813 516 4877 (blemg.
536 4814 586 4877 Μ.)
618 4837 650 4851 -·
686 4815 729 4864 33.
750 4813 915 4879 puaebssllz
945 4827 998 4877 pua
1017 4814 1047 4863 li.
1080 4837 1111 4849 -
1145 4815 1291 4876 praesmtis
1309 4812 1339 4862 n.
1366 4838 1397 4850 -
1433 4813 1477 4867 b'i.

151 4900 302 4949 sponsorem
318 4899 373 4936 non
390 4885 507 4948 appellat
526 4885 538 4934 Ι
556 4890 584 4934 et
601 4898 671 4935 corr.
690 4885 735 4937 u:
754 4897 905 4947 sponsorem
923 4883 1040 4947 appellat
1058 4883 1102 4933 lili
1120 4888 1147 4933 et
1164 4897 1205 4947 pr.
1224 4883 1261 4934 Μ.
