3256 5400
179 254 224 318 ds
615 254 892 319 Ertsrontutut
912 255 964 319 to
986 248 1076 319 ΗΜ.

178 409 304 499 publica
325 432 388 476 non
410 411 512 497 possis
533 410 610 486 lrui,
633 413 761 487 stultum
794 424 841 477 est
876 412 960 477 nolle
981 411 1113 497 privata.
1158 415 1256 499 Caput
1277 412 1354 478 illud
1377 422 1440 488 est,
1462 424 1507 489 ut,

178 505 204 570 si
226 506 285 571 ista
306 506 370 572 vita
391 502 448 569 tibi
470 506 668 571 commodior
686 526 755 572 esse
770 506 927 580 videatur,
949 505 1148 591 cogitandum
1163 506 1332 582 tamensi,
1355 528 1396 571 ue
1410 507 1509 572 tutior

177 619 242 664 nou
264 597 314 665 sit
355 604 468 683 hlagna
488 599 666 685 gladiorum
688 611 734 667 est
755 601 895 674 lieentia,
917 599 972 665 sed
996 599 1027 664 in
1048 601 1188 666 externis
1202 599 1280 666 loeis
1294 601 1400 667 minor
1413 601 1508 666 etiam

177 691 218 757 ad
238 690 358 757 lacinus
390 692 590 758 verecundia.
633 693 708 758 Mihi
743 694 826 777 salus
855 703 908 759 tua
937 704 1040 759 tantae
1062 714 1157 759 curae
1180 702 1248 767 est,
1284 703 1320 759 ut
1340 695 1507 769 Marcello,

154 782 270 852 alratri
289 795 363 859 tuo,
383 797 437 852 aut
456 807 514 872 par
536 797 589 853 aut
610 796 696 851 certe
717 789 882 873 proximus
904 787 974 853 sim.
1018 791 1120 852 Tuum
1138 796 1186 852 est
1200 788 1367 853 considere
1386 796 1512 874 tempo·¹

176 877 269 945 ribus
288 887 321 943 et
338 878 546 946 incolumitati
568 888 602 945 et
622 880 703 946 vitae
726 892 758 946 et
779 880 913 945 lortunis
935 881 1009 945 tuis.

664 1000 1020 1084 rodomi

620 1114 763 1180 CICERO
786 1114 1000 1179 MARCELLO
1023 1116 1055 1178 S.

264 1218 293 1282 1.
314 1213 380 1281 Etsi
402 1214 479 1281 nhil
503 1224 569 1280 erat
590 1215 675 1292 novi,
697 1213 783 1304 quod
804 1214 844 1280 ad
865 1225 897 1279 te
919 1215 1102 1290 scriberem,
1124 1216 1286 1304 magisque
1303 1217 1423 1285 litteras
1438 1226 1506 1283 tuas

140 1332 166 1375 ιο
175 1309 239 1377 iam
260 1318 446 1396 exspectare
467 1308 655 1396 incipiebam
676 1309 725 1374 vel
749 1319 778 1375 te
800 1309 906 1395 potius
927 1309 1052 1395 ipsum,
1074 1320 1193 1383 tamem
1216 1330 1287 1375 eum
1310 1312 1506 1399 Theophilus

174 1402 444 1492 proficisceretur,
468 1424 530 1468 non
551 1402 640 1489 potui
662 1402 738 1467 nihil
761 1402 791 1467 ei
807 1403 983 1468 litterarum
999 1402 1084 1469 dare.
1128 1407 1210 1470 Cura
1224 1405 1338 1489 igitur,
1361 1415 1504 1491 utquam

174 1498 312 1586 primum
333 1496 458 1573 venias3
480 1496 587 1561 venies
608 1495 713 1569 enim,
736 1495 812 1562 mihi
834 1495 945 1570 crede,
968 1506 1181 1582 exspectatus,
1204 1518 1308 1584 neque
1330 1498 1433 1564 solum
1448 1518 1506 1563 no·

174 1589 240 1666 his,
266 1591 299 1657 id
321 1601 394 1664 est,
423 1591 505 1663 tuis,
538 1589 593 1655 sed
616 1611 748 1677 prorsus
779 1588 937 1655 amahus.
992 1589 1085 1655 Venit
1106 1590 1190 1655 enim
1211 1591 1289 1656 mihi
1312 1591 1346 1656 in
1369 1598 1506 1657 mentem

174 1684 340 1751 subvereri
360 1683 532 1757 interdum,
564 1705 604 1749 ne
632 1692 663 1749 te
685 1683 818 1749 delectet
846 1682 935 1749 tarda
964 1680 1116 1750 decessio.
1180 1689 1209 1749 2.
1242 1685 1364 1762 Quodsi
1385 1684 1506 1751 nullum

139 1777 307 1844 rehaberes
334 1798 462 1843 sensum
494 1778 554 1843 nisi
584 1778 766 1852 oculorum,
802 1798 935 1863 prorsus
964 1775 1021 1843 tihi
1048 1776 1264 1863 ignoscerem,
1302 1778 1330 1843 si
1351 1778 1512 1866 quosdam

173 1873 274 1938 nolles
291 1872 421 1950 ridere;
444 1869 519 1947 sed,
542 1890 612 1937 eum
627 1870 747 1937 leviora
762 1892 826 1935 non
840 1869 938 1938 multo
957 1879 1076 1947 essent,
1098 1892 1179 1958 quae
1193 1870 1388 1947 audirentur,
1410 1892 1506 1960 mam

174 1986 255 2053 quae
276 1964 475 2039 viderentur,
509 1964 689 2051 suspicarer
717 1974 821 2030 autem
843 1963 975 2031 multum
1004 1964 1155 2029 interesse
1176 1965 1227 2030 rei
1247 1964 1411 2030 familiaria
1432 1975 1505 2032 tuae

173 2068 205 2123 te
226 2080 320 2144 quam
335 2057 471 2145 primum
488 2057 614 2133 venire,
635 2066 729 2145 atque
744 2056 776 2122 id
792 2059 824 2123 in
840 2078 950 2123 omnes
964 2065 1070 2143 partos
1085 2058 1218 2133 valeret,
1240 2058 1347 2144 putavi
1362 2078 1400 2123 ea
1416 2058 1455 2125 de
1469 2076 1510 2123 re·

173 2160 203 2217 te
225 2171 295 2216 esse
316 2150 557 2218 admonendum.
602 2150 682 2227 Sed,
704 2151 869 2239 quoniam,
892 2150 968 2240 quid
990 2150 1067 2215 mihi
1088 2151 1243 2238 placeret,
1267 2154 1410 2229 ostendi,
1432 2152 1507 2218 reli-

135 2253 290 2331 aequata
312 2265 371 2331 pro
392 2255 446 2310 tua
466 2244 632 2333 prudentia
654 2244 880 2311 considerabis.
922 2248 975 2310 Ide
996 2250 1102 2309 lernen
1123 2245 1233 2321 velim,
1256 2246 1342 2331 quod
1364 2247 1408 2313 ad
1426 2254 1505 2313 tem·

171 2356 231 2425 pus
252 2344 284 2403 te
305 2347 538 2425 exspectemus,
561 2338 730 2405 certiorem
752 2338 862 2405 iacias.

654 2448 1027 2537 munem)

591 2566 826 2631 monitos
848 2564 1035 2631 CICERONI
1057 2566 1089 2629 S.

259 2667 289 2733 l.
317 2664 491 2731 Plurimum
518 2665 652 2733 valuisse
677 2664 761 2753 apud
790 2686 841 2729 me
870 2674 956 2731 tuam
987 2685 1113 2752 semper
1139 2664 1357 2732 auctoritatem
1377 2687 1451 2733 eum
1471 2666 1506 2733 iu

134 2759 259 2828 inomni
289 2779 326 2824 re
353 2769 420 2824 tum
447 2757 482 2823 in
509 2757 571 2825 hoc
598 2759 734 2825 maxime
761 2758 891 2845 negotio
924 2767 1016 2845 potes
1036 2758 1229 2824 existimare.
1271 2762 1349 2827 Cum
1370 2758 1449 2827 mihi
1470 2764 1505 2827 C.

170 2852 354 2928 Marcellus,
374 2852 474 2918 irater
494 2852 724 2920 amantissimus
741 2852 824 2928 mei,
845 2873 911 2917 non
924 2852 1027 2918 solum
1043 2851 1209 2918 consilium
1231 2850 1336 2927 daret,
1358 2851 1417 2919 sed
1431 2873 1504 2940 pre·

171 2944 261 3013 cibus
281 2967 410 3034 quoque
431 2967 483 3012 me
504 2945 704 3024 obsecraret,
737 2968 802 3014 non
823 2946 913 3033 prius
944 2944 1021 3011 mihi
1043 2945 1236 3033 persuadere
1257 2947 1375 3033 potuit,
1409 2968 1505 3034 quam

170 3039 234 3107 tuis
264 3050 312 3105 est
342 3038 490 3106 ellectum
516 3039 646 3117 litteris,
677 3050 714 3108 ut
743 3051 853 3107 uterer
878 3046 987 3105 vestm
1013 3038 1209 3124 potissimum
1239 3040 1383 3107 consilio.
1441 3045 1503 3107 lies

170 3132 436 3220 quemadmodum
458 3130 602 3209 situata,
637 3142 761 3201 restrae
783 3132 905 3200 litterae
928 3131 1009 3197 mihi
1031 3132 1198 3199 declarant
1257 3132 1428 3201 Gratulatio
1450 3144 1504 3199 tua

133 3225 230 3296 anetsi
251 3234 299 3291 est
319 3225 397 3291 mihi
416 3224 654 3313 probatissima,
689 3226 776 3315 quod
798 3226 839 3293 ah
860 3227 980 3312 optimo
1002 3225 1037 3291 lit
1057 3225 1184 3302 amano,
1216 3235 1322 3292 tamma
1344 3227 1405 3292 hoc
1425 3225 1503 3291 mihi

170 3319 269 3387 multo
283 3319 451 3386 iucundius
465 3327 513 3385 est
526 3328 558 3384 et
571 3321 708 3405 gratius,
729 3320 817 3409 qnod
838 3321 871 3386 in
893 3342 1015 3386 summ
1035 3320 1189 3406 paucitate
1210 3321 1404 3394 amicorum,
1427 3340 1502 3406 pro-

169 3412 362 3500 pinquorum
383 3435 420 3479 ac
440 3414 712 3490 necessariorum,
734 3416 788 3502 qui
810 3437 885 3482 vere
907 3436 996 3481 meae
1011 3413 1103 3480 saluti
1124 3414 1289 3489 faverent,
1313 3423 1343 3478 te
1365 3410 1504 3499 cupidis-

168 3507 283 3572 simum
293 3507 356 3571 mei
370 3507 627 3595 singularemque
643 3508 719 3574 mihi
737 3508 988 3575 benevolentiam
1004 3506 1194 3595 praestitisse
1208 3506 1353 3591 cognovi.
1388 3509 1418 3571 2.
1442 3512 1500 3572 Ite-

167 3600 253 3687 liqua
267 3611 340 3666 sunt
360 3601 534 3674 eiusmodi,
557 3600 672 3688 quihus
694 3623 773 3687 ego,
797 3603 947 3688 quoniam
969 3601 1046 3666 haee
1068 3609 1157 3666 erant
1178 3610 1336 3687 tempora,
1357 3598 1449 3664 facile
1471 3608 1503 3664 et

131 3715 270 3780 uaeque
292 3695 398 3761 auimo
430 3693 595 3772 carebam3
629 3695 690 3760 hoc
712 3716 790 3762 vero
812 3694 968 3762 eiusnodi
999 3714 1068 3759 esse
1090 3703 1211 3769 statuo,
1248 3705 1283 3760 ut
1304 3693 1371 3758 sine
1393 3692 1502 3758 talium

167 3788 312 3854 virorum
349 3800 379 3855 et
409 3788 582 3856 amicorum
610 3787 830 3855 benevolentia
853 3810 956 3876 neque
977 3788 1010 3853 in
1032 3787 1165 3853 adversa
1186 3808 1288 3875 aeque
1310 3788 1342 3853 in
1365 3786 1502 3854 secunda

168 3881 296 3948 fortuna
318 3882 484 3970 quisquam
507 3880 615 3948 vivere
636 3882 746 3969 possit
788 3886 898 3969 ltaque
926 3881 959 3947 in
982 3881 1043 3947 hoe
1068 3902 1128 3967 ego
1152 3880 1229 3947 mihi
1257 3881 1410 3966 gratulor.
1453 3885 1502 3947 Tu

168 3994 246 4043 vero
257 3986 292 4043 nt
310 3976 465 4062 intelligas
477 3975 601 4043 homini
617 3974 807 4043 unicissimo
825 3984 856 4040 te
872 3974 1017 4041 tribuisse
1035 3973 1185 4050 officium,
1195 3995 1231 4040 re
1247 3973 1303 4041 tibi
1322 3971 1500 4062 praestabo.

644 4099 718 4162 ιη.
762 4094 811 4180 (s.
837 4100 870 4163 o.
893 4100 925 4161 c.
948 4096 1035 4179 roe.)

131 4213 161 4258 ⁴⁰
586 4200 753 4267 SERVIUS
774 4198 961 4266 CICERONI
982 4201 1013 4265 S.
1035 4203 1073 4263 D.

255 4306 284 4369 t.
306 4302 371 4368 Etsi
393 4302 459 4369 seio
479 4321 545 4369 nou
557 4301 825 4369 hremdissimum
845 4320 896 4367 me
911 4303 1054 4367 nundum
1070 4299 1160 4366 vobis
1175 4299 1361 4375 allatmmsr,
1383 4308 1500 4375 tamen

167 4396 316 4483 quoniam
331 4418 423 4462 casus
437 4405 469 4460 et
489 4405 602 4463 natura·
622 4390 656 4461 Iu
677 4391 769 4462 nohis
792 4394 991 4471 dominatur,
1014 4394 1117 4461 visum
1139 4403 1187 4460 est
1208 4393 1399 4470 laciendum,
1420 4414 1501 4480 quo·

239 4561 264 4609 l.
284 4561 411 4620 stultum,
436 4560 506 4610 nella
523 4560 546 4610 l.
566 4556 605 4611 ld.
625 4560 832 4624 uenatum.
850 4559 939 4620 uuiti,
971 4557 1040 4608 oolla
1056 4556 1307 4622 blumbi-hagana.
1328 4582 1358 4594 ·-
1377 4557 1445 4607 titud
1462 4564 1500 4608 ast

167 4628 210 4680 st:
230 4635 269 4680 stt
284 4630 351 4680 tiled
370 4630 400 4680 tt.
422 4654 452 4666 -
482 4628 510 4680 o.
530 4637 589 4682 erut
607 4640 664 4681 om.
681 4628 720 4683 rt.
747 4655 777 4668 -
803 4626 848 4681 18.
866 4634 946 4695 etqua
963 4629 992 4678 td
1009 4628 1039 4678 in
1056 4627 1192 4680 Orethus:
1219 4634 1298 4693 otpue
1314 4628 1345 4676 to
1361 4626 1403 4688 Il,
1421 4629 1500 4692 tdpu

166 4701 194 4748 to
213 4698 267 4749 VB.
287 4725 321 4734 —
341 4699 384 4751 ts.
403 4698 473 4764 qaod
490 4698 528 4751 nt.
544 4724 575 4736 -
593 4698 638 4752 st.
658 4700 805 4751 Menam
823 4713 863 4763 pr.
881 4698 921 4751 rt.
943 4722 974 4735 -
1002 4696 1046 4748 25.
1065 4698 1131 4747 mttt
1147 4698 1237 4749 conant
1254 4697 1394 4750 nomades
1412 4698 1449 4746 m.
1467 4719 1499 4734 -

166 4768 210 4821 to.
230 4770 360 4820 t'tceronts
376 4770 497 4833 pluritas
510 4769 661 4821 coornent
678 4768 727 4831 Il,
746 4772 774 4820 tn
794 4770 893 4836 qulbus
914 4769 999 4819 tatere
1013 4768 1136 4818 videtur:
1155 4768 1182 4819 S.
1203 4769 1237 4818 1).
1259 4793 1288 4804 -
1309 4767 1337 4817 s.
1362 4769 1390 4816 ν.
1411 4766 1443 4817 Β.
1464 4766 1497 4816 Β.

171 4838 199 4889 V.
218 4838 270 4890 On.
291 4863 321 4876 ·-
342 4841 386 4890 tt.
405 4854 445 4888 me
462 4842 584 4890 nuntiam
602 4840 646 4891 bl:
665 4840 787 4890 muttum
804 4854 844 4888 me
864 4838 893 4890 ll.
916 4865 946 4877 -
968 4840 1013 4889 ts.
1032 4837 1145 4903 natural
1163 4841 1275 4903 fortune
1294 4851 1348 4899 me.
1370 4838 1496 4900 Repetttt.

168 4908 262 4960 Latuit.
284 4933 314 4944 -
333 4908 419 4972 nebu}
439 4910 514 4958 honis
533 4910 569 4961 tt.
