3256 5400
624 243 700 306 am.
720 242 802 306 vm.
844 242 904 305 ΕΡ.
924 242 955 305 d.
977 243 1008 305 t.
1414 245 1475 308 129

139 394 265 465 deiecit
292 406 327 465 et
354 396 512 465 deiectum
537 418 651 483 magno
681 399 820 463 clamore
850 397 989 463 insecuta
1019 405 1076 463 est.
1117 397 1193 462 lnde
1219 398 1348 465 Hirrum
1373 401 1475 466 cuncti

140 490 209 557 iem
234 512 304 559 non
323 491 502 558 iaciendum
523 490 673 577 llagitare.
718 495 819 577 Spero
842 500 872 555 te
894 490 1040 556 celeriter
1061 500 1092 556 et
1113 491 1152 556 de
1173 492 1281 566 nohis,
1304 493 1390 578 quod
1405 515 1475 579 spe·

139 584 243 661 rasti,
265 594 300 651 et
320 584 362 651 de
382 584 455 660 illo,
477 584 563 671 quod
584 586 638 651 vix
660 605 788 672 sperare
811 606 905 650 ausus
928 606 985 658 es,
1008 584 1197 651 auditurum.
1240 590 1270 650 d.
1292 591 1339 651 De
1360 609 1395 652 re
1418 608 1476 673 pu-

139 674 229 745 hlte·
250 677 319 745 iam
339 682 414 745 novi
436 678 607 765 quidquam
629 690 812 765 exspectare
833 679 1046 756 desieramus3
1069 678 1124 744 sed
1146 700 1218 744 eum
1239 690 1364 746 senatus
1387 680 1475 745 hahi-

141 780 198 837 tus
217 779 307 837 esset
327 771 368 837 ad
387 771 540 857 Apollinis
566 794 595 838 a.
617 772 648 837 d.
669 792 716 837 ιι.
737 770 867 837 Kalend.
890 774 976 836 Sext.
1004 780 1035 834 et
1056 770 1229 837 referretur
1251 772 1290 837 de
1317 773 1498 858 stipendios

143 866 204 931 Gn.
226 863 391 952 Pompeii,
413 862 531 930 mentio
554 863 636 929 lacta
665 875 712 931 est
737 865 777 930 de
798 864 924 949 legione
954 885 1012 939 ea,
1041 886 1135 950 quam
1156 887 1327 951 expensam
1349 868 1419 933 tulit
1441 871 1474 933 C.

143 957 279 1025 Caesari
299 957 486 1044 Pompeius,
508 979 572 1044 quo
593 979 727 1024 numero
749 967 848 1033 esset,
871 958 974 1044 quoad
996 966 1165 1044 peteretur.
1209 963 1286 1026 Cum
1307 960 1475 1046 Pompeius

143 1072 248 1127 „esse
266 1050 302 1117 in
324 1050 463 1126 Gallia'',
499 1060 625 1117 coaetus
653 1061 700 1118 est
728 1052 834 1117 dicere
861 1051 1030 1138 Pompeius
1058 1073 1120 1126 „se
1142 1053 1298 1137 legionem
1325 1053 1476 1120 abductu-

142 1166 239 1220 rum,
261 1144 320 1211 sed
338 1167 404 1212 nou
424 1145 529 1210 statim
550 1143 608 1211 suh
630 1145 824 1211 mentionem
847 1156 878 1210 et
899 1144 1076 1211 convicium
1092 1144 1338 1213 obtrectatorum
1346 1153 1379 1227 ”;
1401 1148 1475 1213 inde

144 1238 362 1325 interrogatus
390 1246 438 1303 est
458 1237 497 1303 de
526 1239 723 1304 successione
745 1243 778 1306 C.
802 1239 959 1314 Caesaris,
995 1239 1035 1304 de
1057 1261 1135 1326 qua,
1169 1239 1230 1306 hoe
1251 1250 1317 1316 est,
1340 1241 1380 1306 de
1400 1262 1512 1327 pro-u

146 1332 278 1408 masiis,
299 1331 447 1420 placitum
468 1342 531 1404 est,
554 1340 589 1397 ut
610 1332 862 1418 quamprimum
884 1332 923 1397 ad
944 1331 1057 1398 urbem
1079 1342 1291 1399 reverteretur
1307 1338 1360 1400 Cn.
1382 1338 1475 1399 Pom·

145 1426 258 1513 peius,
280 1435 317 1491 ut
337 1445 445 1490 coram
467 1447 506 1490 eo
529 1424 567 1490 de
588 1425 785 1491 successione
807 1425 1039 1511 provinciarum
1066 1435 1223 1511 ageretur.
1265 1432 1341 1491 Nam
1362 1427 1476 1493 Arimi·

147 1541 227 1585 num
247 1516 288 1584 ad
310 1518 484 1584 exercitum
506 1519 673 1605 Pompeius
695 1530 763 1585 erat
781 1519 897 1595 iturus,
920 1520 1068 1584 utstatim
1090 1520 1136 1585 iit.
1178 1525 1257 1586 Puto
1271 1519 1350 1586 ldih.
1366 1520 1474 1586 Sextil.

148 1610 189 1679 de
206 1632 246 1677 ea
269 1631 307 1676 re
328 1620 430 1677 actum
450 1610 502 1677 iri.
544 1612 689 1679 Proiecto
712 1624 765 1679 aut
787 1613 976 1698 transigetur
997 1612 1132 1699 aliquid,
1155 1623 1209 1679 aut
1230 1615 1364 1701 turpiter
1379 1615 1476 1679 inter-

148 1704 290 1773 cedetur.
332 1709 410 1770 llam
431 1705 463 1771 in
486 1705 673 1793 disputando
691 1706 825 1771 coniecit
840 1706 924 1772 illam
938 1727 1049 1772 vocem
1064 1710 1118 1772 Cn.
1131 1707 1313 1793 Pompeius:
1337 1711 1474 1782 „Omnes
1486 1727 1512 1769 ss

148 1808 301 1885 oportere
327 1798 449 1864 senatui
476 1799 560 1866 dicto
590 1800 751 1866 audientes
780 1805 877 1865 esse.''
926 1804 993 1884 Ego
1015 1809 1117 1864 tamen
1139 1801 1184 1865 si'c
1206 1800 1283 1865 nihil
1303 1809 1473 1885 exspecto,

147 1891 313 1981 monsedo
333 1891 490 1968 Paullum,
522 1894 684 1958 consulem
706 1894 920 1979 designatum,
947 1893 1084 1979 primum
1105 1893 1289 1958 sententiam
1310 1892 1473 1961 dicentem.

148 1992 179 2055 5.
202 1986 335 2073 Saepius
357 1995 387 2052 te
408 1985 564 2052 admoneo
586 1986 624 2051 de
647 1988 822 2075 syngrapha
845 1987 997 2064 Sittiana;
1026 1986 1119 2071 cupio
1141 1986 1225 2050 enim
1247 1995 1277 2051 te
1299 1986 1474 2072 intelligere

147 2100 220 2146 eam
248 2100 319 2146 rem
339 2077 381 2144 ad
402 2099 452 2143 me
473 2079 564 2144 valde
585 2080 753 2166 pertinere.
810 2085 888 2147 ltem
910 2078 949 2143 de
970 2078 1146 2165 pantheris,
1184 2089 1220 2144 ut
1242 2078 1402 2167 Cibyratas
1423 2101 1475 2143 ar-

146 2194 253 2239 cessas
280 2192 450 2259 entesque,
486 2184 522 2238 ut
550 2173 594 2239 mi
623 2173 786 2239 vehantur.
830 2177 995 2239 Praeterea
1023 2173 1199 2238 nuntiatum
1231 2170 1322 2238 nohis
1350 2181 1382 2236 et
1412 2191 1510 2259 proto

147 2276 238 2333 certo
258 2266 322 2331 iam
343 2265 493 2343 habetur,
514 2288 624 2352 regem
645 2267 891 2333 Alexandrinum
912 2275 1082 2332 mortuum.
1127 2265 1210 2343 Quid
1232 2264 1308 2330 mihi
1330 2266 1471 2342 suadeas,

148 2359 311 2447 quomodo
333 2380 467 2446 regnum
487 2361 565 2427 illud
586 2383 621 2427 se
639 2360 767 2438 haheat,
790 2361 861 2449 qaais
882 2369 1047 2448 procuret,
1069 2359 1235 2444 diligenter
1249 2359 1325 2425 mihi
1339 2360 1474 2446 perseri-

147 2452 216 2521 has
258 2459 298 2522 lt.
320 2457 407 2521 Sext.

639 2594 984 2681 umnam)

601 2711 764 2774 casurus
787 2709 971 2774 creeaom
992 2711 1025 2774 s.
1482 2700 1511 2745 ¹⁵

235 2831 265 2893 1.
288 2829 359 2906 Qua
380 2835 414 2893 tu
436 2848 513 2894 cura
534 2828 591 2903 sis,
614 2828 700 2916 quod
721 2828 761 2893 ad
782 2850 890 2915 pacem
912 2828 1093 2916 provinciae
1116 2838 1187 2894 tuae
1209 2828 1474 2915 finitimarumque

149 2919 318 3006 regionum
339 2921 465 2998 attinet,
495 2922 622 3001 nescio;
651 2942 711 3006 ego
734 2922 859 3008 quidem
881 2926 1083 2987 vehementer
1104 2923 1200 2988 animi
1221 2923 1355 3010 pendeo.
1397 2928 1474 2987 Nam

150 3012 176 3078 si
204 3012 265 3079 hoc
297 3014 424 3096 'fanore
453 3014 613 3080 moderari
645 3036 828 3102 possemus,
865 3025 899 3081 ut
927 3037 987 3101 pro
1015 3016 1137 3081 viribus
1165 3016 1328 3102 copiarum
1348 3023 1473 3080 tuarum

149 3103 225 3172 helli
246 3128 374 3195 quoque
395 3108 562 3174 exsisteret
582 3108 763 3194 magnitudo
786 3119 830 3184 et,
854 3121 1004 3196 quantum
1019 3110 1138 3194 gloriae
1152 3109 1375 3195 triumphoque
1393 3129 1474 3195 opus

151 3207 243 3275 esset,
265 3222 524 3288 assequeremur,
546 3202 758 3290 periculosam
779 3212 811 3268 et
831 3224 958 3288 gravem
980 3203 1064 3268 illam
1087 3202 1318 3267 dimicationem
1341 3202 1510 3268 evitare-⁸⁰

150 3312 240 3368 mus,
275 3294 353 3359 nihil
375 3304 437 3360 tam
459 3307 541 3360 esset
563 3295 744 3382 optandum.
800 3300 888 3360 Nunc
914 3296 941 3360 si
963 3295 1095 3360 Parthus
1117 3304 1222 3360 movet
1244 3294 1376 3383 aliquid,
1407 3295 1472 3359 scio

150 3405 214 3451 non
235 3386 429 3453 mediocrem
446 3387 516 3454 lore
536 3389 777 3455 contentionem.
820 3396 906 3455 Tuus
928 3410 1026 3475 porro
1048 3389 1204 3455 exercitus
1223 3388 1277 3453 vix
1298 3408 1395 3453 unum
1413 3386 1473 3451 sal·

150 3486 217 3544 tum
237 3479 319 3545 tueri
340 3489 452 3566 potest.
502 3486 588 3547 llane
605 3491 709 3549 autem
733 3503 825 3548 nemo
846 3482 930 3548 ducit
952 3483 1123 3554 rationem,
1145 3481 1201 3545 sed
1222 3481 1327 3547 omnia
1349 3479 1473 3546 deside-

150 3580 259 3638 rantur
280 3571 321 3637 ah
342 3594 381 3639 co
404 3609 444 3621 —
467 3586 624 3663 tamquam
646 3575 722 3640 nihil
745 3575 930 3660 denegatum
952 3574 992 3640 sit
1014 3576 1061 3649 ci,
1096 3596 1158 3661 quo
1177 3575 1279 3639 minus
1300 3595 1393 3660 quam
1417 3594 1472 3659 pa-

151 3666 322 3731 ratissimus
343 3676 426 3733 esset
447 3700 505 3741 -,
528 3668 583 3755 qui
605 3667 731 3755 publico
754 3669 881 3753 negotio
896 3668 1092 3755 praepositus
1109 3680 1165 3733 est.
1208 3673 1238 3733 2.
1260 3666 1385 3733 Accedit
1402 3666 1510 3740 huc,⁸⁵

151 3759 236 3845 quod
254 3762 483 3826 successionem
506 3761 644 3827 suturam
665 3772 796 3849 propter
818 3763 987 3828 Galliarum
1014 3764 1261 3827 controversiam
1282 3783 1345 3827 non
1368 3760 1471 3827 video.

152 3853 286 3917 Tametsi
313 3853 372 3918 hac
402 3853 441 3920 de
462 3876 498 3919 re
520 3866 596 3941 puto
617 3864 648 3920 te
675 3856 891 3929 constitutum,
925 3855 1002 3943 quid
1032 3855 1171 3920 lecturus
1197 3877 1301 3930 esses,
1338 3852 1470 3929 habere,

152 3951 270 4021 umen,
293 3967 357 4032 quo
371 3948 523 4013 maturius
537 3949 758 4023 constitueres,
782 3972 853 4015 cum
868 3949 950 4014 hunc
965 3960 1110 4014 eventum
1125 3949 1347 4034 providebam,
1370 3947 1472 4012 visum

153 4046 213 4112 est,
235 4047 271 4103 ut
292 4047 322 4102 te
343 4038 479 4106 lacerem
501 4042 679 4107 certiorem.
721 4043 809 4106 Nosti
830 4042 913 4106 enim
930 4040 1007 4106 haec
1022 4043 1185 4107 tralaticia:
1209 4042 1248 4107 de
1268 4041 1375 4108 Galliis
1397 4061 1472 4131 pon·

152 4130 312 4210 stituetur;
335 4133 411 4210 erit,
434 4135 488 4222 qui
503 4134 688 4213 intercedat;
704 4135 816 4200 deinde
831 4135 910 4201 alius
934 4136 1076 4210 exsistet,
1099 4136 1168 4222 qui,
1192 4136 1252 4199 nisi
1266 4133 1365 4198 libere
1380 4133 1508 4198 liceat⁴⁰

220 4303 246 4352 2.
266 4306 320 4354 tum
336 4319 392 4354 nou
409 4306 466 4357 Vbs
486 4321 522 4357 an
538 4321 592 4356 ιιοιι
609 4307 669 4356 Mll.
690 4331 721 4342 -
758 4307 785 4356 3.
803 4305 839 4369 es]
859 4313 897 4355 est
915 4306 953 4356 M.
974 4333 1002 4343 -
1023 4305 1050 4356 ’1.
1069 4308 1157 4371 quoad
1173 4313 1305 4370 peteretur
1324 4305 1360 4354 Le
1376 4303 1469 4354 clerc:

151 4386 201 4436 quo
218 4375 386 4436 adpetentes
403 4377 463 4427 ΜΕ.
483 4398 516 4414 -·
560 4391 618 4426 uam
635 4378 771 4439 Pompeius
789 4389 840 4426 esse
857 4379 887 4425 ιιι
905 4376 994 4426 Gallia
1011 4384 1114 4426 coaetus
1139 4383 1175 4426 est
1201 4377 1247 4427 M:
1272 4376 1335 4425 Cum
1353 4388 1386 4423 ec
1410 4374 1471 4424 Gal·

151 4442 197 4504 lta,
215 4451 320 4494 coortus
337 4452 400 4495 esset
419 4446 450 4496 Ε.
469 4471 503 4480 -
538 4447 563 4496 s.
584 4447 788 4496 obtrectatorum
805 4446 842 4497 M.
874 4469 904 4481 -
942 4447 985 4496 10.
1005 4449 1181 4510 interrogatus
1199 4453 1236 4496 est
1255 4447 1286 4495 de
1304 4444 1469 4493 Lambinus:

150 4514 328 4579 iuterrogatus
346 4516 377 4564 de
394 4516 454 4567 ME.
477 4540 507 4552 -
526 4517 573 4565 hoe
590 4523 642 4576 est,
660 4517 692 4566 de
708 4517 851 4579 praeterite
869 4516 980 4565 seclusit
1000 4516 1029 4565 ll.
1052 4540 1080 4550 -
1101 4518 1144 4565 13.
1164 4513 1206 4578 tte]
1225 4516 1267 4564 hn
1285 4516 1354 4564 tuit?
1372 4514 1471 4564 01.-

151 4583 192 4633 td.
211 4586 312 4649 [actum
329 4584 367 4634 Μ.
389 4609 416 4620 -
439 4587 627 4650 transigeretur
644 4610 655 4622 ·
673 4611 685 4622 ·
701 4585 902 4635 tutercederetur
919 4586 956 4636 Μ.
979 4609 1007 4619 -
1046 4586 1090 4635 15.
1107 4589 1227 4649 pompeio
1245 4586 1283 4637 Μ.
1304 4610 1336 4621 —-
1374 4584 1418 4632 19.
1437 4582 1471 4630 et·

150 4652 259 4704 duratas
275 4668 392 4704 accusas
409 4655 447 4705 Μ.
477 4680 507 4691 -
544 4656 588 4704 20.
619 4663 648 4705 ut
665 4657 702 4705 mt
718 4656 847 4704 vehantur
863 4655 907 4706 M:
934 4663 964 4703 ut
982 4657 1045 4704 milri
1062 4663 1187 4705 eruentur
1205 4655 1236 4704 E.
1259 4678 1289 4689 -
1325 4654 1369 4701 21.
1390 4647 1469 4713 Quid]

150 4725 251 4786 quum
268 4724 307 4775 M.
330 4747 357 4758 -
395 4725 440 4774 28.
460 4726 506 4775 hoc
524 4739 595 4775 more
612 4727 744 4775 moderare·
762 4725 807 4774 M:
834 4725 881 4773 hoc
898 4727 1030 4773 moderari
1049 4726 1086 4784 E,
1106 4728 1152 4774 hoc
1169 4726 1246 4774 modo
1263 4737 1318 4773 rem
1333 4722 1467 4770 moderare·

151 4792 296 4857 Bangelius
325 4816 355 4827 -
391 4792 431 4858 ut]
451 4802 473 4845 et
492 4796 529 4847 Μ.
556 4819 587 4831 -
624 4795 666 4845 ³0.
693 4795 866 4857 periculosam
882 4794 929 4845 M:
958 4795 1177 4858 periculosamque
1204 4795 1235 4844 ll.
1266 4818 1300 4827 -
1336 4791 1381 4840 ³8.
1399 4792 1469 4839 uiues

150 4870 185 4914 sst
204 4864 242 4915 Μ.
262 4892 296 4901 -
331 4865 377 4915 32.
397 4866 491 4916 Galliis
507 4865 659 4917 Manutius:
680 4865 762 4916 Gallis
779 4864 839 4915 ΜΕ.

233 4970 306 5012 uum
320 4971 342 5011 a.
357 4973 391 5012 ιιι.
1236 4941 1256 5001 9
