3256 5400
169 201 231 263 370
470 198 508 272 Q.
531 196 673 260 CICERO
695 197 748 259 DE
769 198 893 259 PETIT.
918 195 1027 258 CONS.
1077 199 1109 261 C.
1138 198 1185 259 ll.

253 360 336 422 xlv.
358 359 408 420 51.
430 357 515 417 Haec
535 351 701 417 veniebant
721 352 797 418 mihi
818 353 851 418 in
872 363 1006 418 mentem
1028 353 1067 419 de
1089 353 1209 420 duabus
1231 354 1290 419 illis
1303 368 1493 422 commenta-

171 450 310 517 tionibus
332 447 504 519 matutinis,
527 445 612 533 quod
634 445 690 511 tibi
713 446 852 534 quotidie
874 447 913 512 ad
934 447 1038 514 lorum
1059 448 1258 513 descendenti
1280 448 1491 515 meditandum

170 566 239 610 esse
254 543 410 608 dixeram:
432 544 565 616 „Novus
587 562 672 617 sum;
695 542 889 606 consulatum
910 547 1011 634 peto.'’
1053 543 1193 607 Tertium
1214 551 1329 607 restat:
1363 548 1491 616 „Roma

171 643 253 711 est,'’
286 637 393 702 civitas
415 655 455 699 ex
482 634 642 699 nationum
663 645 819 700 contentu
847 634 1033 712 constituta;
1069 636 1101 700 in
1123 656 1185 722 qua
1205 636 1320 702 multae
1342 636 1491 711 insidiae,

147 732 267 799 amulta
295 728 429 802 fallacia,
461 729 558 792 multa
579 728 610 791 in
632 735 718 792 omni
747 749 863 812 genere
891 729 965 794 vitia
992 740 1173 808 versantur;
1206 730 1376 795 multorum
1402 754 1493 797 arro-

170 823 289 909 gantia,
316 822 486 887 multorum
508 823 716 893 contumacia,
745 821 916 888 multorum
937 823 1168 898 malevolentia,
1191 824 1361 889 multorum
1383 847 1493 912 snper·

169 916 242 991 bia,
270 916 439 981 multorum
468 915 575 980 odium
602 936 638 979 ac
666 915 808 980 molestia
833 916 1021 1003 perferenda
1052 926 1108 981 est.
1166 918 1265 984 Video
1295 938 1363 983 esse
1387 919 1491 1004 magni

169 1009 289 1076 consilii
319 1018 411 1096 atque
438 1009 514 1073 artis
543 1009 577 1074 in
598 1018 643 1075 tot
669 1008 830 1075 bominum
852 1010 1004 1097 cuiusque
1026 1009 1111 1074 modi
1141 1011 1225 1076 vitiis
1247 1013 1400 1099 tantisque
1421 1034 1493 1077 ver·

169 1113 288 1170 saniem
315 1108 414 1168 vitare
442 1102 664 1177 offensionem,
694 1108 792 1168 vitare
819 1102 975 1178 labulam,
1003 1104 1103 1168 vitare
1129 1104 1273 1183 insidias;
1304 1127 1373 1171 esse
1394 1127 1492 1172 unum

133 1198 328 1265 inhominem
349 1197 617 1263 accommodatum
638 1196 685 1260 aa
698 1206 814 1262 tantam
834 1218 959 1263 morum
981 1219 1018 1262 ac
1039 1219 1220 1264 sermonum
1241 1221 1277 1263 ac
1298 1200 1491 1266 voluntatum

171 1292 363 1359 varietatem.
419 1297 470 1357 55.
501 1294 608 1369 Quare
635 1291 728 1355 etiam
756 1300 849 1376 atque
877 1293 970 1357 etiam
1001 1313 1099 1378 perge
1131 1302 1238 1358 tenere
1270 1294 1359 1359 istam
1391 1297 1491 1371 riam,

169 1408 263 1474 quam
290 1386 445 1452 institisti:
474 1386 592 1450 excelle
622 1384 774 1461 dicendo;
808 1385 868 1450 boc
889 1395 920 1450 et
941 1395 1087 1451 tenentur
1108 1392 1225 1452 Romae
1257 1386 1436 1475 [homines]
1461 1401 1493 1456 et

169 1481 347 1547 alliciuntur
377 1492 409 1546 et
436 1479 475 1544 ab
502 1479 702 1566 impediendo
731 1500 766 1544 ac
792 1479 944 1545 laedendo
971 1481 1175 1562 repelluntur.
1229 1487 1269 1547 Et
1289 1483 1438 1568 quoniam
1459 1483 1493 1549 in

95 1588 97 1593 ⁴
169 1573 230 1641 boc
251 1575 301 1640 vel
322 1580 457 1639 maxime
479 1583 525 1639 est
546 1574 658 1639 vitiosa
679 1573 804 1646 civitas,
835 1574 936 1660 quod,
958 1575 1123 1659 largitione
1144 1574 1345 1661 interposita,
1367 1574 1492 1642 virtutis

134 1687 207 1734 isac
228 1666 384 1752 dignitatis
406 1667 550 1732 oblivisci
571 1668 666 1744 solet;
688 1667 721 1731 in
737 1666 810 1741 boc,
833 1666 898 1741 sac,
920 1676 955 1732 nt
972 1676 1002 1732 te
1024 1667 1105 1732 bene
1126 1669 1229 1743 noris,
1253 1668 1367 1743 idest,
1389 1680 1425 1735 ut
1444 1670 1493 1735 in-

170 1761 290 1846 telligas
313 1784 384 1826 enm
406 1783 474 1827 esse
496 1772 542 1833 te,
565 1761 619 1847 qui
641 1760 749 1826 iudicii
770 1782 806 1824 ac
827 1761 959 1847 periculi
982 1771 1098 1827 metum
1120 1763 1291 1827 maximum
1307 1764 1492 1849 competito-

170 1853 259 1920 ribus
281 1855 395 1920 alierre
416 1855 528 1942 possis.
570 1859 646 1927 Fac,
669 1875 703 1920 se
725 1863 759 1920 ut
780 1854 836 1919 abs
858 1864 888 1919 te
909 1855 1063 1922 custodiri
1086 1867 1178 1942 atque
1199 1856 1362 1921 observari
1377 1858 1491 1936 sciant;

170 1969 242 2013 cnm
271 1949 462 2033 diligentiam
484 1958 585 2021 tunm,
613 1970 684 2013 cum
706 1948 923 2014 auctoritatem
944 1949 1071 2036 vimque
1095 1950 1232 2021 dicendi,
1264 1960 1330 2015 tum
1351 1951 1492 2036 prolecto

171 2048 324 2129 equestris
346 2043 465 2109 ordinis
487 2065 561 2128 erga
583 2052 614 2107 tc
634 2042 771 2109 studium
792 2044 1022 2130 pertimescent.
1064 2049 1115 2110 56.
1136 2050 1236 2131 Atque
1259 2045 1336 2110 baec
1356 2047 1397 2110 ita
1419 2047 1492 2112 volo

134 2148 202 2205 sote
215 2136 277 2201 illis
290 2157 487 2223 proponere,
509 2158 573 2202 non
587 2145 622 2202 ut
635 2137 762 2202 videare
784 2137 1012 2203 accusationem
1034 2138 1096 2203 iam
1118 2139 1277 2211 meditari,
1302 2140 1357 2205 sed
1378 2151 1412 2206 ut
1433 2141 1494 2206 boc

171 2239 293 2295 terrore
315 2229 435 2297 lucilius
456 2230 517 2296 boc
537 2232 656 2316 ipsum,
678 2231 764 2316 quod
785 2237 866 2316 agis,
889 2252 1097 2318 consequare;
1120 2241 1151 2297 et
1171 2233 1261 2317 plane
1282 2237 1327 2298 sic
1342 2233 1493 2298 contende

171 2324 316 2391 omuibus
344 2330 449 2390 nervis
477 2347 513 2389 ac
539 2324 751 2401 facultatibus,
781 2335 816 2390 ut
843 2325 1067 2411 adipiscamur,
1098 2326 1184 2412 quod
1205 2327 1350 2411 petimus.
1393 2326 1493 2393 Video

171 2421 256 2487 nulla
283 2441 352 2485 csse
383 2419 509 2485 comitia
538 2430 601 2484 tam
629 2418 789 2504 inquinata
818 2419 1002 2505 largitione,
1036 2419 1150 2505 quibus
1171 2441 1233 2484 non
1255 2423 1350 2504 gratis
1371 2421 1493 2506 aliquae

172 2515 331 2580 centuriae
353 2513 531 2579 renuntient
552 2534 627 2578 suos
657 2533 768 2598 magno
790 2534 887 2598 opere
909 2518 1113 2579 necessarios.
1169 2518 1219 2578 57.
1242 2517 1364 2592 Quare,
1393 2516 1420 2581 si
1441 2515 1495 2580 ad·

136 2631 164 2675 ss
172 2607 336 2694 vigilamus
357 2628 417 2694 pro
438 2608 486 2671 rei
508 2606 669 2692 dignitate,
692 2607 764 2671 etsi
779 2619 903 2672 nostros
925 2607 965 2672 ad
986 2628 1142 2673 summum
1164 2607 1300 2672 studium
1324 2608 1494 2676 benevolos

173 2706 365 2777 excitamus,
406 2709 437 2765 et
463 2701 491 2766 si
517 2700 694 2766 bominibus
723 2701 866 2786 gratiosis
895 2700 1104 2787 studiosisque
1133 2701 1233 2766 nostri
1262 2725 1353 2767 suum
1381 2705 1493 2791 cuique

173 2815 286 2860 munus
309 2794 528 2867 describimus,
552 2806 583 2859 et
604 2796 630 2859 si
652 2794 908 2880 competitoribus
923 2794 1072 2859 indicium
1089 2795 1303 2880 proponimus,
1326 2799 1495 2882 sequestri-

112 2921 119 2938 ·
174 2888 233 2954 bus
255 2900 372 2954 metum
393 2888 562 2962 iniicimus,
586 2889 739 2953 divisores
761 2889 880 2953 ratione
901 2888 1006 2975 aliqua
1027 2898 1225 2963 coercemus,
1253 2890 1361 2975 perfici
1382 2902 1493 2977 potest,

173 2992 210 3049 ut
236 2984 360 3069 largitio
389 2992 443 3048 aut
470 2984 554 3048 nulla
582 2983 635 3047 fiat
662 2991 716 3046 ant
736 2982 812 3046 nihil
833 2982 943 3047 valeat.
997 2985 1048 3047 58.
1071 2986 1156 3046 Haec
1176 2992 1263 3057 sunt,
1287 3004 1367 3069 quae
1389 2987 1494 3070 putavi

138 3083 238 3145 annon
258 3077 370 3142 mebus
392 3078 472 3142 scire
493 3099 543 3141 me
564 3099 658 3163 quam
679 3086 729 3152 te,
760 3076 815 3141 sed
836 3075 957 3141 facilius
979 3075 1025 3141 bis
1046 3076 1108 3141 tuis
1130 3077 1386 3161 occupationibus
1408 3080 1495 3145 colli-

173 3188 249 3255 gere
275 3191 373 3236 unum
403 3172 434 3235 iu
464 3171 567 3236 locum
596 3190 688 3256 posse
711 3178 742 3234 et
763 3169 801 3234 ad
823 3179 853 3233 te
875 3171 1047 3256 perscripta
1068 3169 1201 3233 mittere.
1264 3171 1352 3246 Quae
1373 3174 1495 3238 tametsi

172 3268 218 3331 ite
237 3272 310 3330 sunt
329 3264 459 3349 scripta,
480 3274 515 3330 ut
537 3284 599 3328 non
613 3263 652 3328 ad
666 3285 785 3338 omnes,
808 3263 861 3349 qui
882 3262 1019 3328 bonores
1040 3271 1155 3349 petant,
1177 3262 1232 3327 sed
1254 3262 1292 3327 ad
1315 3274 1345 3329 te
1366 3267 1494 3351 proprie

174 3368 207 3425 et
227 3358 267 3423 ad
288 3357 366 3424 banc
388 3358 570 3443 petitionem
591 3368 675 3422 tuam
704 3359 842 3432 ualeant,
872 3365 975 3421 tamen
998 3365 1046 3430 tu,
1077 3357 1103 3420 si
1125 3356 1200 3442 quid
1223 3357 1403 3423 mutandum
1426 3380 1494 3425 esse

172 3449 332 3517 videbitur
353 3462 405 3517 aut
426 3452 554 3517 omnino
576 3452 747 3516 tollendum
769 3459 821 3517 ant
843 3451 869 3515 si
891 3449 966 3536 quid
989 3450 1048 3514 erit
1069 3449 1286 3535 praeteritum,
1320 3450 1413 3515 velim
1435 3452 1495 3517 boc

136 3545 251 3612 ssmibi
278 3546 372 3611 dicas.
430 3546 509 3612 Volo
532 3546 614 3610 enim
636 3545 696 3611 boc
717 3544 1007 3610 commentariolum
1029 3543 1187 3630 petitionis
1208 3543 1318 3609 baberi
1338 3547 1424 3611 omni
1445 3568 1495 3611 ra-

175 3638 463 3725 tioneperlectnm.

244 3805 270 3853 1.
288 3803 423 3852 ueniebant
439 3804 502 3852 mibi
521 3804 560 3852 u:
578 3805 642 3852 mibi
658 3805 793 3854 ueniebant
812 3804 842 3853 E.
862 3827 895 3840 -
931 3802 1186 3851 commentationibus
1204 3802 1359 3852 Palermus:
1385 3819 1495 3854 cammo-

173 3873 288 3922 tionibus
303 3874 363 3931 1111,
383 3874 624 3923 commonitionibus
642 3887 704 3923 cum
721 3875 741 3924 C
759 3880 786 3924 et
804 3873 870 3923 Cod.
890 3872 1008 3922 Turnebi
1027 3871 1058 3921 Ε.
1080 3895 1110 3906 -
1141 3872 1167 3921 3.
1186 3874 1307 3922 dixeram
1324 3875 1346 3923 11
1364 3882 1390 3924 ct
1408 3875 1492 3924 Codd.

173 3941 297 3993 Gruteri:
317 3944 467 3992 immamus
485 3943 515 3992 E.
530 3967 559 3977 -
581 3958 662 3994 nouus
679 3942 747 4006 sum}
765 3946 932 3993 nouissimum
950 3942 983 3991 11.
996 3968 1029 3976 -
1046 3941 1072 3990 5.
1086 3941 1182 3992 multae
1199 3943 1321 4005 [alianae
1336 3944 1492 3994 Lambinus.

174 4039 205 4050 -
225 4014 267 4063 to.
281 4020 306 4062 et
318 4014 481 4062 voluntatum
493 4013 652 4063 Cratander.
668 4039 697 4050 -
712 4017 755 4064 11.
769 4017 848 4064 etiam
860 4018 922 4062 ante
933 4025 1011 4075 perpe
1028 4011 1127 4060 cml).
1142 4037 1174 4046 -
1193 4014 1236 4061 12.
1247 4016 1368 4063 institisti
1385 4022 1494 4065 auctore

172 4081 288 4133 Grutero
307 4083 345 4132 E:
364 4084 503 4132 instituisti
521 4082 592 4132 libri.
614 4108 645 4119 -
664 4085 777 4134 homines
795 4098 850 4134 om.
864 4084 896 4132 11.
915 4078 969 4133 Nos
988 4080 1158 4130 seclusimus.
1174 4107 1201 4116 -
1224 4080 1267 4132 tt.
1286 4091 1321 4132 est
1340 4086 1435 4134 vitiosa
1452 4086 1492 4134 D:

171 4155 267 4203 uitiosa
285 4159 321 4202 est
340 4152 370 4201 Ε.
386 4178 414 4190 ·-
436 4154 479 4201 17.
493 4153 546 4202 Fac
563 4155 651 4217 itaque
669 4155 723 4203 Tu.
739 4177 769 4189 -
788 4167 813 4203 se
830 4161 858 4203 ut
877 4153 915 4202 u:
934 4158 964 4201 ut
980 4164 1006 4201 se
1024 4151 1054 4201 E.
1070 4175 1100 4185 -
1121 4151 1163 4200 13.
1178 4149 1272 4201 Malim
1286 4161 1340 4202 tum
1352 4164 1421 4204 auct.
1442 4155 1492 4206 On.

173 4247 204 4259 -
224 4225 268 4273 13.
280 4225 458 4285 pertimescent
476 4223 517 4271 tt:
536 4226 719 4285 pertimescant
737 4238 799 4274 cnm
817 4223 901 4274 Codd.
922 4221 1041 4271 Turnebi
1059 4226 1086 4270 et
1097 4220 1220 4270 Palatino
1236 4223 1265 4271 Ε.
1288 4248 1319 4259 -
1337 4225 1396 4273 oola
1414 4233 1438 4274 tc
1456 4226 1493 4283 l),

172 4300 196 4344 te
214 4294 273 4343 uolo
293 4292 323 4342 Ε.
345 4319 373 4329 -
411 4294 454 4343 211.
475 4296 663 4343 accusationem
680 4296 735 4343 iam
752 4293 883 4344 Orellius:
902 4305 987 4342 ocum.
1006 4294 1061 4340 iam
1078 4291 1117 4351 11,
1137 4295 1192 4341 inm
1209 4295 1398 4344 accusationem
1417 4295 1447 4344 E·
1462 4317 1494 4329 -

171 4363 216 4414 ab.
236 4377 332 4427 magno
350 4377 426 4425 opera
444 4364 466 4412 11
484 4369 511 4413 et
528 4363 594 4414 Cod.
615 4365 751 4414 Turnebi:
770 4367 883 4414 manime
901 4363 931 4412 Ε.
952 4387 984 4417 -s
1003 4361 1048 4410 23.
1067 4363 1160 4411 studiis
1180 4358 1253 4424 (sic)
1271 4367 1443 4428 gratiosisque
1461 4364 1493 4414 11.

172 4459 206 4471 -
235 4435 278 4483 27.
298 4435 476 4484 distribuimus
495 4434 560 4484 Cod.
580 4434 727 4483 Palatinus.
761 4458 790 4469 -
827 4435 951 4483 indicium
968 4432 1006 4481 D:
1025 4433 1124 4481 iudicia
1142 4432 1173 4481 Ε.
1206 4457 1237 4468 -
1274 4434 1318 4483 28.
1338 4436 1495 4485 eobercsmus

171 4504 206 4554 11.
227 4527 257 4539 -
293 4504 338 4553 211.
358 4504 387 4568 fit
408 4504 440 4554 11.
461 4526 490 4537 -
528 4504 571 4553 31.
592 4507 695 4554 tametsi
713 4505 734 4554 11
752 4518 814 4552 eum
833 4503 917 4554 Codd.
938 4502 966 4551 S.
985 4501 1069 4551 Marci
1087 4506 1114 4551 et
1132 4502 1268 4552 Turnebi:
1288 4506 1423 4553 tamenetsi
1436 4510 1496 4567 post

172 4574 351 4624 Cratandrum
371 4574 400 4625 Ε.
431 4599 460 4611 —-
497 4573 542 4623 32.
561 4582 622 4623 nint
639 4577 737 4637 scripta
754 4574 794 4624 D:
813 4576 914 4636 scripto
931 4578 993 4621 sunt
1011 4571 1042 4620 11.
1074 4597 1105 4608 -
1138 4578 1232 4634 petant
1250 4573 1287 4621 11:
1304 4582 1393 4636 petent
1411 4575 1441 4625 11.
1463 4600 1494 4611 -
1573 4611 1581 4637 ,

171 4644 216 4693 33.
234 4646 386 4706 petitionem
405 4650 477 4693 tuam
495 4645 532 4693 D:
553 4652 625 4694 tuam
641 4646 793 4706 petitionem
811 4644 841 4695 Ε.
863 4667 894 4680 -·
930 4642 974 4692 35.
994 4638 1051 4704 boc]
1070 4642 1117 4691 boc
1133 4644 1196 4692 milri
1215 4644 1299 4693 Codd.
1319 4644 1447 4694 Palermi.

638 4831 1017 4862 ψ*-
