3256 5400
179 255 242 319 aas
607 247 882 312 mrsromnuu
903 221 955 309 un
977 247 1067 310 rau.

180 431 231 476 me
254 408 382 475 summis
395 403 524 480 officiis,
539 405 582 469 iu
592 415 710 481 tamen,
725 404 830 472 ullibi
845 406 943 472 nolim
957 406 1106 471 molestus
1123 426 1202 473 esse.
1244 407 1370 496 Mylasis
1385 418 1417 475 et
1429 407 1502 474 hla-

180 504 289 570 bandis
301 501 463 588 pecuniam
470 501 580 568 Cluvio
589 499 713 566 dehent.
727 502 858 566 Dixerat
870 501 945 565 mihi
952 499 1172 589 Euthydemus,
1185 521 1256 568 cum
1264 503 1379 589 Ephesi
1389 525 1499 578 essem,

180 621 214 665 sc
235 607 432 671 curaturum,
460 604 495 660 nt
516 593 615 660 ecdici
635 594 756 683 Mylasii
777 601 906 660 Romam
928 594 1136 660 mitterentur.
1178 595 1213 661 ld
1234 596 1349 663 factum
1364 618 1428 663 non
1444 606 1501 663 est.

180 694 313 777 Legatos
334 688 430 755 audio
451 688 565 754 missos
586 709 670 766 esse;
706 688 761 753 sed
783 688 865 753 malo
887 687 1032 761 ecdicos,
1064 697 1101 754 nt
1119 688 1235 777 aliquid
1256 689 1369 755 confici
1390 690 1501 777 possit.

156 789 287 864 sQnare
308 792 381 868 peto
401 804 420 848 a
441 793 486 857 te,
509 792 546 849 ut
567 790 599 847 et
620 803 675 848 eos
697 793 728 849 et
748 781 913 848 Alabandis
933 780 1043 846 iubeas
1066 782 1189 848 ecdicos
1211 789 1341 850 Romam
1363 785 1500 850 mittere.

179 884 210 945 2.
230 886 395 945 Praeterea
421 877 573 942 Philocles
604 874 827 942 Alabandensis
855 877 1023 956 ὑποθήκας
1045 876 1155 943 Cluvio
1177 876 1272 943 dedit.
1328 882 1392 944 Eae
1415 899 1502 944 com·

178 974 291 1040 missae
312 981 393 1038 sunt.
445 971 547 1039 Velim
568 992 675 1044 cures,
705 978 740 1036 nt
760 979 814 1034 aut
834 966 874 1033 de
895 967 1077 1056 hypothecis
1099 970 1227 1036 decedat
1249 992 1364 1059 easque
1386 992 1502 1059 procu-

178 1067 337 1135 ratoribus
365 1065 466 1133 Cluvii
491 1066 592 1131 tradat
620 1072 673 1130 aul
702 1063 865 1149 pecuniam
897 1062 1005 1127 solvat.
1048 1067 1214 1130 Praeterea
1242 1067 1448 1131 Heracleotae
1470 1075 1502 1130 et

178 1161 392 1250 Bargylietae‚
426 1158 481 1246 qui
512 1159 589 1225 item
617 1157 745 1231 debent,
779 1166 832 1222 aut
853 1156 1016 1243 pecuniam
1043 1157 1166 1223 solvant
1185 1169 1239 1224 aut
1260 1158 1414 1225 fructibus
1435 1159 1501 1225 suis

144 1254 376 1322 sosatislaciant.
427 1257 458 1317 3.
485 1250 595 1319 Caunii
615 1259 778 1337 praeterea
800 1249 929 1329 dehent;
962 1251 1017 1317 sed
1039 1254 1124 1317 aiunt
1146 1274 1180 1317 se
1207 1253 1379 1340 depositam
1406 1273 1502 1337 pecu-

180 1349 263 1415 niam
295 1345 451 1413 hahuisse.
503 1343 539 1410 ld
565 1344 658 1411 velim
691 1365 878 1430 cognoscas,
913 1355 961 1418 et,
995 1345 1021 1410 si
1042 1346 1238 1412 intellexeris
1259 1367 1314 1411 eos
1335 1367 1437 1430 neque
1460 1366 1501 1409 ex

180 1442 283 1507 edicto
311 1460 415 1526 neque
443 1460 484 1504 ex
515 1437 643 1504 decreto
669 1436 843 1524 depositam
865 1437 1028 1514 habuisse,
1065 1440 1120 1505 des
1142 1461 1292 1527 operam,
1327 1449 1363 1505 nt
1384 1459 1501 1505 usurae

181 1535 291 1603 Cluvio
308 1534 449 1599 instituto
470 1540 525 1598 tuo
547 1541 781 1599 conserventur.
824 1535 880 1599 His
902 1533 1058 1600 derebus
1080 1555 1119 1600 eo
1141 1534 1238 1618 magis
1259 1531 1392 1609 laboro,
1416 1533 1502 1620 quod

181 1629 284 1715 agitur
304 1650 357 1693 res
378 1630 433 1694 Cn.
454 1626 595 1714 Pompeii
617 1626 726 1701 eliam,
755 1627 854 1692 nostri
875 1627 1058 1702 necessarii,
1081 1636 1112 1692 et
1132 1627 1217 1714 quod
1239 1627 1265 1691 is
1286 1627 1385 1713 magis
1407 1627 1500 1691 etiam

147 1722 257 1787 mmihi
279 1721 425 1789 laborare
453 1721 579 1787 videtur
605 1741 698 1808 qnam
720 1720 787 1807 ipse
810 1719 954 1796 Cluvius,
990 1722 1041 1787 cui
1068 1720 1257 1787 satisfactum
1280 1741 1348 1785 esse
1370 1741 1388 1785 a
1410 1719 1502 1785 nohis

181 1816 271 1882 valde
291 1816 374 1883 volo.
422 1817 479 1882 llis
499 1813 539 1882 de
560 1812 655 1881 rebus
675 1822 707 1879 te
728 1813 929 1880 vehementer
949 1814 1042 1880 etiam
1063 1824 1157 1902 atque
1178 1814 1272 1881 etiam
1292 1833 1385 1899 rogo.

635 1985 729 2048 arn.
774 1985 824 2063 (A.
850 1984 883 2048 o.
905 1986 937 2049 c,
959 1983 1045 2068 roa.)

570 2106 713 2171 CICERO
735 2106 900 2171 THERMO
922 2107 1062 2172 Pnoen.
1084 2107 1115 2171 S.

268 2223 296 2285 1.
326 2221 398 2298 Quo
425 2215 525 2302 magis
553 2215 692 2303 quotidie
722 2236 762 2283 ex
790 2215 902 2282 litteris
925 2217 1105 2303 nuntiisque
1125 2214 1242 2283 bellum
1264 2237 1410 2302 magnum
1431 2238 1501 2284 esse

143 2314 215 2381 eoin
236 2313 326 2403 Syria
354 2331 530 2397 cognosco,
563 2331 603 2376 eo
632 2309 846 2375 vehementius
872 2331 890 2376 a
911 2318 942 2374 te
963 2330 1022 2396 pro
1051 2318 1156 2376 nostra
1178 2312 1406 2377 necessitudine
1428 2331 1503 2376 con·

181 2407 292 2481 tendo,
320 2412 356 2470 nt
386 2404 463 2469 mihi
493 2408 535 2470 Μ.
564 2404 717 2469 Anneium
745 2403 879 2488 legatum
906 2403 1010 2490 primo
1032 2414 1323 2501 quoquegtempore
1352 2405 1501 2469 remittas.

181 2506 257 2567 Nam
279 2500 346 2565 eius
370 2518 482 2584 opera,
508 2497 659 2571 consilio,
681 2497 808 2563 scientia
828 2497 876 2563 rei
897 2497 1039 2562 militaris
1060 2497 1111 2564 vel
1132 2498 1266 2563 mammo
1289 2498 1429 2584 intelligo
1450 2517 1501 2561 me

181 2604 214 2660 et
234 2615 301 2659 rem
323 2590 478 2678 publicam
501 2589 641 2655 adiuvari
662 2610 764 2676 posse.
808 2590 962 2668 Quodnisi
984 2599 1141 2656 mutares
1163 2592 1231 2658 eius
1256 2601 1419 2678 ageretur,
1443 2612 1501 2658 nec

181 2687 250 2774 ipse
271 2686 384 2752 adduci
405 2683 573 2771 potuisset,
609 2691 644 2749 ut
664 2704 683 2747 a
704 2702 754 2747 me
776 2680 967 2758 discederet,
1004 2705 1105 2771 neque
1137 2705 1213 2771 ego,
1241 2695 1277 2753 nt
1301 2706 1373 2752 enm
1405 2708 1424 2750 a
1452 2705 1502 2751 me

144 2780 382 2846 aadimitterem.
431 2782 497 2862 Ego
519 2777 553 2841 in
575 2776 712 2843 Ciliciam
734 2775 891 2862 proficisci
911 2777 1015 2863 cogito
1036 2778 1163 2845 circiter
1183 2779 1250 2846 Kal.
1272 2778 1378 2845 Maias.
1422 2781 1501 2843 Ante

183 2894 253 2940 eam
285 2873 368 2939 diem
395 2870 533 2937 Anneius
560 2870 601 2935 ad
628 2891 678 2935 me
707 2869 815 2935 redeat
843 2881 977 2957 oportet.
1034 2876 1065 2937 2.
1091 2872 1190 2948 Illud,
1228 2871 1313 2959 qnod
1345 2879 1447 2937 tecum
1469 2880 1512 2935 et.

182 2988 290 3033 coram
311 2974 343 3031 el
370 2985 429 3052 per
455 2962 573 3028 litteras
602 2962 837 3047 diligentissime
859 2968 926 3049 egi,
961 2964 994 3030 id
1020 2973 1050 3030 te
1072 2986 1155 3031 nnnc
1176 2966 1271 3031 etiam
1292 2974 1386 3053 atque
1408 2964 1501 3029 etiam

182 3081 279 3147 rogo,
315 3078 410 3125 curae
435 3055 569 3132 ubisit,
602 3065 637 3122 ut
658 3076 748 3121 suum
770 3057 945 3142 negotium,
972 3058 1058 3145 quod
1079 3059 1172 3124 hahet
1193 3080 1264 3125 cum
1287 3059 1406 3145 populo
1429 3061 1503 3123 Sar·

183 3154 293 3229 diano,
325 3173 384 3239 pro
412 3171 523 3216 causae
551 3150 680 3215 veritate
708 3160 740 3214 et
767 3171 826 3235 pro
851 3171 907 3215 sna
928 3150 1078 3236 dignitate
1099 3153 1252 3218 conficiat.
1294 3151 1438 3217 Intellexi
1460 3172 1501 3215 ex

146 3258 235 3318 solua
257 3247 420 3321 oratione,
444 3265 516 3310 cnm
537 3252 639 3308 tecum
662 3242 776 3329 Ephesi
798 3243 920 3308 locutus
942 3265 1029 3319 sum,
1059 3253 1090 3309 te
1112 3245 1210 3331 ipsius
1224 3251 1265 3312 M.
1280 3247 1392 3310 Anneii
1409 3266 1501 3310 causa

183 3341 287 3407 omnia
308 3340 398 3405 velle.
442 3338 504 3404 Sed
524 3345 627 3403 umen
649 3336 694 3402 sic
715 3336 808 3401 velim
831 3338 1005 3412 existimes,
1028 3347 1058 3403 te
1080 3340 1157 3404 mihi
1173 3340 1250 3406 nihil
1264 3339 1384 3426 gratius
1398 3338 1502 3403 lacere

183 3453 291 3520 posse,
328 3454 420 3520 qnam
442 3431 469 3496 si
490 3431 675 3496 intellexero
699 3448 758 3515 per
789 3438 818 3494 to
853 3430 940 3495 illum
962 3430 1064 3517 ipsum
1098 3437 1258 3517 negotium
1286 3455 1328 3498 ex
1349 3432 1501 3499 sententia

183 3526 371 3604 coniecisse;
409 3526 504 3612 idque
525 3546 619 3609 quam
640 3522 776 3610 primum
798 3533 833 3589 ut
854 3523 986 3600 efficias,
1014 3534 1045 3591 te
1067 3526 1162 3593 etiam
1182 3536 1276 3615 atque
1297 3526 1390 3592 etiam
1411 3546 1501 3610 rogo.

629 3695 738 3758 nun.
780 3693 834 3774 (Α.
860 3697 892 3759 u.
914 3697 946 3759 o.
969 3696 1056 3782 ros.)

146 3856 175 3898 „
391 3819 433 3882 u.
472 3817 614 3882 ucano
637 3819 670 3882 c.
692 3817 799 3880 muro
821 3819 856 3881 n.
877 3819 910 3880 a.
932 3817 1035 3882 nuno
1056 3821 1115 3883 en.
1138 3820 1223 3884 uns.
1245 3819 1277 3883 s

267 3940 301 4002 L.
325 3937 481 4004 Custidius
504 3946 551 4003 est
572 3936 695 4003 tribulis
717 3946 748 4002 et
769 3937 928 4024 municeps
949 3947 981 4004 et
1001 3937 1162 4005 familiaris
1184 3961 1283 4004 meus.
1326 3943 1356 4005 Is
1378 3960 1502 4004 cansam

184 4030 291 4110 hahet3
314 4053 407 4118 qnam
428 4052 552 4098 causam
574 4032 613 4097 ad
636 4041 665 4096 te
687 4030 817 4096 deseret.
860 4033 1051 4098 Commendo
1072 4031 1130 4098 tihi
1152 4033 1329 4103 hominem,
1351 4032 1430 4097 sicut
1450 4038 1502 4097 tua

184 4122 262 4191 fides
290 4134 321 4190 et
349 4146 438 4191 meus
466 4124 570 4211 pudor
594 4125 745 4213 postulat,
781 4131 914 4201 tantum,
950 4137 985 4192 ut
1011 4124 1117 4191 faciles
1138 4126 1177 4192 ad
1198 4134 1229 4191 te
1251 4126 1351 4191 aditus
1374 4123 1501 4201 haheat;

185 4239 265 4305 quae
287 4239 386 4305 aequa
407 4217 590 4305 postulabit,
612 4227 647 4284 ut
667 4216 792 4283 lubente
814 4226 844 4282 te
865 4217 1012 4305 impetret
1032 4220 1205 4307 sentiatque
1228 4241 1330 4286 meam
1347 4218 1408 4286 sihi
1426 4217 1504 4285 umi-

147 4311 306 4388 aacitiam,
328 4312 423 4378 etiam
444 4333 515 4379 cnm
536 4312 718 4399 longissime
739 4311 854 4386 absim,
876 4313 1043 4398 prodesse,
1065 4313 1098 4378 in
1120 4314 1230 4400 primis
1252 4312 1336 4400 apud
1357 4323 1398 4379 te.

255 4528 281 4578 l.
299 4529 384 4578 uolam
401 4527 439 4578 Μ.
460 4551 492 4564 -
526 4528 635 4592 Mylasis
653 4536 676 4579 at
694 4529 838 4579 Alabandis
851 4529 895 4579 M:
915 4529 1038 4593 Molossia
1050 4537 1075 4580 et
1092 4531 1249 4581 Alodondsia
1267 4532 1298 4582 ll.
1318 4531 1420 4582 Graece
1438 4533 1504 4582 scri·

185 4597 272 4648 henda
285 4598 361 4648 haec.
375 4598 427 4649 On.
441 4621 474 4635 —
492 4598 519 4648 5.
538 4599 681 4649 Alabandis
698 4598 740 4649 tl:
760 4598 917 4649 Aloloodeir
934 4598 966 4649 ll.
987 4623 1018 4635 -
1037 4599 1063 4650 d.
1082 4601 1206 4651 Philocles
1224 4601 1359 4652 Orelllus:
1379 4602 1505 4652 Pittacon

184 4667 230 4728 Μ,
251 4668 365 4718 Philota
383 4669 414 4718 ll.
436 4692 465 4703 -
504 4669 559 4717 Eae
577 4669 618 4720 tl:
644 4669 703 4719 Hoc
720 4669 752 4720 ll.
780 4694 812 4704 -
848 4669 875 4720 0.
894 4669 1063 4734 Borppltatae
1090 4669 1228 4721 Ernestins
1247 4669 1286 4734 (in
1306 4669 1412 4732 Clarii:
1436 4673 1504 4722 Bor»

182 4737 284 4803 gglstoe
302 4738 361 4788 llll.
385 4763 420 4776 «-
454 4738 499 4787 20.
518 4734 558 4800 eo]
577 4744 602 4789 et
621 4738 658 4790 Μ.
681 4762 707 4773 -
744 4739 789 4788 21.
808 4751 844 4789 m.
862 4741 1012 4790 maumam
1028 4738 1066 4792 tl.
1087 4766 1120 4778 -
1155 4741 1199 4792 26.
1218 4744 1347 4793 mancius
1364 4743 1403 4793 Μ.
1428 4742 1502 4793 Port.

183 4807 222 4857 u.
246 4808 368 4858 Annuus.
392 4810 471 4860 Barr-
492 4834 522 4844 -
543 4808 587 4858 27.
618 4815 643 4859 ts
669 4807 838 4860 lambiunt:
870 4815 897 4860 ct
925 4808 985 4861 llll.
1006 4833 1037 4847 -
1084 4811 1129 4863 aa.
1155 4813 1223 4863 sicut
1248 4813 1298 4865 ltla
1327 4814 1406 4864 strate
1424 4811 1455 4863 ll·
1471 4834 1502 4849 -

184 4875 230 4927 32.
247 4879 345 4928 mutiat
363 4885 435 4943 teque
451 4892 536 4928 mecm
552 4877 591 4930 Μ.
