3256 5400
669 220 743 282 Llli.
764 221 788 282 1.
830 221 890 283 EP.
914 221 963 282 17.
1414 223 1474 286 391

155 375 277 461 uspiam
308 375 432 439 visurus
458 385 548 440 esset.
604 374 696 452 Quod
726 395 797 439 eum
825 375 1001 446 accidisset,
1036 374 1229 441 confidebam
1250 397 1286 442 ac
1307 378 1384 444 mihi
1404 399 1476 464 pcr-

155 487 315 533 suaseram
344 468 429 543 lore,
459 479 494 533 ut
522 473 626 534 omnia
654 469 852 553 placarentur
880 467 960 533 inter
988 489 1044 534 vos
1074 490 1136 533 non
1158 468 1253 535 modo
1275 491 1420 537 sermone
1441 491 1477 538 ac

155 562 385 647 disputatione,
415 562 471 627 sed
492 572 659 648 conspectu
681 563 750 649 ipso
773 582 1005 648 congressuque
1028 572 1142 627 vestro.
1185 568 1278 637 Nam,
1302 575 1415 650 quanta
1436 567 1476 634 ait

154 656 187 721 in
216 655 335 733 Quinto
364 655 461 720 iratre
488 678 559 722 meo
588 652 742 729 comitas,'
766 665 880 741 quanta
900 654 1092 730 iucunditas,
1116 677 1208 742 quam
1230 658 1333 724 mollis
1354 661 1475 728 animus

155 749 195 814 ad
217 748 428 834 accipiendam
458 758 488 814 et
515 749 554 814 ad
576 748 792 835 deponendam
815 749 1037 823 offensionem,
1067 748 1143 813 nihil
1165 751 1272 816 attinet
1294 775 1343 818 me
1364 755 1404 821 ad
1424 765 1501 832 te,s

155 849 210 930 qui
232 864 269 906 ea
290 843 389 916 nosti,
419 841 569 908 scribere.
613 842 674 907 Sed
696 841 807 906 accidit
828 842 1099 928 perincommode,
1124 843 1208 928 quod
1230 866 1301 909 eum
1324 868 1474 935 nusquam

155 938 271 1003 vidisti.
321 936 424 1003 valuit
445 936 528 999 enim
551 935 635 1021 plus,
668 932 762 1022 quod
783 947 851 1001 erat
871 936 916 1001 illi
939 937 1161 1002 nonnullorum
1183 937 1321 1004 artificiis
1343 942 1475 1008 inculea-

154 1042 236 1105 tum,
266 1052 360 1116 quam
387 1039 440 1093 aut
461 1030 597 1094 officium
623 1039 678 1094 aut
706 1029 902 1094 necessitudo
924 1041 978 1095 aut
998 1051 1089 1095 amor
1110 1039 1214 1094 vester
1234 1032 1287 1096 ille
1308 1034 1473 1119 pristinus,

155 1129 209 1211 qui
235 1124 405 1210 plurimum
434 1122 538 1187 valere
565 1121 682 1188 debuit.
731 1128 762 1188 3.
784 1128 884 1208 Atque
914 1123 1006 1188 huius
1027 1124 1218 1189 incommodi
1239 1125 1328 1210 culpa
1350 1126 1404 1192 uhi
1425 1149 1474 1192 re·

155 1217 268 1291 sideat,
297 1216 419 1281 facilius
446 1236 574 1300 possum
602 1216 780 1281 existimare
810 1237 903 1301 quam
933 1215 1081 1282 scrihere.
1138 1223 1260 1282 Vereor
1287 1220 1384 1291 enim,
1417 1241 1473 1292 ne,
1488 1246 1513 1288 ιο

155 1309 230 1375 dum
256 1308 419 1374 delendam
449 1330 553 1380 meos,
583 1329 647 1373 non
676 1329 800 1394 parcam
828 1309 900 1374 tuis.
949 1314 1025 1375 Nam
1054 1309 1098 1374 sic
1120 1310 1274 1394 intelligo,
1303 1323 1338 1377 ut
1359 1313 1475 1378 nihila

155 1403 333 1470 domesticis
367 1403 504 1468 vulneris
532 1402 646 1466 sactum
673 1403 727 1475 sit,
756 1402 834 1467 illud
856 1402 1002 1488 quidem,
1034 1403 1221 1489 quoderat,
1245 1415 1477 1471 eosccrtesa·

156 1519 231 1563 nare
259 1495 411 1582 potuisse.
461 1495 523 1560 Sed
545 1495 675 1559 huiusce
696 1500 742 1559 rei
765 1495 859 1560 totius
881 1496 1004 1569 vitium,
1033 1496 1119 1583 quod
1141 1496 1297 1583 aliquanto
1319 1498 1411 1563 etiam
1433 1499 1475 1563 la·

157 1596 216 1656 tius
240 1600 337 1675 patet,
361 1610 455 1675 quam
477 1589 617 1661 videtur,
639 1588 793 1674 praesenti
817 1588 874 1653 tibi
896 1590 1091 1655 commodius
1112 1612 1276 1677 exponam.
1318 1596 1349 1656 t.
1371 1597 1417 1656 lle
1438 1593 1478 1658 iis

155 1684 283 1758 litteris,
313 1704 390 1769 quas
412 1681 451 1746 ad
477 1692 507 1746 te
530 1681 747 1746 Thessalonica
775 1682 873 1764 misit,
905 1694 936 1747 et
957 1683 995 1747 de
1016 1683 1227 1758 sermonibus,
1261 1707 1339 1771 quos
1360 1684 1400 1749 ab
1421 1685 1476 1750 illo
1489 1712 1514 1752 rs

156 1789 187 1842 et
211 1780 329 1843 Romae
355 1776 437 1862 apud
469 1775 588 1840 amicos
610 1784 679 1840 tuos
701 1785 732 1839 et
753 1775 786 1839 in
807 1776 919 1840 itinere
941 1776 1063 1843 habitos
1084 1787 1189 1863 putas,
1225 1780 1337 1865 ecquid
1359 1790 1475 1844 tantum

155 1891 267 1935 causae
295 1875 350 1943 sit,
381 1870 508 1954 ignor0;
538 1869 594 1934 sed
620 1868 721 1934 omnis
748 1868 781 1933 in
809 1879 862 1935 tua
892 1873 992 1956 posita
1021 1881 1068 1937 est
1096 1871 1286 1937 humanitate
1307 1873 1383 1938 mihi
1405 1893 1476 1959 spes

155 1964 248 2030 huius
276 1963 425 2028 levandae
455 1963 627 2027 molestiae.
677 1967 773 2038 Nam,
804 1963 831 2027 si
852 1964 896 2027 ita
918 1965 1081 2039 statueris,
1112 1976 1143 2031 et
1162 1965 1329 2032 irritabiles
1357 1966 1476 2033 animos

155 2080 224 2124 esse
245 2057 436 2143 optimorum
458 2078 551 2141 saepe
573 2055 735 2122 hominum
757 2066 788 2121 et
810 2057 938 2123 eosdem
959 2057 1143 2144 placabiles,
1171 2069 1202 2124 et
1223 2081 1291 2125 esse
1313 2060 1392 2125 hanc
1412 2061 1477 2145 agi-

155 2154 289 2226 litatem,
317 2161 352 2215 ut
374 2152 416 2214 ita
438 2149 556 2225 dicam,
587 2150 810 2236 mollitiamque
832 2161 960 2217 naturae
982 2152 1167 2240 plerumque
1189 2151 1351 2228 bonitatis,
1374 2163 1421 2228 et,
1444 2153 1514 2223 idn

156 2246 242 2333 quod
272 2255 366 2331 caput
392 2253 456 2316 est,
486 2243 577 2309 nobis
599 2245 679 2309 inter
701 2266 758 2310 uos
780 2254 888 2311 nostra
914 2246 981 2311 sive
1002 2246 1199 2312 incommoda
1228 2247 1294 2311 sive
1315 2248 1389 2314 vitia
1412 2248 1476 2312 sive

156 2339 286 2404 iniurias
315 2359 383 2403 esse
411 2337 602 2412 tolerandas,
632 2338 723 2403 facile
752 2339 842 2416 haec,
865 2339 1128 2425 quemadmodum
1149 2360 1260 2425 spero,
1291 2340 1476 2425 mitigabun-

157 2444 219 2498 tur.
270 2432 381 2511 Quod,
412 2453 489 2516 ego,
518 2441 554 2496 ut
574 2431 684 2508 iacias,
716 2439 746 2496 te
769 2453 838 2497 oro.
880 2437 958 2498 Nam
979 2432 1019 2497 ad
1039 2455 1103 2509 me,
1126 2433 1180 2520 qui
1201 2443 1231 2498 te
1252 2434 1342 2499 unice
1364 2433 1477 2518 diligo,

156 2528 291 2592 maxime
321 2526 455 2612 pertinet
482 2525 638 2590 nemiuem
669 2546 737 2591 esse
765 2547 925 2601 meorum,
953 2526 1008 2613 qui
1035 2537 1089 2593 aut
1108 2537 1139 2591 te
1161 2547 1224 2591 non
1246 2536 1327 2592 amet
1347 2535 1400 2590 aut
1421 2524 1477 2591 abs

156 2629 185 2682 te
213 2642 275 2685 nou
307 2629 438 2684 ametur.
488 2624 518 2684 5.
540 2619 595 2683 llla
622 2640 695 2704 pars
723 2619 874 2706 epistolae
902 2629 973 2685 tuae
1001 2619 1130 2684 minime
1151 2619 1210 2685 luit
1230 2616 1421 2695 necessaria,
1444 2618 1514 2690 inas

155 2735 218 2800 qua
245 2713 394 2799 exponis,
426 2735 503 2799 quas
531 2712 690 2779 facultates
718 2723 771 2779 aut
792 2713 1030 2799 provincialium
1050 2721 1105 2778 aut
1124 2711 1317 2779 urbanorum
1339 2734 1477 2779 commo-

155 2809 268 2872 dorum
284 2817 314 2871 et
328 2807 395 2872 aliis
417 2804 610 2892 temporibus
632 2816 664 2872 et
684 2828 735 2871 me
756 2812 826 2892 ipso
847 2806 974 2872 consule
991 2807 1251 2894 praetermiseris.
1294 2807 1369 2872 Mihi
1391 2806 1475 2873 enim

156 2911 317 2987 perspecta
347 2910 394 2965 est
421 2900 596 2986 ingenuitas
624 2909 655 2965 et
683 2899 863 2984 magnitudo
892 2900 987 2965 animi
1014 2900 1074 2973 tui,
1102 2922 1205 2987 neque
1234 2920 1293 2984 ego
1322 2900 1475 2965 interme

156 3005 249 3082 atque
278 3003 307 3059 te
337 2993 507 3081 quidquam
529 2995 679 3059 interesse
706 3015 842 3080 unquam
864 2993 941 3059 duxi
961 3002 1088 3080 praeter
1108 2994 1298 3059 voluntatem
1320 2994 1475 3060 institutae

157 3093 255 3161 vitae,
282 3087 366 3174 quod
395 3109 445 3151 mc
475 3086 603 3152 ambitio
632 3087 786 3172 quaedam
813 3087 852 3151 ad
879 3087 1036 3152 honorum
1057 3087 1207 3162 studium,
1239 3098 1269 3153 te
1291 3097 1394 3152 autem
1416 3087 1514 3156 aliano

158 3182 284 3246 rininirnc
312 3181 568 3265 reprehendenda
595 3180 676 3245 ratio
703 3180 743 3245 ad
771 3179 936 3246 honestum
964 3181 1064 3246 otium
1095 3180 1193 3246 duxit.
1247 3188 1328 3248 Vera
1349 3180 1474 3266 quidem

157 3275 247 3341 laude
275 3275 454 3361 probitatis,
485 3275 678 3359 diligentiae,
710 3274 870 3357 religionis
891 3294 999 3360 neque?
1015 3296 1065 3339 me
1086 3273 1143 3339 tibi
1165 3296 1266 3361 neque
1288 3295 1475 3361 quemquam

156 3382 328 3456 antepono;
360 3370 477 3434 amoris
507 3390 584 3433 vero
613 3389 688 3452 erga
716 3388 783 3443 me,
812 3389 882 3432 cum
904 3388 922 3431 a
943 3367 1082 3433 fraterno
1113 3389 1221 3433 amore
1243 3369 1476 3452 domesticoque

155 3464 301 3539 discessi,
330 3462 386 3527 tihi
414 3463 531 3548 primas
560 3462 680 3527 deiero.
737 3466 767 3527 6.
790 3461 861 3528 Vidi
891 3467 990 3537 enim,
1022 3461 1088 3527 vidi
1117 3463 1301 3548 penitusque
1327 3460 1476 3546 perspexi

156 3563 187 3622 in
216 3558 296 3622 meis
324 3557 419 3623 variis
448 3555 643 3642 temporibus
671 3566 703 3622 et
728 3554 952 3620 sollicitudines
981 3565 1012 3621 et
1032 3555 1162 3621 laetitias
1189 3565 1267 3620 tuas.
1310 3555 1380 3620 Fuit
1400 3553 1514 3623 mihiss

155 3672 249 3737 saepe
287 3661 318 3716 et
349 3650 451 3715 laudis
482 3661 607 3716 nostrae
638 3649 804 3735 gratulatio
837 3658 890 3715 tua
921 3649 1055 3714 iucunda
1087 3659 1118 3714 et
1149 3649 1270 3715 timoris
1303 3645 1475 3713 consolatio

155 3755 251 3827 grata.
306 3744 391 3821 Quin
419 3744 495 3809 mihi
523 3766 605 3808 nunc
635 3754 665 3809 te
691 3742 817 3807 absente
844 3765 908 3808 non
936 3744 1037 3809 solum
1065 3743 1244 3816 consilium,
1274 3763 1336 3828 quo
1364 3750 1398 3806 tu
1420 3762 1476 3806 ex·

155 3838 254 3911 cellis,
285 3837 341 3902 sed
370 3837 462 3903 etiam
489 3838 643 3902 sermonis
672 3837 930 3911 communicatio,
960 3858 1039 3922 quae
1068 3837 1145 3902 mihi
1168 3837 1350 3902 suavissima
1372 3846 1474 3900 tecum

155 3931 233 3996 solet
261 3953 344 4005 esse,
376 3931 513 3995 maxime
541 3931 641 3996 deest:
676 3966 718 3978 -
750 3931 824 4016 quid
853 3930 975 3995 dicam?
1014 3968 1053 3980 -
1085 3931 1117 3995 in
1139 3930 1302 4016 publicane
1324 3934 1379 3993 rel
1412 3949 1476 4014 quo

225 4087 251 4134 1.
271 4086 384 4134 andiunt
404 4099 459 4146 mg.
479 4085 522 4142 ld,
542 4086 589 4135 sed
608 4091 699 4149 postca
718 4085 847 4135 deletum.
878 4110 908 4122 -
944 4087 970 4134 2.
989 4099 1037 4134 nos
1056 4086 1077 4134 1.
1096 4111 1130 4120 -
1166 4086 1201 4135 ad
1219 4087 1421 4148 disputationem
1438 4082 1477 4135 hl·

156 4153 205 4212 (ac
222 4155 399 4217 disputatione
418 4168 474 4217 mg.
495 4152 550 4219 hl.)
583 4179 611 4190 -
648 4157 674 4205 3.
693 4157 809 4218 inspectu
827 4156 867 4213 11,
898 4162 1003 4217 aspectu
1023 4156 1053 4207 V.
1091 4152 1412 4218 (connerinensem.)
1445 4178 1475 4189 -

155 4224 183 4273 4.
202 4226 304 4274 unimur
321 4226 357 4274 od
376 4225 443 4276 hill:
464 4226 567 4275 unimur
584 4233 609 4276 ct
627 4228 662 4275 ud
681 4225 725 4274 111.
744 4251 773 4260 -
807 4226 833 4275 8.
853 4227 1011 4276 necaritudo
1029 4233 1058 4276 ut
1076 4226 1204 4277 amorii.
1230 4251 1258 4262 -·
1295 4232 1382 4274 noster
1401 4225 1423 4274 1.
1444 4247 1475 4259 -

155 4295 181 4344 3.
201 4294 303 4356 quchl.
341 4292 436 4359 (atque
455 4291 583 4356 manli.)
603 4317 638 4330 -
673 4297 717 4345 1⁰.
735 4297 874 4347 aestimare
893 4297 923 4345 11.
944 4322 976 4332 —
1013 4296 1056 4345 lt.
1075 4297 1183 4358 delenda
1201 4295 1358 4345 Lambinus.
1378 4317 1412 4331 -
1436 4295 1476 4343 in·

156 4363 261 4427 telliqo,
279 4366 518 4425 utncnnc'nitlt,
536 4365 673 4428 intelliqo:
691 4365 730 4414 nil
749 4366 770 4414 1.
804 4390 834 4402 -
871 4366 914 4415 13.
933 4368 1026 4415 uitium
1044 4369 1124 4415 tutius
1142 4366 1164 4414 Ι.
1186 4390 1216 4402 ·-
1253 4365 1354 4420 ibicis
1372 4365 1424 4417 bil.
1445 4387 1475 4399 -·

157 4435 199 4483 15.
221 4433 427 4486 Thessalonicam
445 4435 492 4485 111.
524 4458 554 4472 -
591 4436 634 4486 13.
653 4442 678 4486 ct
696 4436 759 4498 quid
777 4436 823 4485 111.
856 4458 887 4470 -
925 4437 1029 4486 tandem
1048 4435 1171 4486 Ernestio
1197 4442 1307 4485 auctore
1325 4434 1474 4484 Schtltzius.

158 4531 187 4540 —
209 4502 252 4552 18.
269 4505 310 4553 ito
328 4518 379 4554 ersa
395 4505 521 4556 statueris
539 4506 584 4555 111.
607 4531 636 4544 -
674 4506 717 4555 13.
737 4507 836 4555 cosdem
853 4518 928 4568 saepe
944 4506 983 4568 pl.
1003 4506 1048 4554 ltt.
1072 4529 1099 4540 -
1120 4507 1164 4555 20.
1184 4506 1366 4569 mollitiemque
1384 4504 1429 4552 111.
1446 4526 1473 4539 ·-

156 4574 270 4622 bonitati
282 4574 356 4623 11111.
377 4572 515 4637 (bonitatis
531 4576 638 4638 repperi
657 4576 774 4640 primum
792 4575 863 4638 apud
875 4576 974 4625 Aldum
986 4576 1125 4636 Nepotem.
1146 4575 1210 4628 On.)
1222 4602 1254 4612 -
1271 4576 1316 4624 2³.
1337 4569 1393 4634 oro]
1412 4585 1476 4636 roqo

159 4643 232 4691 1.-
267 4643 313 4693 26.
331 4647 527 4706 protrinelarum
544 4647 580 4697 11.
603 4669 634 4681 -
671 4646 716 4695 28.
737 4653 760 4695 st
778 4647 926 4710 ingenuitas
944 4647 971 4706 l,
1001 4647 1140 4709 integritas
1157 4646 1218 4698 bill.
1239 4644 1398 4709 (ingenuitas
1416 4642 1433 4691 Z
1451 4647 1478 4690 et

157 4727 212 4773 ing.
232 4710 284 4773 Μ.)
310 4739 344 4748 -
379 4715 421 4764 30.
441 4714 608 4765 honoranti.
630 4740 659 4752 -
698 4715 742 4765 33.
761 4729 850 4765 umore
875 4717 985 4766 seclusit
1006 4715 1154 4766 Ernestius.
1185 4741 1215 4752 -
1251 4715 1295 4766 35.
1315 4728 1346 4762 oc
1363 4714 1477 4762 metictas

158 4785 178 4832 1.
200 4808 228 4818 -
267 4779 342 4845 mini]
360 4785 427 4833 nrlm
446 4784 469 4835 1.
500 4808 531 4821 -
567 4781 910 4849 36.timoric]honorisl.
939 4812 968 4824 -
1005 4785 1048 4837 ³7.
1069 4787 1190 4852 qulhlll·
1213 4811 1244 4822 -
1280 4783 1477 4846 ³9.poottcana

158 4853 214 4903 YZ:
232 4854 338 4917 publica
356 4853 451 4906 1111111.
1116 4884 1120 4889 .

505 5022 513 5057 1
