3256 5400
656 238 731 302 uu.
750 241 790 304 ΙΙ.
829 241 890 304 ΕΡ.
910 241 942 305 d.
963 243 995 305 5.
1423 247 1485 310 405

169 420 210 465 ue
230 399 262 466 id
282 399 424 487 quidem,
446 399 566 465 numni
585 398 691 485 potius
704 395 891 473 reddantur,
913 397 1104 483 quam-nllus
1117 399 1158 465 sit
1171 398 1346 485 scrupulus.
1387 399 1485 470 valde

169 492 230 559 hoc
256 494 350 561 velim
377 502 464 568 ante,
492 513 586 578 qnam
614 490 835 579 proficiscare,
862 498 1022 567 amanter,
1058 502 1095 558 nt
1121 491 1223 567 soles,
1259 491 1484 582 diligenterque

169 585 324 653 coniicias.
378 591 409 653 2.
440 585 565 653 Clodius
591 605 682 670 ergo,
712 595 749 651 nt
778 589 841 660 ais,
870 585 910 651 ad
936 585 1129 670 Tigranem?
1164 585 1275 661 veliin,
1310 587 1485 676 †Syrpiae

169 679 373 758 medicinam
415 679 471 746 sed
504 678 596 745 t'aeile
629 679 742 765 patior.
805 677 1075 745 accommodatius
1117 679 1202 744 enim
1236 677 1329 746 nohis
1363 689 1411 746 est
1444 679 1484 746 ad

169 771 300 838 liberam
333 773 521 859 legationem
556 782 679 859 tempus
712 771 814 845 illud,
850 792 922 837 cum
956 780 989 838 et
1024 773 1159 851 Quintus
1193 781 1300 839 noster
1331 771 1418 850 iam,
1449 783 1508 840 nte

35 907 43 924 ·
169 886 353 952 speramus,
389 866 423 933 in
454 867 521 932 otio
552 865 752 939 consederit,
789 876 839 940 et,
874 866 933 930 iste
968 866 1115 933 sacerdos
1145 871 1250 932 Bonae
1281 870 1365 930 Deae
1396 867 1486 934 cuius

169 959 255 1025 modi
286 959 412 1026 futurus
443 961 504 1034 sit,
539 960 712 1026 scierimus.
768 964 890 1026 Interea
922 959 1048 1047 quidem
1080 981 1151 1026 eum
1184 959 1281 1026 Musis
1312 980 1371 1024 nos
1401 959 1487 1027 dele-

168 1050 320 1136 ctabimus
347 1054 451 1119 anime
479 1074 581 1139 aequo
613 1091 655 1101 -
683 1052 780 1118 immo
807 1074 885 1119 vero
913 1054 1007 1119 etiam
1035 1053 1181 1138 gaudenti
1208 1074 1245 1119 ec
1275 1051 1402 1132 libenti;
1431 1075 1486 1120 ne·

168 1165 230 1234 que
257 1146 335 1213 mihi
362 1168 500 1233 unquam
527 1147 632 1212 veniet
659 1147 693 1213 in
719 1155 855 1212 mentem
878 1151 990 1215 Crasso
1015 1146 1157 1212 invidere
1183 1167 1286 1232 neque
1305 1148 1484 1234 poenitere,

168 1239 254 1327 qnod
282 1261 301 1306 a
327 1261 379 1305 me
405 1240 473 1328 ipse
502 1260 567 1306 non
594 1239 789 1306 desciverim.
845 1246 876 1305 3.
903 1246 950 1306 De
978 1240 1193 1326 Geographia,
1226 1240 1309 1307 dabo
1340 1262 1484 1327 operam,
1497 1255 1523 1296 ¹⁰

169 1344 204 1402 ut
231 1335 287 1400 tibi
316 1333 522 1412 satisfaciam
549 1333 605 1398 sed
632 1332 710 1398 nihil
738 1333 815 1399 certi
844 1334 1006 1420 polliceor.
1061 1338 1207 1419 Magnum
1232 1355 1313 1420 opus
1338 1343 1401 1414 est;
1429 1333 1485 1400 scd

168 1436 286 1502 tamen,
319 1437 355 1493 nt
380 1426 486 1500 iubes,
520 1425 659 1500 curabo,
695 1436 731 1491 ut
757 1425 850 1492 huius
877 1427 1137 1514 peregrinationis
1165 1426 1290 1514 aliquod
1319 1427 1376 1493 tibi
1405 1448 1486 1516 opus

47 1584 48 1587 ,
168 1532 277 1587 exstet.
325 1526 357 1586 4.
379 1525 427 1585 'lu
453 1519 606 1606 quidquid
630 1519 787 1604 indagaris
814 1519 853 1586 de
883 1519 1064 1607 republica
1092 1521 1281 1586 etmarime
1310 1542 1391 1609 quos
1412 1541 1486 1586 eon-

168 1613 251 1678 sules
284 1613 407 1680 luturos
439 1623 545 1699 putes,
582 1613 693 1688 lecito,
730 1622 766 1678 ut
786 1618 905 1691 sciam;
944 1615 1066 1680 tametsi
1094 1613 1198 1679 miuus
1229 1636 1298 1680 sum
1330 1615 1484 1681 curiosus.

168 1707 267 1771 Statui
289 1708 372 1772 euim
394 1707 471 1772 nihil
492 1707 554 1772 iam
575 1706 615 1773 de
636 1727 672 1772 re
693 1704 817 1792 publica
838 1709 987 1792 cogitare.
1040 1713 1071 1773 5.
1093 1713 1256 1772 Terentiae
1281 1709 1392 1774 saltum
1413 1721 1522 1794 per-¹⁸

167 1805 336 1886 speximus.
393 1800 478 1878 Quid
498 1801 650 1885 quaerist
682 1806 810 1866 Praeter
830 1822 981 1887 quercum
1002 1801 1203 1868 Dodonaeam
1225 1801 1301 1867 nihil
1326 1800 1485 1867 desidera·

167 1915 251 1970 mus,
282 1915 346 1979 quo
373 1895 476 1959 miuus
503 1895 635 1980 Epirum
665 1899 763 1981 ipsam
794 1894 957 1980 possidere
985 1894 1158 1961 videamur.
1214 1901 1243 1961 6.
1272 1900 1335 1960 Nos
1361 1894 1486 1960 circiter

168 1986 234 2051 Kal.
263 1999 317 2052 aut
345 1988 377 2052 in
398 1989 565 2054 Formiano
593 1988 712 2054 erimus
739 1997 794 2053 ant
821 1988 855 2053 in
876 1990 1075 2075 Pompeiano.
1125 1994 1189 2062 Tu,
1218 1990 1245 2054 si
1266 1989 1300 2053 in
1318 1987 1484 2053 Formiano

167 2101 232 2144 non
253 2084 385 2154 erimus,
408 2086 434 2146 si
455 2102 513 2147 nos
534 2103 638 2158 amas,
659 2082 693 2147 in
712 2081 935 2168 Pompeianum
957 2083 1072 2148 venito.
1114 2081 1150 2147 ld
1170 2090 1203 2146 et
1222 2080 1313 2147 nobis
1334 2080 1393 2146 erit
1413 2101 1484 2168 per·

169 2173 337 2240 iucundum
364 2183 396 2238 et
425 2174 481 2240 tibi
508 2196 571 2241 nou
599 2196 673 2240 sane
693 2174 832 2242 devium.
874 2181 905 2240 7.
926 2181 972 2241 lle
994 2197 1100 2251 muro,
1130 2174 1281 2261 imperavi
1301 2173 1522 2247 Philotimo,·⁰

168 2287 207 2330 ne
234 2266 413 2352 impediret,
444 2289 508 2355 quo
531 2268 634 2334 minus
661 2267 695 2334 id
719 2267 825 2344 heret,
855 2268 941 2355 quod
969 2269 1025 2335 tibi
1052 2269 1222 2336 videretur.
1272 2273 1332 2343 Tu,
1355 2286 1485 2346 censeo,

167 2368 269 2424 umen
291 2359 438 2425 adhibeas
459 2362 605 2427 Vettium.
647 2363 704 2428 llis
725 2362 935 2449 temporibus,
965 2371 1028 2428 tam
1049 2361 1144 2427 dubia
1166 2362 1228 2426 vita
1250 2362 1359 2446 optimi
1380 2361 1486 2427 cuius-

168 2473 242 2538 que,
274 2454 379 2537 magui
400 2453 529 2524 aestimo
550 2455 642 2520 unius
664 2457 789 2521 aestatis
810 2455 946 2521 fructum
967 2456 1138 2542 palaestrae
1159 2455 1333 2531 Palatinae,
1365 2453 1422 2520 sed
1442 2455 1483 2520 ita

168 2558 287 2620 tamen,
317 2556 353 2611 ut
379 2546 456 2611 nihil
481 2545 584 2613 minus
604 2548 712 2623 velim,
743 2570 837 2634 quam
867 2554 1070 2635 Pomponiam
1098 2560 1129 2613 et
1156 2569 1288 2634 puerum
1311 2546 1431 2614 versari
1451 2547 1483 2612 iu

167 2639 278 2703 timore
300 2639 418 2704 ruinae.
1493 2650 1522 2690 '²⁸

655 2780 999 2865 anaema

646 2904 788 2969 CICERO
809 2906 953 2971 ATTICO
975 2907 1007 2970 S.

254 3018 282 3078 1.
304 3013 404 3099 Cupio
432 3012 577 3101 equidem
598 3024 630 3081 et
649 3013 712 3080 iam
741 3014 864 3101 pridem
894 3015 987 3101 cupio
1013 3014 1240 3081 Alexandream
1267 3015 1482 3104 reliquamque

166 3112 337 3193 Aegyptum
364 3107 467 3172 visere
488 3118 520 3173 et
540 3106 633 3172 simul
661 3105 700 3173 ab
721 3106 780 3173 hac
799 3108 960 3174 hominum
989 3109 1128 3174 satietate
1150 3110 1247 3174 nostri
1269 3109 1430 3175 discedere
1450 3117 1483 3173 et

166 3220 238 3264 cum
258 3199 364 3287 aliquo
386 3199 543 3266 desiderio
563 3201 697 3279 reverti3
718 3201 774 3266 sed
794 3201 854 3267 hoc
874 3213 1017 3287 tempore
1038 3212 1070 3267 et
1089 3201 1138 3267 his
1159 3201 1367 3276 mittentibus,
1490 3213 1519 3254 ⁸⁰

292 3344 451 3426 Αἰδέομαι
471 3345 588 3430 Τρῶας
612 3353 669 3408 καὶ
696 3343 856 3430 Τρωάδας
880 3345 1132 3420 ἑλκεσιπέπλους.

167 3480 251 3556 Quid
271 3480 354 3545 enim
374 3485 474 3546 nostri
493 3480 671 3568 optimates,
694 3482 722 3547 si
735 3483 789 3568 qni
802 3454 916 3570 reliqui
936 3492 1023 3558 sunt,
1043 3484 1232 3569 loquentur?
1253 3503 1292 3549 an
1306 3504 1357 3548 me
1373 3481 1480 3567 aliquo

165 3573 305 3658 praemio
327 3573 366 3639 de
388 3576 538 3641 sententia
558 3597 628 3641 esse
648 3575 836 3641 deductum?

289 3716 512 3799 Πουλυδάμας
526 3742 584 3801 μοι
605 3719 729 3803 πρῶτος
752 3723 912 3801 ἐλεγχείην
937 3718 1098 3796 ἀναθήσει
1119 3751 1159 3762 -

166 3858 241 3919 Cato
268 3854 320 3919 ille
347 3864 471 3928 noster,
498 3856 554 3942 qui
582 3855 658 3921 mihi
684 3877 765 3922 unus
793 3866 841 3922 est
869 3877 928 3942 pro
955 3865 1078 3922 centum
1106 3853 1240 3920 milibus.
1292 3853 1375 3932 Quid
1402 3868 1517 3919 verosa

165 3947 313 4014 historiae
342 3948 382 4014 de
408 3948 499 4015 nobis
527 3949 566 4016 ad
592 3972 689 4016 anuos
715 3970 770 4017 nc.
791 3950 1019 4037 praedicarint?
1051 3970 1128 4036 quas
1155 3948 1281 4035 quidem
1302 3969 1362 4033 ego
1384 3948 1481 4015 multo

234 4112 261 4160 1.
280 4112 414 4160 emetur
440 4111 587 4163 Manutius.
623 4113 678 4165 Cir.
705 4115 833 4164 Garaton.
857 4113 891 4162 ad
915 4113 1005 4162 Pison.
1024 4112 1068 4162 24.
1100 4135 1131 4148 -
1167 4111 1193 4162 3.
1213 4111 1323 4174 surptus
1340 4111 1401 4162 lli:
1421 4111 1483 4175 Sur·

163 4181 206 4241 pis
223 4181 260 4239 n,
280 4180 403 4244 suspires
419 4188 528 4233 auctore
543 4184 624 4235 Bosio
642 4185 673 4235 n.
693 4208 723 4219 -
742 4184 769 4234 l.
789 4185 948 4234 conditiones
965 4184 989 4233 R
1006 4188 1033 4232 et
1049 4195 1090 4245 pr.
1109 4181 1146 4231 Μ.
1166 4201 1200 4216 -
1217 4187 1255 4230 aar
1272 4181 1352 4231 Mitt:
1371 4183 1422 4232 ortt
1438 4186 1481 4237 ter

166 4250 325 4300 Salicettaua
339 4264 361 4301 s.
376 4251 394 4300 l·
409 4259 436 4302 et
447 4253 487 4312 a.)
504 4254 534 4304 lt.
555 4277 587 4292 -
616 4254 643 4304 5.
663 4255 779 4318 quietius
798 4267 838 4317 pr.
858 4253 895 4312 Μ,
914 4254 1043 4315 quinctius
1061 4266 1131 4301 corr.
1144 4250 1181 4301 Μ.
1195 4277 1230 4286 -
1247 4251 1275 4301 d.
1294 4252 1384 4301 Boane
1400 4249 1481 4316 Deua]

166 4320 226 4368 bens
243 4321 274 4369 ds
292 4327 317 4369 te
335 4334 376 4383 pr.
396 4321 432 4372 Μ.
469 4345 496 4356 -
533 4323 560 4372 ¹1.
578 4324 682 4386 [utum
698 4326 747 4383 rr'l,
773 4324 906 4373 scierimus
924 4321 1059 4373 Orelltue:
1078 4323 1182 4385 futurus
1199 4323 1253 4372 εἰειε
1270 4322 1304 4371 rit
1324 4321 1359 4382 Y,
1377 4323 1482 4386 fluum

165 4391 232 4438 aelus
250 4386 343 4451 (acidus
352 4404 422 4441 cerr.
436 4388 487 4455 Μ.)
499 4395 533 4443 rit
545 4393 601 4453 ΖΜ,
611 4395 717 4459 {uum
727 4396 761 4444 ait
772 4396 865 4443 remur
877 4394 908 4456 u,
927 4393 1031 4455 summ
1042 4393 1103 4440 seira·
1112 4393 1195 4453 poerit
1207 4392 1230 4451 1,
1242 4393 1347 4454 {uterus
1357 4393 1402 4450 rit,
1421 4393 1481 4442 acie·

165 4473 221 4508 mur
240 4459 269 4508 Ε.
289 4484 323 4494 —-
344 4461 523 4512 delecluelmur
539 4463 640 4513 Μ1.-
669 4462 860 4513 &habenula
881 4465 1012 4512 -10.α
1028 4457 1080 4524 me]
1097 4475 1134 4510 nu
1152 4474 1192 4524 pr.
1210 4462 1248 4512 Μ.
1269 4485 1298 4497 -
1330 4462 1388 4523 ipro
1407 4459 1432 4520 l,
1452 4465 1482 4512 ut

165 4530 281 4579 coniecit
293 4529 459 4583 Schuetzlns.
475 4546 506 4568 -⁶
524 4533 662 4583 Momm
677 4547 717 4596 pr.
736 4534 774 4585 Μ.
791 4555 819 4567 -
840 4534 882 4583 12.
901 4534 1007 4597 aliquod
1024 4546 1080 4581 om.
1099 4531 1159 4582 hill.
1180 4528 1284 4593 (ilabet
1300 4543 1356 4593 mg.
1372 4527 1429 4593 Μ.)
1448 4552 1482 4567 -

167 4598 208 4648 ld.
228 4596 331 4662 minua]
357 4602 435 4649 simu
451 4601 498 4652 111.
531 4626 560 4636 -
597 4604 640 4653 15.
659 4600 758 4664 stetui]
777 4605 870 4653 stetim
887 4603 909 4653 l.
941 4625 973 4638 -
1007 4604 1062 4650 tam
1079 4614 1133 4652 om.
1153 4601 1185 4651 n.
1206 4627 1233 4638 -
1276 4601 1424 4651 emmaus
1441 4599 1479 4651 Μ.

165 4693 200 4703 -
234 4671 278 4719 at.
300 4671 356 4729 Tu,
376 4685 481 4728 amco.
501 4678 587 4721 teman
603 4673 725 4723 adhibeas
744 4674 957 4734 Cratanderzut
974 4685 1061 4722 amco
1079 4679 1166 4721 tumen
1183 4671 1305 4737 adhibens
1322 4669 1400 4730 stul,
1421 4671 1482 4720 Ceru-

165 4753 208 4788 seo
227 4748 327 4799 romu,
354 4740 477 4791 adhibens
495 4747 603 4792 auctore
621 4742 744 4793 Munatio
762 4744 793 4794 ll.
823 4769 852 4780 -
889 4743 933 4791 PP.
958 4744 1070 4792 Verrium
1088 4741 1127 4801 Μ,
1161 4741 1272 4790 Vectium
1290 4741 1335 4790 111.
1367 4765 1398 4775 -
1436 4740 1480 4790 ³2.

165 4810 317 4859 unstruht.
336 4833 369 4844 -
406 4810 449 4860 35.
469 4809 529 4861 0m.
550 4812 650 4861 Graeca
669 4813 696 4863 h.
716 4814 733 4862 Ι.
754 4815 785 4864 u.
808 4839 837 4851 -
874 4813 918 4863 35.
939 4813 1006 4876 Quid
1025 4813 1089 4862 Cato
1109 4813 1140 4862 ll.
1168 4835 1197 4847 -
1233 4811 1277 4860 se.
1295 4811 1482 4873 praedicarunt

166 4893 206 4941 pr.
227 4880 263 4930 Μ.
302 4878 399 4941 {aureos
416 4881 624 4943 demessuerint
644 4884 684 4944 l.)
