3256 5400
198 247 240 309 bt)
630 242 904 306 urlsrousuust
926 245 979 306 ΔΙ)
1002 242 1092 308 ΒΑΜ.

197 410 323 487 praeter
343 421 452 466 omnes
474 420 577 472 meos,
605 398 658 485 qui
681 407 753 463 sunt
774 419 884 463 omncs
905 398 960 463 tui.
1004 398 1274 464 Stomacbosiores
1294 420 1381 465 meas
1402 400 1523 467 litteras

196 516 274 583 quas
296 494 380 560 dicas
401 515 485 567 esse,
508 514 571 557 non
592 493 742 577 intelligo,
785 491 836 557 Bis
858 491 897 556 ad
919 500 949 556 te
972 493 1098 577 scripsi,
1121 513 1173 556 me
1194 512 1330 578 purgans
1346 493 1521 578 diligenter,

197 601 228 657 te
249 590 361 655 leuiter
382 608 530 652 accusans
551 586 584 650 in
606 608 663 662 co,
686 585 771 672 quod
794 584 833 649 de
856 606 906 649 me
926 586 988 649 cito
1003 586 1208 651 credidisses:
1231 587 1318 672 quod
1333 607 1433 672 genus
1447 608 1523 674 que-

195 685 280 749 relae
301 681 377 747 mihi
399 681 525 767 quidem
547 678 712 744 videbatur
734 699 803 743 esse
825 679 931 757 amici;
964 680 1010 744 sin
1034 679 1089 744 tibi
1113 679 1274 765 displicet,
1304 700 1368 745 non
1389 689 1462 746 utar
1482 701 1522 746 eo

172 776 333 862 spostbee.
378 774 439 839 Sed
462 773 505 846 si,
528 781 563 837 ut
584 770 714 846 scribis,
738 792 793 835 eae
809 773 930 836 litterae
946 794 1007 836 non
1024 771 1151 838 luerunt
1166 773 1319 849 disertae,
1342 775 1420 840 scito
1436 796 1523 840 meas

196 891 257 935 nou
279 869 386 933 baisse.
428 872 466 932 Ut
488 866 572 931 enim
593 865 790 930 Aristarchus
812 866 941 930 Homeri
964 887 1090 930 versum
1114 878 1222 951 negat,
1246 889 1339 953 quem
1362 890 1426 933 non
1448 889 1522 954 pro-

194 962 262 1036 bat,
299 963 343 1026 sic
371 971 405 1026 tu
428 959 568 1026 -libet
593 961 676 1024 enim
706 960 780 1023 milri
808 958 908 1023 iocari
933 995 985 1033 -‚
1012 960 1097 1046 quod
1120 960 1270 1026 disertum
1293 982 1356 1027 non
1378 964 1459 1035 erit,
1481 983 1520 1028 ne

193 1057 312 1143 putaris
334 1076 449 1120 meum.
501 1055 597 1127 Vale,
631 1053 715 1118 etin
737 1072 869 1118 censura
892 1088 932 1099 —
955 1053 1064 1118 sliam
1085 1075 1120 1119 es
1141 1074 1270 1129 censor,
1303 1065 1337 1121 ut
1358 1077 1455 1142 spero
1476 1090 1517 1103 -·

192 1149 232 1215 de
254 1170 374 1236 proavo
396 1149 528 1214 multum
551 1148 687 1232 cogitato
709 1158 775 1213 tuo.

156 1310 182 1351 a
664 1290 734 1352 arr.
777 1285 826 1369 (A.
852 1288 885 1352 u,
908 1288 940 1351 c.
962 1285 1047 1371 roes

617 1411 760 1475 ClOERO
782 1408 1046 1473 mausolaeo
1070 1410 1100 1473 S.

279 1528 307 1590 l.
330 1521 520 1590 Gratulabor
540 1521 596 1586 tibi
616 1521 703 1606 prius
726 1551 764 1563 -
787 1520 830 1584 ita
846 1520 928 1584 euim
944 1541 1052 1584 rerum
1067 1519 1148 1585 ordo
1163 1521 1299 1606 postulat
1321 1554 1382 1599 —,
1405 1522 1519 1589 deindo

192 1616 230 1682 ad
258 1639 308 1682 me
336 1627 512 1682 convertar.
555 1620 622 1699 Ego
649 1634 728 1679 vcro
755 1613 959 1680 vehementer
986 1615 1128 1699 gratulor
1154 1614 1194 1679 de
1221 1615 1339 1681 iudicio
1362 1615 1518 1684 ambitus:

192 1731 294 1796 neque
315 1710 363 1782 id,
386 1709 472 1796 quod
493 1709 609 1773 nemini
632 1706 761 1773 dubium
782 1706 858 1781 luit,
880 1707 1058 1773 absolutum
1072 1728 1143 1772 esse
1157 1717 1203 1782 te,
1226 1708 1281 1774 sed
1305 1710 1399 1785 illud,
1422 1710 1518 1797 quod,

99 1866 105 1875 ,
151 1826 256 1892 aequo
277 1803 391 1868 melior
411 1804 506 1876 civis,
530 1823 593 1889 quo
616 1803 666 1868 vir
687 1801 822 1875 clarior,
846 1820 910 1886 quo
931 1800 1046 1866 fortior
1059 1800 1178 1866 amicus
1200 1823 1254 1875 es,
1277 1825 1405 1890 quoque
1427 1804 1520 1890 plura

190 1897 330 1972 virtutis,
361 1896 532 1961 industriae
554 1906 737 1960 ornamenta
758 1895 790 1959 in
813 1903 843 1959 te
865 1903 951 1969 sunt,
977 1915 1017 1959 eo
1038 1894 1217 1960 mirandum
1248 1909 1296 1962 est
1327 1897 1428 1981 magis
1449 1897 1519 1963 nul·

190 1990 252 2055 lam
278 2012 318 2055 ne
345 1990 377 2055 in
411 1988 543 2056 tabellae
575 1988 703 2075 quidem
732 1987 850 2054 latebra
878 1987 976 2052 fuisse
1005 1985 1219 2053 absconditam
1248 1989 1517 2063 malevolentiam,

190 2105 270 2170 quae
293 2096 323 2150 te
344 2084 528 2170 impugnare
550 2082 690 2148 auderet.
743 2087 812 2146 Non
833 2081 948 2147 borum
969 2090 1164 2166 temporum,
1194 2103 1256 2147 non
1280 2081 1394 2148 borum
1417 2082 1519 2149 bomi-

189 2199 266 2243 num
292 2187 385 2264 atque
415 2199 540 2243 morum
568 2177 749 2261 negotium!
778 2175 861 2240 Nihil
881 2175 945 2239 iam
966 2196 1036 2239 sum
1068 2174 1192 2260 pridem
1212 2175 1384 2243 admiratus
1406 2179 1516 2265 magis.

152 2275 220 2339 ua.
241 2277 288 2336 lle
311 2292 360 2335 me
381 2283 502 2345 autem,
532 2271 655 2356 suscipe
686 2269 857 2356 paullisper
885 2289 971 2333 meas
1000 2278 1106 2354 partes
1127 2278 1252 2333 etcum
1275 2279 1305 2334 te
1326 2290 1398 2336 esse
1417 2270 1514 2357 linge,

189 2366 244 2453 qui
267 2384 435 2450 sum,ego;
472 2365 499 2429 si
520 2364 610 2429 lacile
632 2363 790 2428 inveneris
812 2362 889 2449 quid
911 2362 1010 2436 dicas,
1046 2362 1112 2427 noli
1132 2363 1296 2447 ignoscere
1318 2364 1516 2431 baesitatiorri

188 2479 288 2524 meae.
344 2463 412 2543 Ego
443 2478 520 2523 vero
548 2457 643 2522 velim
670 2456 747 2521 mibi
776 2455 959 2543 lulliaeque
980 2475 1085 2531 meae,
1121 2457 1202 2521 sicut
1224 2466 1257 2521 tu
1278 2456 1463 2523 unitissimo
1484 2467 1516 2523 et

188 2552 371 2618 merissime
400 2562 505 2638 optas,
539 2572 691 2637 prospere
712 2551 842 2615 evenire
864 2570 918 2624 ea,
954 2570 1036 2636 quae
1057 2570 1108 2614 me
1128 2550 1280 2615 insciente
1303 2550 1382 2617 laeta
1403 2560 1515 2618 sunta

187 2646 282 2711 meis:
305 2644 413 2710 sedita
430 2645 595 2720 cecidisse,
617 2654 652 2710 ut
663 2654 832 2729 agerentur
846 2664 885 2708 eo
900 2652 1043 2728 tempore
1059 2678 1099 2690 -
1110 2663 1205 2728 spero
1227 2646 1356 2711 omnino
1370 2666 1443 2710 oum
1460 2646 1517 2710 ali-

152 2760 250 2827 usque
273 2737 419 2802 felicitate
435 2748 467 2804 et
481 2747 557 2824 opto
571 2773 621 2811 -,
644 2745 859 2803 verumtamen
873 2736 944 2822 plus
959 2757 1009 2801 me
1026 2736 1060 2801 in
1081 2735 1139 2801 bac
1160 2757 1216 2822 spe
1236 2747 1289 2804 tua
1311 2740 1462 2825 sapientia
1484 2748 1516 2805 et

188 2830 364 2898 humanitas
385 2831 566 2897 consolatur
587 2852 680 2917 quam
702 2830 920 2916 opportunitas
943 2830 1104 2915 temporis.
1158 2834 1281 2917 ltaque,
1311 2833 1516 2920 quemadmo-

188 2928 263 2994 dum
293 2925 459 3011 expediam
486 2925 605 2990 exitum
627 2924 719 2989 buius
746 2924 904 2990 institutae
925 2923 1092 2997 orationis,
1126 2943 1190 2989 non
1211 2927 1348 3012 reperio.
1406 2933 1515 3015 Neque

187 3022 272 3087 enirn
294 3020 413 3086 tristius
440 3018 544 3084 dicere
565 3017 736 3112 quidquam
757 3016 859 3083 debeo
880 3038 918 3082 ea
938 3016 978 3082 de
1005 3038 1058 3092 re,
1095 3039 1188 3104 quam
1210 3028 1244 3083 tu
1266 3020 1333 3105 ipse
1355 3020 1514 3086 omirribus

188 3115 315 3201 optimis
336 3112 559 3199 prosequeris,
582 3132 684 3199 neque
704 3132 768 3177 non
790 3132 841 3176 me
855 3120 959 3177 tamen
973 3110 1101 3176 mordet
1114 3112 1243 3198 aliquid.
1285 3116 1322 3179 ln
1336 3134 1401 3199 quo
1415 3135 1514 3180 unum

150 3228 250 3274 senon
272 3227 405 3281 vereor,
439 3227 477 3271 ne
499 3217 533 3273 tu
553 3226 665 3291 parum
685 3205 858 3292 perspicias
878 3225 930 3280 ea,
963 3225 1045 3292 quae
1066 3213 1153 3290 gesta
1174 3206 1254 3280 sint,
1290 3207 1330 3272 ab
1351 3207 1422 3273 aliis
1442 3226 1514 3275 essa

29 3295 31 3298 ⁴
57 3350 60 3355 .
187 3310 295 3386 gesta,
318 3298 433 3387 quibus
455 3318 515 3384 ego
536 3298 579 3364 ita
600 3297 799 3373 mandaram,
816 3308 868 3373 ut,
890 3319 963 3363 eum
976 3307 1039 3363 tam
1061 3299 1154 3384 longe
1175 3299 1319 3366 afuturus
1339 3322 1452 3377 essem,
1473 3300 1514 3367 ad

187 3415 238 3459 me
260 3415 300 3459 ne
321 3393 492 3469 referrent,
521 3400 652 3477 agerent
672 3391 756 3478 quod
777 3391 974 3478 probassent
1017 3396 1047 3459 a.
1070 3397 1107 3457 ln
1128 3392 1189 3458 boe
1209 3403 1314 3459 autem
1335 3394 1413 3460 mibi
1434 3393 1513 3461 illud

188 3488 343 3553 occurrit:
366 3486 477 3565 „Quid
498 3495 533 3551 tu
554 3485 666 3571 igitur,
688 3485 715 3550 si
736 3485 924 3551 siluissest”
966 3490 1044 3552 ltem
1065 3485 1266 3574 probassem
1288 3485 1329 3552 de
1349 3496 1512 3575 tempore,

189 3579 264 3646 nibil
286 3591 317 3646 te
339 3580 455 3654 invito,
487 3578 564 3645 nibil
587 3578 654 3644 sine
675 3579 807 3644 consilio
829 3579 961 3664 egissem
983 3587 1049 3646 tuo.
1102 3578 1199 3645 Vides
1227 3580 1342 3646 sudare
1363 3601 1416 3646 me
1436 3581 1513 3647 iam-

151 3671 306 3742 ududum
337 3672 549 3748 laborantem,
579 3671 740 3759 quomodo
766 3693 804 3737 ea
825 3682 932 3747 tuear,
966 3692 1048 3760 quae
1068 3671 1147 3739 nili
1167 3672 1283 3739 tuenda
1304 3684 1393 3750 suut,
1421 3683 1454 3741 et
1481 3676 1513 3741 ts'

188 3787 251 3831 nou
273 3766 440 3833 offendam.
498 3771 581 3832 Leva
602 3786 653 3831 me
674 3765 769 3851 igitur
790 3764 850 3833 boe
870 3786 985 3844 onere3
1018 3787 1177 3853 nunquam
1198 3767 1283 3832 enim
1304 3767 1381 3833 mibi
1401 3768 1513 3835 videor

187 3868 336 3925 tractasse
365 3881 489 3927 causam
516 3860 735 3926 difficiliorem
777 3858 830 3925 Sic
846 3857 971 3927 'babeto
992 3870 1113 3926 umen:
1147 3860 1209 3930 nisi
1228 3860 1290 3926 iam
1311 3868 1386 3926 tunc
1406 3862 1513 3927 omnia

188 3954 314 4038 negotia
335 3975 406 4019 cum
427 3975 547 4020 summa
568 3962 623 4019 tua
643 3952 792 4039 dignitate
805 3952 1042 4038 diligentissime
1055 3950 1276 4028 coniecissem,
1297 3954 1421 4022 onem
1434 3954 1511 4021 nibil

188 4047 355 4113 videbatur
384 4048 422 4113 ad
448 4069 555 4114 meum
577 4048 659 4133 'erga
685 4055 715 4112 te
743 4046 909 4133 pristinum
936 4046 1075 4112 studium
1096 4045 1169 4112 addi
1189 4066 1299 4133 posse,
1328 4059 1433 4114 mmen
1453 4048 1514 4115 bae

151 4141 265 4208 mmihi
285 4141 433 4208 affinitate
454 4141 593 4208 nuntiata
614 4162 677 4206 non
698 4141 819 4207 maiore
841 4140 987 4227 equidem
1009 4140 1129 4214 studio,
1151 4140 1205 4205 sed
1222 4141 1339 4216 acrius,
1361 4141 1511 4228 apertius,

189 4235 410 4320 significantius
441 4235 624 4321 dignitatern
649 4245 735 4300 tuam
762 4233 982 4300 defendissem.
1032 4238 1062 4299 d.
1085 4233 1252 4299 Decedenti
1273 4233 1365 4308 mibi,
1396 4243 1429 4300 et
1448 4235 1512 4300 iam

189 4330 324 4416 imperio
345 4350 448 4395 annuo
475 4331 661 4405 terminato,
683 4327 854 4394 antediem
877 4349 929 4394 ru.
951 4334 1053 4394 Nonas
1076 4327 1223 4401 Sextiles,
1250 4348 1322 4394 curn
1345 4328 1385 4392 ad
1406 4327 1511 4393 Sidam

260 4540 287 4589 3.
306 4539 399 4589 leniter
417 4539 528 4589 Codices
547 4538 666 4602 aliquota
695 4538 785 4589 tmtter
801 4538 861 4589 ME.
878 4562 909 4574 -
928 4538 954 4588 5.
975 4550 1020 4587 sae
1032 4537 1091 4587 Vb:
1112 4539 1159 4587 liae
1177 4537 1236 4587 Mu.
1251 4563 1278 4574 —
1300 4538 1416 4588 decenae
1427 4538 1511 4588 11.-

188 4610 216 4661 7.
235 4611 362 4660 euersum
379 4609 418 4660 M.
446 4632 477 4642 -
513 4609 540 4659 8.
566 4606 602 4673 es]
621 4616 659 4658 est
676 4607 713 4659 bl.
742 4634 774 4645 —
810 4609 853 4658 13.
873 4609 999 4667 otrtutts,
1026 4608 1173 4657 industriae
1191 4607 1237 4657 M:
1268 4609 1375 4658 uirtutis
1393 4615 1418 4657 et
1435 4608 1511 4657 indu·

188 4683 270 4729 striae
287 4680 318 4729 E.
339 4705 367 4716 -
388 4678 462 4728 nulla
480 4681 518 4731 bl.
548 4704 577 4716 -
615 4679 659 4728 21,
684 4679 747 4742 guid
764 4677 809 4730 lt:
828 4678 898 4742 guod
916 4677 946 4726 ll.
974 4701 1002 4712 -
1040 4678 1085 4726 28.
1107 4677 1223 4726 omnibus
1241 4677 1278 4727 bl.
1298 4700 1331 4713 -
1367 4677 1411 4728 29·
1430 4685 1511 4728 unum

188 4763 242 4798 non
267 4763 359 4799 uersor
384 4748 429 4799 bl:
453 4763 535 4798 unum
560 4761 652 4799 vereor
680 4747 711 4799 r.
738 4772 772 4784 -
807 4748 851 4799 33.
871 4761 937 4812 quoe
955 4760 1011 4797 om.
1030 4747 1068 4797 u.
1095 4771 1128 4783 -
1162 4748 1214 4796 stnt
1232 4745 1278 4798 ld:
1296 4753 1357 4797 aunt
1374 4746 1405 4796 r.
1427 4772 1458 4784 -
1477 4746 1510 4799 ab

188 4818 240 4868 ttls's
265 4820 348 4884 Neap.
376 4817 470 4868 bamb.
505 4845 530 4854 -
568 4818 612 4869 31.
631 4818 740 4868 medere
764 4817 803 4870 ll.
836 4840 867 4853 -
903 4816 948 4868 33.
967 4816 1204 4882 tevamtgtturll.
1235 4840 1270 4851 -
1306 4816 1351 4868 37.
1370 4818 1510 4868 tamam

188 4888 305 4940 Certim.
342 4888 397 4939 Ct'r.
419 4887 496 4938 lland
519 4887 599 4938 Tura.
619 4886 669 4937 lll.
688 4902 716 4952 p.
735 4887 796 4939 133.
817 4910 848 4925 -
883 4885 929 4937 dl.
948 4887 1084 4937 &edendi
1102 4886 1138 4937 bl.
