3256 5400
563 255 637 320 ub.
657 255 715 318 lll.
757 255 819 320 BP.
839 255 893 319 20.
911 254 966 319 ut.
985 255 1039 318 22.
1400 256 1461 320 lbi

145 434 225 498 opus
255 421 302 478 est
332 411 408 477 illud
434 432 453 477 a
480 410 616 485 trabea,
651 411 707 476 sed
735 416 840 496 potius
862 413 1052 496 ἀπότευγμα
1081 432 1197 479 meum.
1239 418 1461 480 Verumtamen

145 508 222 594 quid
243 507 298 572 tibi
321 528 381 592 ego
402 506 433 571 in
456 507 595 593 epistolis
616 506 749 571 videor‘l
785 527 888 571 nonne
909 506 1033 592 plebeio
1055 528 1201 572 sermone
1222 528 1315 592 agere
1337 514 1461 574 teenmt

145 608 207 667 Nec
234 601 317 666 enim
349 621 475 687 semper
506 601 617 666 eodem
649 599 755 665 modo.
814 599 897 676 Quid
919 600 1002 664 enim
1019 600 1121 665 simile
1142 601 1236 665 babet
1256 603 1385 687 epistola
1408 610 1462 667 aut

145 695 261 760 iudicio
283 704 337 760 aut
356 695 520 760 contioni?
557 694 641 771 Quin
663 694 729 778 ipsa
751 692 864 757 iudicia
885 714 949 758 non
970 693 1107 758 solemus
1128 696 1233 760 omuia
1248 706 1381 762 tractare
1396 717 1461 762 uno

146 789 251 854 modo.
302 788 441 854 Privatas
473 808 595 859 causas,
630 796 661 851 et
688 807 741 851 eas
773 795 898 860 tenues,
935 786 1055 870 agimus
1081 785 1241 866 subtilius;
1278 792 1387 877 capitis
1408 799 1484 856 aute

145 882 245 947 lamae
267 882 383 948 scilicet
404 881 564 947 ornatius:
587 879 733 966 epistolas
755 900 831 945 vero
852 879 1040 966 quotidianis
1062 880 1166 946 verbis
1188 894 1297 948 texere
1312 885 1457 949 solemus.
1527 891 1530 898 '

144 980 175 1040 2.
198 975 259 1040 Sed
282 985 398 1051 tamen,
420 975 463 1039 mi
486 979 593 1049 Paete,
616 973 670 1059 qui
685 971 742 1036 tibi
756 973 840 1038 venit
855 973 887 1037 in
902 985 1036 1039 mentem
1051 997 1165 1059 negare
1179 979 1336 1062 Papirium
1353 1000 1461 1063 quem-

145 1091 238 1155 quam
249 1090 389 1155 unquam
400 1069 459 1133 nisi
474 1067 631 1154 plebeium
643 1066 761 1131 luisse?
783 1071 921 1131 Fuerunt
928 1067 1011 1132 enim
1020 1069 1304 1154 patriciiminorum
1311 1071 1460 1155 gentium,

145 1184 280 1249 quorum
301 1162 446 1248 princeps
466 1166 501 1226 L.
523 1161 665 1246 Papirius
686 1160 888 1244 Mugillanus,
911 1161 966 1248 qui
988 1183 1100 1228 censor
1121 1184 1193 1228 cum
1214 1168 1249 1228 L.
1272 1164 1460 1250 Sempronio

144 1257 286 1321 Atratino
314 1255 388 1330 luit,
415 1277 488 1320 cum
509 1265 597 1320 antea
619 1254 728 1319 consul
750 1274 821 1319 cum
843 1253 956 1319 eodem
977 1255 1100 1330 fuisset,
1129 1256 1216 1320 annis
1237 1266 1309 1341 post
1329 1264 1498 1324 Romamn

144 1350 301 1415 conditam
324 1369 451 1415 cccxii.
494 1348 554 1413 Sed
577 1358 643 1414 tum
664 1348 777 1433 Papisii
796 1347 994 1413 dicebamini.
1036 1352 1110 1414 Post
1130 1349 1212 1414 bunc
1234 1370 1312 1416 xnl.
1333 1351 1461 1417 luerunt

144 1442 220 1508 sella
241 1443 343 1508 curuli
364 1453 434 1507 ante
455 1446 490 1507 L.
512 1441 669 1525 Papirium
692 1445 852 1516 Crassum,
884 1442 939 1528 qui
968 1441 1103 1528 primum
1124 1442 1264 1529 Papisius
1287 1452 1334 1508 est
1354 1444 1461 1511 vocari

144 1535 272 1601 desitus.
322 1540 352 1600 Is
373 1536 506 1601 dictator
527 1556 598 1599 cum
620 1539 654 1600 L.
676 1535 802 1622 Papirio
824 1538 978 1610 Cursore,
1006 1535 1156 1620 magistro
1179 1542 1334 1622 equitum,
1362 1537 1461 1603 sactus

144 1638 191 1694 est
222 1629 310 1694 annis
338 1637 409 1715 post
434 1634 565 1694 Romam
593 1627 751 1693 conditam
780 1648 939 1703 ccccxv„
968 1636 1000 1693 et
1027 1628 1233 1714 quadriennio
1260 1638 1331 1715 post
1352 1627 1461 1695 consul

144 1742 214 1788 cum
236 1728 274 1789 R.
288 1723 405 1787 Duilio.
447 1725 538 1787 llnnc
558 1730 683 1787 secutus
704 1730 752 1787 est
766 1725 900 1797 Cursor,
922 1722 1018 1787 bomo
1034 1721 1124 1786 valde
1138 1723 1325 1800 honoratus;
1346 1721 1499 1787 deludes

144 1820 178 1882 L.
199 1823 304 1890 uaso,
333 1814 508 1891 aedilicius;
541 1814 613 1880 inde
640 1816 730 1880 multi
759 1821 920 1881 Masones:
957 1837 1093 1902 quornm
1115 1815 1242 1901 quidem
1264 1825 1298 1881 tu
1320 1815 1461 1881 omnium

143 1909 347 1997 patriciorum
375 1908 524 1993 imagines
552 1907 667 1974 habeas
695 1909 778 1974 volo.
829 1914 858 1974 3.
881 1908 1000 1974 Deinde
1029 1907 1186 1975 Carbones
1208 1918 1240 1973 et
1260 1908 1358 1974 Turdi
1379 1909 1462 1975 inse-

144 2011 292 2090 quuntur.
336 2001 375 2066 lli
396 2001 511 2087 plebeii
532 2002 673 2080 luerunt;
695 2023 775 2088 quos
790 2012 970 2068 contemnas
985 2023 1108 2068 censeo.
1150 2009 1227 2068 llam
1241 2012 1366 2089 praeter
1378 2002 1462 2068 bunc

144 2100 178 2163 C.
200 2094 389 2168 Carbonem,
417 2117 511 2182 quem
536 2097 740 2182 Damasippus
768 2096 896 2171 oceidit,
928 2096 1005 2161 civis
1033 2118 1051 2161 e
1079 2117 1115 2161 re
1136 2095 1261 2182 publiea
1282 2095 1460 2162 Carbonum

143 2210 238 2255 nemo
258 2188 327 2253 tuit.
381 2189 591 2273 Cognovimus
615 2193 669 2255 Cn.
692 2187 866 2255 Carbonem
893 2198 924 2254 et
951 2189 1018 2255 eins
1039 2189 1168 2254 fratrem
1190 2210 1345 2254 scurram:
1383 2188 1498 2275 quido

143 2283 192 2349 bis
214 2281 409 2369 improbius?
444 2288 491 2349 De
512 2282 572 2348 boc
593 2283 694 2348 amico
715 2304 804 2357 meo,
834 2281 970 2352 Rubriae
991 2282 1072 2358 lilio,
1095 2283 1172 2348 nibil
1193 2283 1273 2349 dico.
1316 2288 1393 2347 Tres
1414 2281 1460 2348 illi

143 2375 257 2442 fratres
278 2376 422 2450 fuerunt,
456 2380 488 2443 C.
511 2379 565 2443 Cn.
587 2381 628 2441 Μ.
651 2373 820 2443 Carbones.
871 2381 994 2442 blancus
1015 2381 1048 2442 P.
1070 2377 1179 2442 Flacco
1201 2384 1364 2440 accusante
1386 2397 1460 2440 con·

143 2470 321 2546 demnatus,
343 2469 396 2534 fur
416 2491 563 2555 magnus,
587 2491 628 2534 ex
642 2469 763 2548 Siciliu3
787 2468 879 2536 Caius
893 2478 1055 2535 accusante
1076 2473 1111 2535 L.
1128 2474 1241 2537 Crasso
1263 2467 1459 2533 cantharidas

143 2564 313 2649 sumpsisse
333 2563 464 2640 dicitur;
500 2563 527 2629 is
548 2572 580 2628 et
600 2561 744 2628 tribunus
765 2562 807 2647 pl.
829 2562 997 2629 seditiosus
1019 2571 1050 2626 et
1070 2567 1104 2627 P.
1126 2562 1273 2627 Africano
1295 2562 1358 2626 vim
1379 2570 1460 2626 attu-

142 2656 216 2723 lisse
236 2656 429 2723 existimatus
451 2664 507 2721 est.
550 2661 618 2721 lloc
639 2676 730 2728 vero,
754 2655 808 2742 qui
829 2654 966 2742 Lilybaei
981 2677 998 2719 a
1013 2655 1163 2740 Pompeio
1179 2665 1287 2721 nostro
1303 2665 1350 2721 est
1363 2656 1497 2721 intenti

143 2751 259 2824 lectus,
281 2750 458 2837 improbior
479 2772 572 2815 nemo
593 2771 665 2815 meo
686 2748 804 2814 iudicio
819 2748 887 2814 luit.
931 2752 996 2813 lam
1017 2761 1106 2834 pater
1124 2748 1192 2813 eius
1207 2759 1367 2815 accusatus
1384 2752 1458 2815 abl.

142 2845 277 2911 Antonio
308 2844 430 2910 sutorio
459 2852 632 2909 atramento
660 2842 820 2907 absolutus
841 2851 977 2927 putatur.
1032 2845 1138 2920 Quare
1159 2841 1199 2908 ad
1219 2851 1324 2928 patres
1345 2861 1459 2908 censeo

143 2947 318 3018 revertare;
340 2937 457 3025 plebeii
478 2959 571 3025 quam
591 2936 709 3002 luerint
731 2933 916 3020 importuni,
939 2935 1038 3001 vides.

600 3079 700 3140 XXII.
743 3077 846 3156 (Anno
866 3077 1006 3159 incerto.)

645 3189 787 3254 CICERO
814 3188 954 3252 PAETO.
1468 3210 1496 3250 so

229 3315 258 3378 1.
285 3315 365 3377 Amo
392 3308 628 3382 verecundiam,
661 3309 710 3374 vel
738 3309 843 3394 potius
872 3308 1047 3374 libertatem
1072 3310 1231 3396 loquendi.
1283 3312 1376 3397 Atqui
1398 3311 1458 3377 boc

145 3405 261 3472 Zenoni
281 3404 411 3491 placuit,
433 3403 551 3468 bomini
572 3403 749 3467 mehercule
771 3412 877 3476 acuto,
900 3402 958 3467 etsi
979 3402 1163 3468 Academiae
1185 3415 1310 3469 nostrae
1325 3426 1395 3469 cum
1417 3426 1457 3471 eo

144 3520 254 3584 magna
276 3499 346 3564 rixa
367 3507 423 3562 est.
467 3497 544 3572 Sed,
566 3505 601 3561 ut
622 3495 707 3569 dieo,
729 3495 830 3580 placet
852 3495 978 3569 Stoicis,
1001 3517 1059 3561 suo
1081 3519 1316 3584 quamquerem
1332 3498 1456 3564 nomine

147 3591 315 3679 appellare.
359 3591 409 3655 Sic
431 3589 514 3655 enim
537 3588 707 3654 disserunt:
729 3588 811 3652 b'ibil
832 3609 900 3653 esse
922 3587 1131 3664 obscoenum,
1154 3591 1229 3655 nibil
1249 3602 1340 3677 turpe
1355 3592 1456 3668 diclu;

143 3708 231 3758 nam,
266 3685 294 3750 si
321 3683 407 3771 quod
433 3685 472 3748 sit
499 3683 532 3748 in
560 3681 771 3750 obscoenitate
799 3681 968 3766 flagitium,
1004 3683 1037 3748 id
1066 3684 1176 3749 autin
1204 3706 1239 3749 re
1261 3706 1329 3749 esse
1351 3693 1404 3750 aut
1425 3685 1496 3749 inas

146 3778 261 3858 verbo;
284 3778 360 3844 nibil
382 3798 450 3843 esse
472 3776 609 3842 tertium.
651 3780 686 3840 ln
707 3797 743 3840 re
764 3797 828 3840 nou
850 3784 906 3840 est.
948 3781 1057 3863 ltaque
1077 3799 1142 3843 non
1161 3777 1258 3843 modo
1279 3777 1311 3842 in
1332 3798 1458 3843 comoe-

147 3873 206 3940 diis
226 3895 279 3939 res
298 3872 366 3959 ipsa
387 3880 550 3947 narratur,
573 3904 613 3918 -
636 3878 671 3936 nt
691 3868 744 3936 ibe
764 3868 798 3935 in
818 3868 1007 3956 Demiurgo:

311 3987 399 4049 Modo
416 3987 496 4067 sorte
517 4018 557 4031 -

143 4101 225 4164 nosti
246 4095 413 4172 canticum;
435 4093 603 4159 meministi
624 4093 770 4158 Roscium
791 4123 831 4137 -

310 4210 354 4272 ita
374 4228 420 4271 me
440 4208 571 4270 destituit
591 4207 703 4268 nudum
724 4237 764 4251 -
1465 4236 1493 4278 ω

143 4339 227 4397 totus
248 4337 295 4395 est
315 4349 419 4393 sermo
441 4326 547 4391 verbis
568 4334 681 4400 tectus,
710 4345 747 4388 re
767 4323 995 4410 impudentior,
1017 4363 1058 4374 -
1086 4328 1142 4393 sed
1163 4329 1256 4395 etiam
1277 4329 1309 4395 in
1331 4339 1455 4416 tragoe-

144 4425 219 4491 diis:
242 4421 318 4511 quid
339 4429 386 4486 est
407 4420 488 4486 enim
510 4418 609 4484 illudi

213 4587 240 4640 5.
261 4588 345 4637 tenuis
358 4599 398 4649 pr.
417 4583 462 4642 Μ,
481 4584 583 4632 testulus
601 4594 671 4631 corr.
685 4581 722 4632 Μ.
733 4607 767 4615 -
784 4582 801 4631 D
819 4587 845 4631 et
863 4584 904 4633 10.
923 4598 1013 4634 centor
1029 4610 1041 4622 ·
1052 4610 1063 4621 ·
1074 4611 1086 4622 ·
1103 4587 1191 4635 consul
1209 4592 1319 4636 auctore
1333 4587 1454 4638 Manutio

143 4657 184 4708 ll:
210 4656 299 4707 conntl
316 4681 327 4692 ·
343 4679 355 4690 ·
372 4681 383 4691 ·
401 4666 490 4703 censor
507 4650 545 4700 Μ.
565 4675 599 4684 -
636 4652 676 4701 12.
700 4653 807 4714 pnpiius
829 4651 866 4700 Μ.
885 4678 919 4687 -
956 4655 998 4704 15.
1017 4656 1050 4704 K.
1071 4656 1159 4706 Duilio
1178 4657 1249 4707 Fastt
1268 4657 1450 4709 Consulares:

144 4729 174 4779 C.
193 4728 282 4778 Duillo
300 4725 346 4786 lt,
367 4725 395 4775 C.
416 4722 513 4774 Duillio
532 4721 561 4770 R.
585 4746 613 4758 -
638 4722 679 4772 to.
698 4723 774 4773 Moto
792 4722 948 4772 Scbtltzius:
974 4724 1062 4774 blusso
1080 4725 1138 4776 ltu.
1155 4752 1189 4759 —
1209 4729 1251 4776 17.
1271 4728 1362 4776 Modo
1379 4742 1454 4779 ocur·

143 4798 220 4849 boues
244 4804 268 4848 et
293 4797 364 4846 turdi
389 4798 549 4856 insequenter
573 4789 610 4840 lt.
633 4816 666 4825 -
702 4793 745 4841 22.
764 4794 869 4856 suetum
887 4792 933 4843 bl:
951 4795 1022 4857 tuere
1040 4795 1069 4844 ll.
1091 4821 1120 4831 -
1158 4796 1201 4845 31.
1221 4793 1271 4859 uel]
1290 4797 1338 4846 ulii
1355 4798 1454 4851 blanu-

136 4854 207 4921 ‘ttue
225 4892 258 4903 -
295 4866 338 4917 ³7.
359 4867 389 4916 iu
407 4863 546 4927 Demiurgo
563 4861 639 4912 modo
656 4859 735 4928 (sorte
752 4862 822 4913 noeti
838 4864 967 4914 canticum
984 4887 995 4899 ·
1012 4888 1023 4900 ·
1040 4889 1051 4900 ·
1067 4864 1177 4929 uuum)
1195 4873 1265 4917 totus
1282 4865 1314 4916 R.
