3256 5400
534 243 609 312 us.
631 243 698 308 vll.
737 243 798 308 ΕΡ.
818 243 871 309 28.
891 241 944 307 33.
964 242 1016 307 30.
1033 243 1085 308 31.
1401 243 1461 308 133

595 402 690 466 aar.
732 400 786 482 (o.
812 402 845 466 o.
867 402 900 465 c,
921 402 1013 482 rso.)

605 531 748 597 CICERO
769 530 887 597 conlo
909 532 941 595 S.
962 534 1000 596 D.

227 657 257 722 l.
277 656 344 738 Ego
365 670 443 717 vero
464 649 527 716 mm
548 659 579 715 te
600 671 658 715 noe
680 649 792 716 hortor
812 671 871 715 nec
891 671 989 736 rogo,
1018 660 1054 718 nt
1074 649 1202 719 domum
1223 653 1352 733 redeam
1384 654 1461 742 quin

144 745 215 813 binc
241 747 308 834 ipse
335 745 461 812 evolare
488 743 581 830 cupio
605 754 637 809 et
662 744 767 831 aliquo
791 751 971 830 pervenire,
1002 749 1079 821 „ub
1105 768 1158 811 nec
1179 752 1389 831 Pelopidarum
1408 770 1462 813 oo-

144 861 209 905 rroa
238 860 297 906 nec
316 843 401 924 secto
437 841 589 904 audiam.”
643 836 829 904 Incredibile
857 849 926 915 cst,
963 861 1056 927 quam
1086 841 1219 927 turpiter
1251 844 1328 909 mibi
1356 844 1485 910 iaceres

144 932 270 1008 videar,
303 932 357 1019 qui
385 932 433 997 bis
459 930 554 996 rebus
583 930 733 996 intersim.
775 924 844 996 Nae¹
862 940 896 997 tu
917 933 1034 999 videris
1056 934 1155 1000 multo
1176 945 1246 1000 ante
1267 937 1461 1023 providisse,

143 1025 218 1112 quid
244 1025 441 1112 impenderet
469 1033 557 1098 tum,
587 1045 658 1089 cum
691 1023 763 1090 binc
794 1025 971 1111 profugisti.
1027 1030 1225 1115 Quamquam
1257 1029 1335 1094 baec
1366 1033 1461 1095 etiam

143 1119 252 1187 audin
271 1118 385 1185 acerba
406 1126 491 1193 sunt,
512 1129 616 1184 mmen
637 1117 746 1183 audire
768 1119 962 1186 tolerabilius
983 1130 1031 1186 cst
1045 1142 1139 1208 quam
1153 1121 1273 1188 videre.
1300 1128 1337 1189 ln
1351 1144 1462 1209 campo

143 1221 228 1279 certe
248 1234 313 1279 non
338 1211 441 1285 fuisti,
474 1231 546 1276 cum
577 1215 616 1277 IL
640 1231 678 1276 ιι.
699 1212 834 1278 comitiis
861 1215 1048 1300 quaestoriis
1069 1214 1218 1280 institutis
1239 1215 1315 1280 sella
1337 1218 1376 1294 Q.
1398 1221 1463 1282 Ma-

143 1305 237 1381 ximi,
259 1325 353 1392 wem
373 1304 420 1370 illi
441 1305 600 1370 consulem
623 1326 691 1371 esse
713 1304 873 1381 dicebant,
905 1306 1006 1392 posita
1027 1316 1126 1380 esset,
1149 1328 1213 1394 quo
1236 1318 1361 1374 mortuo
1383 1327 1499 1373 nun-ss

142 1398 218 1465 tiato
239 1398 315 1464 sella
336 1397 456 1463 sublata
478 1407 534 1462 est.
577 1398 632 1464 ille
653 1410 774 1474 autem,
797 1400 852 1487 qni
869 1400 1003 1466 comitiis
1024 1400 1148 1467 tributis
1170 1410 1253 1467 esset
1273 1401 1461 1486 auspicatus,

142 1490 315 1557 centuriata
335 1489 459 1567 babuit;
493 1492 652 1557 consulem
674 1496 713 1558 Η.
735 1510 797 1556 vn.
819 1493 1027 1569 renuntiavit,
1049 1494 1103 1580 qui
1125 1516 1225 1580 usque
1247 1494 1287 1560 ad
1307 1492 1462 1560 Kalendas

142 1588 207 1650 lan.
228 1592 327 1658 esset,
349 1604 430 1669 quae
451 1593 540 1648 crant
561 1583 684 1649 suturae
705 1606 795 1650 mane
816 1587 978 1672 postridie.
1021 1592 1068 1653 lta
1090 1588 1219 1654 Caninio
1233 1587 1361 1652 consule
1382 1586 1462 1651 scito

142 1675 300 1743 neminem
319 1677 491 1762 prandisse.
534 1677 615 1743 Nihil
645 1687 748 1743 tamen
770 1700 809 1745 eo
831 1681 958 1764 consule
979 1680 1053 1746 mali
1074 1680 1189 1748 factum
1211 1690 1274 1758 est;
1296 1680 1356 1745 fuit
1376 1678 1462 1744 enim

141 1769 273 1836 mirilico
295 1771 467 1855 vigilantia,
489 1771 544 1857 qui
566 1792 624 1835 suo
645 1779 712 1836 toto
734 1772 895 1838 consulatu
918 1795 1062 1839 somnum
1083 1797 1146 1840 non
1159 1774 1282 1840 viderit.
1326 1778 1356 1839 2.
1378 1776 1500 1837 llaecra

142 1863 200 1930 tibi
221 1864 354 1931 ridicula
376 1864 521 1929 videntur
543 1895 581 1908 -·
604 1885 668 1928 non
698 1864 783 1930 enim
811 1865 884 1931 ades
907 1889 962 1944 —;
985 1887 1066 1953 quae
1088 1866 1114 1931 si
1136 1866 1281 1940 videres,
1315 1866 1461 1932 lacrimas

142 1978 206 2023 non
227 1965 360 2023 teneres.
402 1957 505 2036 Quid,
528 1957 555 2022 si
576 1967 679 2022 cetera
700 1955 856 2022 scribam?
899 1963 977 2024 Sunt
1000 1959 1083 2024 enim
1105 1958 1346 2025 innumerabilia
1367 1979 1462 2044 gene-

142 2050 188 2117 ris
215 2051 370 2127 eiusdem,
406 2072 486 2138 quae
516 2050 642 2138 quidem
670 2070 730 2135 ego
760 2072 822 2116 non
855 2051 985 2128 serrem,
1023 2053 1082 2117 nisi
1111 2073 1161 2117 me
1190 2052 1222 2117 in
1243 2051 1463 2138 philosophiae

141 2154 268 2231 portum
291 2145 490 2210 contraiissem
512 2155 544 2210 et
565 2143 625 2208 nisi
646 2142 796 2209 haberem
820 2145 940 2211 socium
962 2146 1138 2212 studiorum
1161 2166 1305 2211 meorum
1325 2147 1461 2212 Atticum

141 2247 299 2316 nostrum;
321 2239 410 2304 cuim
431 2243 579 2324 quoniam
593 2237 758 2323 proprium
774 2247 804 2302 te
820 2259 889 2303 esse
904 2239 1015 2305 scribis
1031 2238 1186 2324 mancipio
1202 2248 1234 2303 et
1249 2259 1342 2315 nexo,
1356 2260 1461 2305 meum
1471 2258 1500 2302 so

141 2342 246 2397 autem
266 2353 327 2397 usu
355 2340 387 2396 et
413 2331 535 2406 fructu,
567 2339 730 2396 contentus
759 2331 820 2397 isto
846 2354 925 2398 sum.
979 2333 1014 2398 ld
1043 2337 1126 2397 enim
1147 2339 1195 2397 est
1216 2331 1367 2417 cuiusque
1388 2352 1462 2418 pro·

141 2423 265 2510 prium,
299 2445 365 2511 quo
395 2429 527 2511 quisque
555 2423 671 2489 fruitur
701 2433 795 2510 atque
825 2426 935 2491 utitur.
992 2424 1054 2491 Sed
1090 2425 1168 2491 baec
1198 2425 1274 2490 alias
1308 2423 1463 2510 pluribus.

142 2521 175 2584 3.
195 2517 332 2593 Acilius,
368 2523 420 2604 qui
443 2518 477 2583 in
498 2517 660 2584 Graeciam
687 2535 758 2582 cum
787 2517 963 2603 legionibus
990 2517 1103 2584 missus
1124 2527 1191 2591 est,
1228 2517 1368 2582 maximo
1390 2538 1462 2583 meo

142 2609 296 2677 beneficio
328 2621 396 2689 est;
429 2611 476 2676 bis
505 2610 589 2676 enim
612 2618 659 2675 est
679 2630 697 2673 a
719 2630 769 2675 me
797 2611 913 2677 iudicio
935 2611 1044 2698 capitis
1065 2610 1160 2677 rebus
1182 2610 1276 2676 salvis
1297 2610 1462 2686 defensus,

142 2713 175 2770 et
195 2712 242 2769 est
273 2703 370 2770 bomo
391 2725 454 2770 non
484 2704 623 2788 ingratus
651 2723 763 2789 meque
785 2705 987 2771 vehementer
1008 2704 1164 2771 observat.
1206 2704 1255 2771 sd
1276 2723 1348 2768 eum
1370 2702 1410 2768 de
1432 2711 1501 2768 teu

144 2796 377 2882 diligentissime
409 2798 520 2883 scripsi
562 2817 694 2883 eamque
729 2798 891 2883 epistolam
929 2819 1001 2864 cum
1040 2797 1098 2863 bac
1130 2797 1261 2883 epistola
1299 2796 1462 2872 coniunxi,

144 2890 320 3050 mille
351 2891 511 2978 quomodo
542 2892 699 2976 acceperit
730 2891 864 2979 etquid
893 2890 950 2958 tibi
970 2891 1126 2977 pollicitus
1147 2891 1203 2968 sit,
1236 2889 1330 2957 velim
1351 2889 1391 2955 ad
1411 2911 1463 2956 me

589 3154 702 3218 nrm.
744 3153 798 3235 (o.
823 3157 856 3219 u.
878 3156 910 3220 c.
932 3154 1022 3234 rso.)

606 3285 748 3351 CICERO
771 3285 888 3351 CURIO
910 3286 942 3349 S.
964 3288 1002 3348 D.
1472 3312 1501 3355 so

229 3404 257 3468 i.
278 3401 380 3467 Facile
401 3403 549 3488 perspexi
571 3423 612 3469 ex
634 3405 694 3470 tuis
716 3403 847 3479 litteris,
870 3403 956 3490 quod
977 3424 1103 3489 semper
1123 3402 1244 3481 studui,
1267 3412 1299 3470 et
1319 3425 1370 3471 me
1392 3425 1410 3468 a
1432 3411 1463 3468 te

145 3494 272 3582 plurimi
294 3495 363 3562 lieri
384 3508 415 3562 et
436 3505 466 3562 te
488 3496 680 3582 intelligere,
713 3517 806 3584 quam
828 3496 905 3561 mibi
935 3517 1026 3561 carus
1049 3517 1142 3562 esses.
1201 3497 1293 3574 Quod
1316 3500 1464 3584 quoniam

145 3598 277 3677 uterque
300 3595 443 3657 nostrum
464 3600 650 3657 consecutus
671 3600 735 3666 est,
757 3590 914 3677 reliquum
936 3601 998 3664 est,
1020 3600 1056 3655 ut
1076 3590 1185 3654 officiis
1206 3599 1361 3656 certemus
1382 3590 1464 3654 inter

146 3704 219 3757 nos,
247 3682 361 3770 quibus
383 3705 485 3772 aequo
513 3685 619 3749 animo
641 3685 690 3750 vel
711 3684 833 3750 vincam
856 3693 886 3748 te
907 3684 957 3749 vel
978 3683 1085 3748 vincar
1106 3682 1162 3748 abs
1184 3691 1224 3748 te.
1279 3683 1377 3749 Acilio
1399 3702 1464 3747 non

145 3776 240 3843 baisse
271 3798 399 3842 necesse
429 3798 514 3842 meas
536 3775 604 3842 dari
625 3776 744 3843 litteras
766 3777 856 3842 iacile
876 3777 988 3863 patior.
1043 3780 1073 3841 2.
1096 3776 1224 3863 Sulpicii
1250 3775 1308 3841 tibi
1335 3790 1502 3862 operamss

146 3870 285 3956 intelligo
313 3890 353 3936 ex
386 3870 448 3936 tuis
477 3870 588 3936 litteris
620 3891 684 3935 non
710 3870 841 3937 multum
872 3891 952 3957 epm
979 3870 1077 3936 fuisse
1103 3879 1234 3957 propter
1255 3879 1324 3936 tuas
1346 3891 1397 3935 res
1419 3870 1463 3934 ita

146 3972 333 4038 contractas,
356 3974 406 4037 ut,
437 3962 701 4050 quemadmodum
731 3962 862 4037 scribis,
891 3984 949 4028 nec
970 3972 1062 4048 caput
1082 3984 1140 4028 nec
1162 3963 1268 4049 pedes.
1310 3962 1465 4050 Equidem

146 4056 274 4130 vellem,
296 4061 342 4121 uti
363 4056 459 4142 pedes
480 4055 647 4131 baberent,
669 4056 891 4144 utaliquando
912 4056 1044 4122 redires.
1087 4055 1182 4123 Vides
1204 4056 1287 4122 enim
1302 4061 1464 4122 exaruisse

146 4148 206 4214 iem
228 4157 367 4213 veterem
389 4148 612 4224 urbanitatem,
647 4159 683 4215 ut
703 4150 895 4236 Pomponius
916 4161 1024 4216 noster
1044 4171 1102 4215 suo
1125 4154 1195 4215 iuro
1216 4150 1315 4236 possit
1336 4149 1464 4225 dicere,

147 4242 232 4321 „nisi
263 4263 321 4307 nos
349 4243 440 4328 pauci
461 4243 651 4309 retineamus
682 4243 815 4328 gloriam
836 4242 995 4330 antiquam
1017 4244 1177 4309 Atticam.”
1231 4247 1316 4328 Ergo
1338 4241 1365 4307 is
1387 4240 1503 4316 tibin·

147 4357 204 4401 nos
236 4333 265 4399 ei
297 4335 503 4402 succedimus.
559 4337 639 4404 Veni
666 4337 781 4422 igitur,
815 4358 946 4423 quaeso,
969 4358 1008 4402 ne
1029 4347 1132 4402 tamen
1154 4358 1261 4402 semen
1281 4334 1465 4402 urbanitatis

147 4449 208 4494 nna
229 4449 301 4493 cum
321 4450 358 4494 re
378 4429 503 4510 publica
523 4429 664 4495 intereat.
779 4453 781 4457 ’

214 4647 243 4698 l.
274 4648 370 4698 biobi.
403 4671 432 4682 -
470 4648 513 4698 ll.
532 4648 662 4698 sublateret
681 4644 878 4709 (utsoletni.
908 4671 934 4683 -
975 4649 1018 4699 so.
1037 4646 1178 4713 quintil.
1211 4669 1243 4683 -
1278 4646 1466 4710 so.qoootom

146 4717 353 4783 litqumnll.
382 4743 415 4755 -
456 4716 594 4768 mord:
625 4719 751 4768 mous.
780 4739 811 4753 -
845 4717 967 4769 meld.
998 4743 1026 4755 -
1070 4717 1262 4767 biduom.
1308 4715 1403 4765 loni.
1433 4738 1463 4751 -

146 4787 577 4842 ss.1²ort.somaesao.snr.
598 4809 629 4824 ··
647 4787 692 4838 33.
711 4787 822 4852 epistola
839 4799 895 4836 om.
915 4785 946 4837 ll.
966 4810 998 4824 -
1016 4787 1062 4837 33.
1080 4786 1269 4852 quonloosllz
1287 4799 1366 4852 pum
1384 4784 1415 4835 il.
1433 4804 1464 4821 -

163 4863 191 4914 5.
210 4873 318 4924 oporam
336 4859 380 4910 bit
400 4869 480 4920 opero
497 4856 529 4907 B.
