3256 5400
187 219 250 281 did
690 213 750 277 ΕΡ.
771 214 824 278 ab
846 213 1018 280 atttctltt

188 375 229 439 ita
257 393 307 438 me
334 370 481 459 pupugit,
509 379 544 435 ut
573 389 717 435 somnum
747 369 825 435 mihi
852 368 1021 444 ademerit,
1053 366 1110 433 sed
1134 367 1169 433 id
1196 369 1385 454 cogitatione
1406 369 1513 454 magis

188 489 280 555 quam
310 465 460 531 molestia.
512 463 665 548 Cogitanti
693 474 795 530 autem
826 463 903 529 haec
930 463 998 529 fere
1027 460 1271 528 succurrebant:
1300 469 1439 549 primum
1469 484 1512 528 ex

188 582 244 634 eo,
273 558 356 646 quod
377 555 593 643 superioribus
621 557 733 622 litteris
763 557 948 643 scripseras,
978 576 1020 620 ex
1041 555 1186 621 familiari
1215 566 1245 621 te
1272 555 1356 622 illius
1382 557 1512 623 audisse

187 654 341 741 prolatum
367 650 407 715 iri
432 649 567 735 aliquid,
600 652 685 738 quod
713 671 807 716 nemo
828 649 1035 736 improbaret,
1064 649 1164 714 mains
1185 649 1302 735 aliquid
1324 652 1512 736 timueram;

164 749 247 813 ahoe
275 745 352 810 mihi
379 742 534 809 eiusmodi
562 766 624 809 non
652 743 827 810 videbatur.
884 741 1019 816 Deinde,
1052 753 1088 807 ut
1115 763 1166 807 me
1193 751 1317 827 egomet
1345 745 1510 817 consoler,

186 839 288 906 omnis
326 837 516 923 exspectatio
552 838 724 922 largitionis
762 835 903 921 agrariae
941 835 973 900 in
1013 855 1124 920 agrum
1160 840 1348 923 Campanum
1384 838 1513 903 videtur

186 954 255 998 esse
283 930 445 1009 derivata;
479 930 533 1016 qui
561 952 664 1016 ager,
686 941 721 995 ut
749 930 829 995 dena
855 930 964 1015 iugera
993 929 1076 1004 sint,
1107 951 1171 994 non
1191 930 1323 1015 amplius
1345 930 1512 996 hominum

186 1026 323 1111 quinque
351 1023 436 1088 milia
462 1033 566 1108 potest
593 1024 763 1101 sustinere;
800 1024 922 1109 reliqua
950 1020 1051 1086 omnis
1079 1022 1244 1088 multitudo
1275 1022 1314 1087 ab
1342 1023 1404 1088 illis
1433 1022 1512 1088 aba·

186 1118 319 1187 licuetur
344 1137 471 1181 necesse
493 1126 548 1181 est.
592 1121 772 1190 Praeterea,
806 1121 832 1182 si
852 1116 917 1182 ulla
936 1135 989 1180 rea
1010 1125 1070 1190 est,
1092 1137 1174 1201 quae
1194 1115 1350 1181 bonorum
1372 1116 1510 1188 animos,

152 1231 266 1299 roquos
294 1210 356 1275 iarn
384 1209 479 1274 video
506 1230 575 1274 esse
605 1219 800 1284 commotos,
838 1208 1053 1273 vehementius
1078 1208 1178 1293 possit
1203 1208 1394 1283 incendere,
1431 1209 1511 1274 haec

186 1313 271 1370 certe
299 1313 360 1380 est,
383 1313 415 1369 et
441 1323 481 1369 eo
509 1304 625 1388 magis,
654 1303 740 1388 quod
766 1301 915 1389 portoriis
941 1300 1048 1365 ltaliae
1069 1300 1219 1375 sublatis,
1251 1323 1328 1386 agro
1350 1305 1510 1388 Campano

188 1398 308 1473 diviso,
341 1397 427 1486 quod
460 1397 591 1482 vectigal
627 1405 770 1483 superest
800 1393 1007 1460 domesticum
1034 1403 1160 1479 praeter
1187 1395 1391 1460 vicesimam?
1426 1415 1510 1481 quae

188 1491 263 1557 mihi
284 1491 408 1558 videtur
428 1511 491 1556 una
511 1491 707 1557 contiuncula
729 1489 865 1555 clamore
885 1486 1146 1573 pedissequomm
1167 1497 1348 1554 nostrorum
1371 1509 1440 1555 esse
1453 1509 1511 1575 pe-

187 1585 296 1650 ritura.
338 1589 369 1649 2.
392 1588 512 1650 Gnaeus
534 1583 660 1670 quidem
681 1582 870 1649 rosteriam
890 1581 982 1667 plane
1004 1580 1081 1667 quid
1101 1581 1235 1667 cogitet,
1257 1582 1378 1649 nescio:

155 1755 181 1793 ts
355 1728 449 1806 φυσᾷ
469 1724 534 1811 γὰρ
557 1727 595 1789 oti
619 1705 806 1809 upeexpoe‘ceu
827 1724 996 1796 αὔλίσκσις
1017 1719 1086 1797 ἔτι,

355 1819 425 1882 ἀλλ’
449 1820 583 1904 ἀγρίαις
605 1819 764 1899 φύσαισι,
788 1822 947 1903 aepactas
969 1813 1058 1900 ἄτερ·

186 1957 242 2045 qui
270 1954 396 2043 quidem
424 1955 517 2021 etiam
543 1956 624 2021 istuc
650 1956 762 2023 adduci
791 1955 939 2042 potuerit.
994 1957 1072 2019 Nam
1097 1952 1198 2020 adhuc
1225 1955 1301 2021 haec
1321 1967 1509 2038 ἐσοφίζετο,

187 2073 221 2119 sa
250 2052 334 2136 leges
363 2048 501 2116 Caesaris
529 2048 682 2134 probare;
712 2050 848 2116 actiones
876 2047 978 2134 ipsuui
1005 2056 1165 2133 praestare
1187 2049 1321 2128 debere;
1350 2052 1510 2135 agrariam

187 2147 288 2231 legem
316 2142 376 2209 sibi
406 2142 573 2228 placuisse;
607 2144 745 2229 potuerit
772 2142 925 2208 intercedi
949 2162 1069 2217 necne,
1098 2142 1176 2208 nihil
1202 2144 1243 2210 ad
1269 2147 1510 2231 sepertinere,

150 2241 227 2307 ende
248 2258 324 2323 rege
346 2236 558 2302 alexandrino
579 2237 732 2323 placuisse
760 2237 820 2304 sibi
848 2234 1016 2321 aliquando
1044 2234 1171 2315 confici;
1203 2237 1331 2306 Bibulus
1357 2242 1397 2307 de
1418 2241 1509 2307 caelo

187 2344 254 2400 tum
283 2338 438 2397 servasset
463 2351 578 2405 necne,
606 2331 666 2397 sibi
694 2329 907 2419 quaerendum
934 2348 998 2394 non
1029 2326 1141 2407 iuisse;
1169 2330 1208 2395 de
1234 2332 1422 2418 publicanis,
1451 2354 1511 2398 vo-

173 2426 283 2494 luisse
309 2425 356 2491 illi
384 2423 487 2490 ordini
514 2425 731 2504 commodare;
761 2424 837 2511 quid
865 2422 1005 2487 futurum
1031 2420 1142 2495 fuerit,
1171 2422 1198 2487 si
1225 2425 1354 2493 Bibulus
1382 2437 1449 2493 tum
1472 2427 1509 2492 in

187 2518 293 2585 forum
323 2516 548 2591 descendisset,
578 2539 611 2582 se
638 2518 778 2584 divinare
807 2536 871 2582 non
898 2515 1046 2600 potuisse.
1099 2519 1187 2580 Nunc
1212 2539 1305 2596 vero,
1334 2521 1509 2608 Sampsice-

188 2633 295 2684 rame,
331 2610 406 2696 quid
435 2609 541 2675 dices?
570 2612 701 2697 vectigal
728 2623 759 2677 te
787 2611 879 2676 nobis
907 2609 941 2673 in
970 2617 1075 2673 monte
1095 2609 1273 2678 Antilibano
1294 2614 1507 2686 constituisse,

152 2723 180 2765 as
189 2705 257 2787 agri
285 2703 431 2788 Campani
460 2701 652 2767 abstulisse?
686 2704 780 2791 quid,
816 2703 877 2769 hoc
903 2700 1165 2788 quemadmodum
1192 2703 1374 2772 obtinebis?
1414 2711 1508 2793 „Op-

188 2819 314 2886 pressos
345 2820 418 2871 vos,
450 2797 571 2883 inquit,
604 2798 717 2864 tenebo
745 2797 886 2863 exercitu
915 2795 1088 2862 Caesaris.”
1143 2800 1212 2863 Non
1243 2800 1422 2866 mehercule
1455 2821 1508 2865 me

188 2903 223 2959 tu
251 2891 378 2979 quidem
404 2901 467 2956 tarn
494 2891 555 2956 isto
586 2896 727 2959 exercitu
758 2913 851 2978 quam
883 2889 1012 2973 ingratis
1044 2888 1155 2955 animis
1187 2912 1298 2958 corum
1326 2893 1507 2967 hominum,

189 2987 243 3072 qui
271 2985 467 3071 appellantur
496 2982 589 3059 boni,
622 2986 677 3071 qui
705 2986 781 3052 mihi
810 3006 874 3050 non
899 2983 994 3049 modo
1016 2984 1227 3069 praemiorum
1249 2985 1305 3052 sed
1325 3008 1365 3051 ne
1387 3007 1509 3052 sermo-

190 3102 264 3146 num
286 3078 412 3166 quidcm
433 3099 571 3164 unquam
591 3077 725 3145 fructum
747 3079 845 3144 ullum
867 3086 920 3143 aut
941 3077 1071 3160 gratiam
1092 3078 1290 3144 rettulerunt
1331 3085 1362 3144 3.
1385 3078 1507 3157 Quodsi

150 3173 220 3238 rein
242 3194 310 3237 eam
333 3193 383 3236 me
406 3182 525 3257 partem
545 3172 724 3247 incitarem,
746 3172 888 3259 prolecto
909 3171 970 3236 iam
992 3170 1127 3255 aliquam
1146 3173 1321 3258 reperirem
1341 3172 1507 3240 resistendi

187 3268 279 3343 viam
336 3271 422 3330 Nunc
453 3287 584 3352 prorsus
611 3267 671 3333 hoc
701 3265 811 3340 statui,
847 3274 896 3340 ut,
929 3264 1077 3351 quoniam
1108 3273 1192 3330 tanta
1218 3268 1430 3333 controversia
1458 3275 1508 3331 est

187 3359 394 3431 Dicaearcho,
422 3358 565 3423 familiari
591 3370 659 3435 tuo,
688 3380 760 3424 cum
787 3358 1015 3445 Theophrasto,
1043 3362 1145 3426 amico
1172 3380 1257 3434 meo,
1287 3370 1323 3424 ut
1350 3361 1402 3426 ille
1432 3367 1507 3425 tuus

189 3454 244 3520 τὸν
264 3453 450 3540 ’πρακτικὸν
479 3460 555 3534 βίον
582 3453 674 3538 louge
696 3449 841 3519 omnibus
862 3459 1042 3538 anteponat,
1072 3452 1123 3517 bic
1149 3462 1253 3518 autem
1274 3455 1331 3519 τὸν
1352 3462 1506 3541 θεωρητι-

189 3548 260 3619 κόν,
283 3546 408 3631 utrique
429 3567 448 3609 a
468 3567 518 3610 me
540 3567 608 3612 mos
630 3557 734 3632 gestus
756 3566 825 3610 esse
845 3544 999 3611 videatur.
1040 3551 1119 3611 Puto
1141 3552 1222 3612 enim
1243 3567 1294 3611 me
1314 3546 1506 3612 Dicaearcho

152 3639 304 3704 caudatim
332 3637 536 3716 satisfecisse;
573 3640 707 3725 respicio
738 3660 820 3704 nunc
849 3639 889 3704 ad
917 3640 996 3704 hanc
1022 3639 1187 3716 familiam,
1224 3660 1304 3726 quae
1336 3639 1413 3704 mihi
1442 3659 1505 3703 non

188 3731 299 3802 modo,
335 3739 371 3795 ut
397 3732 611 3815 requiescam,
647 3733 817 3818 permittit,
852 3731 908 3796 sed
934 3731 1153 3818 reprehendit,
1191 3736 1264 3820 quia
1292 3753 1353 3796 non
1382 3752 1507 3816 semper

189 3824 331 3911 quietim.
383 3825 489 3900 Quare
515 3824 745 3899 incumbamus,
777 3834 928 3890 onoster
956 3826 1039 3899 Tite,
1070 3826 1109 3891 ad
1136 3827 1188 3892 illa
1216 3826 1376 3913 praeclara
1402 3824 1505 3889 studia

188 3926 220 3983 et
240 3937 295 3990 oo,
323 3915 407 3981 unde
429 3917 590 3983 discedere
618 3938 682 3983 non
709 3918 864 4003 oportuit,
896 3918 1063 4004 aliquando
1092 3932 1296 3985 revertamur.
1351 3923 1382 3984 d.
1411 3917 1506 3996 Quod

189 4008 228 4077 dc
255 4009 363 4087 Quinti
395 4010 500 4077 fratris
528 4010 659 4098 epistola
688 4009 820 4087 scribis,
856 4012 972 4078 adme
998 4034 1124 4099 quoque
1153 4014 1213 4079 suit
1244 4015 1368 4099 πρόσθε
1403 4020 1504 4088 λέων,

151 4104 303 4171 induebar
336 4110 370 4170 δὲ
392 4140 430 4153 -
454 4106 528 4191 quid
562 4105 662 4170 dicam
693 4108 810 4168 nescio.
865 4110 943 4170 Nam
974 4105 1017 4170 ita
1049 4107 1190 4192 deplorat
1222 4107 1330 4193 primis
1362 4105 1506 4171 versibus

189 4196 384 4287 mansionem
405 4218 506 4273 suam,
529 4207 563 4263 ut
583 4196 725 4285 quemvis
746 4216 875 4262 morere
896 4197 1009 4283 possit;
1041 4199 1083 4264 ita
1105 4221 1214 4265 rursus
1234 4201 1376 4274 remittit,
1398 4209 1433 4265 ut
1454 4221 1506 4263 me

258 4360 285 4410 2.
301 4358 426 4425 primum]
442 4364 594 4424 prosimum
611 4361 643 4411 u.
672 4385 703 4398 -
739 4360 765 4410 ³.
783 4362 913 4424 {amiliore'
930 4359 965 4425 te]
982 4365 1165 4427 {umidioritcte
1182 4365 1256 4416 11111.
1288 4390 1322 4401 -
1356 4365 1384 4415 d.
1403 4361 1449 4427 iri]
1467 4366 1506 4413 rei

189 4426 223 4478 a.
258 4453 284 4463 -
322 4432 348 4482 5.
368 4432 612 4482 eturmodtmthtl.
647 4455 675 4465 -
712 4439 809 4496 egomet
828 4446 883 4496 mg.
904 4431 1056 4489 Cratandri,
1078 4435 1171 4485 Doctus
1193 4437 1220 4485 in
1239 4436 1324 4486 Add:
1344 4434 1504 4498 eqohllllll.

189 4522 224 4533 -
257 4499 285 4549 ’1.
303 4501 417 4551 homines
434 4501 494 4552 bill.
534 4501 681 4560 (bominum
707 4515 762 4562 mg·
786 4501 843 4562 Μ.)
873 4529 906 4538 -
942 4504 985 4553 12.
1004 4506 1125 4568 uectigali
1148 4506 1185 4555 Μ.
1218 4528 1249 4540 -
1284 4508 1448 4555 uicensimum
1466 4504 1505 4554 Μ.

192 4591 221 4606 -·
246 4568 289 4619 1³.
306 4572 501 4634 pedisequorum
518 4571 556 4623 Μ.
578 4595 607 4607 -
645 4571 688 4620 17.
707 4571 793 4620 addici
810 4571 848 4623 Μ.
869 4595 900 4607 -
936 4574 979 4623 hec
997 4571 1058 4636 (sic)
1080 4576 1123 4624 M:
1144 4577 1190 4626 boe
1209 4575 1275 4624 Rlll.
1298 4600 1328 4610 -
1366 4575 1409 4623 ts.
1428 4570 1464 4634 re]
1482 4575 1507 4622 re·

189 4635 283 4689 nim.
312 4666 341 4677 -
376 4641 501 4704 probaret
519 4641 551 4690 u.
584 4664 610 4674 ·-
652 4641 693 4691 ts.
711 4644 828 4704 pouterit
848 4676 855 4691 .
873 4643 1008 4693 intercedit
1026 4643 1082 4701 ΜΙ,
1101 4647 1216 4706 potuerit
1236 4677 1243 4692 .
1263 4645 1405 4694 {mercedut
1423 4642 1454 4692 u.
1474 4668 1503 4678 -

188 4705 234 4756 at.
252 4722 297 4758 see
313 4711 383 4775 tanes
400 4710 449 4760 rtbt'
467 4723 507 4772 pr.
527 4711 563 4761 ΜΙ
583 4735 614 4745 -
651 4709 695 4759 22.
715 4707 787 4774 quiri]
806 4713 926 4775 quicquid
942 4712 1016 4763 lllltl.
1038 4740 1065 4750 -
1099 4711 1131 4776 ri]
1150 4716 1199 4765 rtbt
1214 4714 1276 4765 MR.
1298 4740 1325 4750 -
1364 4715 1408 4763 13.
1427 4712 1507 4763 Som-

186 4777 340 4838 patoerume'u
357 4779 389 4831 n.
411 4806 439 4816 -
476 4779 520 4828 st.
540 4776 574 4842 te]
592 4793 618 4829 re
635 4777 695 4828 MR.
723 4802 755 4815 -
791 4781 835 4832 30.
853 4783 970 4847 profecto
988 4796 1043 4833 om.
1063 4784 1094 4833 tt.
1115 4809 1146 4820 -
1182 4786 1321 4848 reciperem
1339 4784 1371 4835 11.
1392 4808 1420 4821 -
1460 4782 1506 4832 34.

189 4851 294 4912 uterque
310 4848 342 4900 n.
361 4874 394 4884 -
429 4849 565 4900 uidebatur
583 4848 603 4897 lt
622 4852 649 4898 et
666 4863 708 4912 pr.
726 4849 764 4900 lt.
786 4877 814 4888 —
850 4851 895 4902 37.
914 4854 1052 4917 quieverint
1069 4854 1092 4903 1.
