3256 5400
188 257 248 319 100
610 255 887 319 nnisronmuu
910 257 962 317 an
985 256 1076 339 rau.

187 415 351 478 Caesarem
379 432 442 476 non
471 419 532 475 tam
561 410 744 474 ambitiosae
765 411 945 494 rogationes
968 431 1060 497 quam
1083 412 1293 476 necessariae:
1319 435 1412 499 quam
1434 415 1508 500 qnia

187 505 313 570 Cimber
334 504 482 577 babebat,
505 506 575 590 plns
598 504 708 579 valuit,
731 526 823 589 quam
846 524 905 590 pro
927 504 992 568 ullo
1014 504 1076 569 alio
1091 505 1196 569 valere
1209 506 1371 590 potuisset.
1402 512 1432 571 3.
1454 507 1508 571 Di-

185 600 289 685 ploma
311 598 414 663 statim
437 618 499 662 non
523 608 569 662 est
591 597 712 672 datum,
737 598 821 683 quod
843 596 972 661 mirifica
995 606 1042 661 est
1063 597 1247 683 improbitas
1261 600 1293 663 in
1309 599 1506 687 quibusdam,

185 692 238 778 qui
261 693 404 757 tulissent
424 693 568 757 acerbius
590 692 712 757 veniam
734 690 791 755 tibi
814 691 898 764 dari,
935 713 1029 777 quam
1056 692 1101 756 illi
1123 693 1277 779 appellant
1304 693 1409 758 tubam
1433 694 1507 760 belli

162 785 300 858 scivilis,
337 787 496 872 multaque
528 789 571 850 ita
601 786 724 860 dicunt,
758 785 847 870 quasi
875 805 938 850 non
968 785 1122 870 gaudeant
1154 787 1186 851 id
1212 787 1327 852 bellum
1349 789 1505 853 incidisse.

185 881 292 955 Quare
321 879 424 944 visum
455 890 501 944 est
529 880 680 944 occultius
709 879 864 963 agendum
893 900 995 965 neque
1017 880 1082 944 ullo
1104 879 1199 944 modo
1222 880 1443 964 divulgandum
1466 883 1506 947 de

183 972 296 1036 teiam
319 995 388 1038 esse
409 973 592 1059 perlectum.
649 973 710 1038 Sed
731 974 764 1040 id
786 974 846 1038 erit
866 972 1031 1060 perbrevi,
1054 996 1111 1038 nec
1134 973 1263 1046 dubito,
1286 975 1360 1059 quin
1383 975 1505 1059 legente

183 1074 214 1130 te
236 1067 292 1132 bas
312 1068 431 1132 litteras
454 1067 593 1132 conlecta
615 1067 677 1132 iam
698 1089 749 1132 res
771 1067 876 1132 futura
898 1069 947 1133 sit.
1003 1073 1101 1132 Pansa
1124 1068 1361 1153 quidemmibi,
1400 1071 1505 1153 gravis

183 1158 279 1223 bomo
301 1170 332 1225 et
353 1170 474 1234 certus,
509 1182 571 1225 non
594 1161 694 1225 solum
717 1160 928 1234 confirmavit,
952 1182 1060 1226 verum
1083 1161 1175 1226 etiam
1197 1162 1315 1243 recepit
1336 1162 1505 1243 perceleri·

147 1279 173 1318 so
183 1262 232 1318 ter
243 1276 277 1319 se
297 1253 471 1319 ablaturum
486 1254 632 1340 diploma.
675 1254 750 1319 Mihi
767 1262 869 1320 tamen
883 1255 999 1340 placuit
1013 1255 1089 1319 baec
1107 1254 1146 1317 ad
1162 1263 1192 1319 te
1209 1255 1361 1339 perscribi
1371 1279 1379 1333 ;
1401 1257 1504 1320 minus

183 1347 267 1412 enim
290 1357 320 1413 te
342 1347 467 1413 lirmnm
489 1369 594 1412 sermo
616 1348 785 1433 Eppuleiae
812 1357 883 1412 tuae
905 1348 1114 1434 lacrimaeque
1136 1349 1265 1434 Ampiae
1289 1348 1503 1421 declarabant,

182 1463 275 1528 quam
297 1442 470 1527 significant
491 1451 562 1506 tuae
584 1442 715 1506 litterae.
757 1447 858 1527 Atque
880 1441 951 1505 illae
972 1441 1221 1516 arbitrabantur,
1244 1464 1350 1506 cuma
1369 1441 1504 1507 teabes-

181 1545 250 1600 sent
271 1536 371 1621 ipsae,
394 1536 492 1600 multo
514 1535 543 1600 in
566 1536 712 1619 graviore
733 1544 763 1600 te
785 1555 861 1599 cura
884 1536 1034 1601 lutnrum.
1065 1540 1170 1613 Quare
1186 1555 1298 1619 magno
1313 1555 1444 1620 operee
1466 1557 1503 1600 re

180 1629 287 1715 putavi
315 1633 441 1713 angoris
470 1636 501 1692 et
533 1628 652 1693 doloris
684 1628 730 1693 tui
762 1628 884 1694 levandi
916 1650 1007 1694 causa
1036 1649 1095 1715 pro
1117 1629 1209 1693 certis
1232 1629 1271 1692 ad
1294 1637 1324 1693 te
1346 1649 1398 1701 ea,
1421 1651 1502 1715 qnae

146 1734 286 1788 inessent
314 1732 412 1798 certa,
448 1721 611 1807 perscribi.
668 1727 698 1787 t.
721 1722 788 1787 Scis
809 1744 860 1787 me
883 1732 973 1787 antea
995 1723 1039 1788 sic
1060 1722 1184 1787 solitum
1211 1743 1280 1786 esse
1302 1721 1441 1786 scribere
1463 1723 1502 1787 ad

180 1826 227 1891 te,
264 1817 362 1901 magis
380 1825 413 1881 ut
436 1816 617 1880 consolarer
637 1815 751 1880 fortem
772 1816 877 1881 virum
899 1826 991 1902 atque
1013 1815 1196 1901 sapientem,
1220 1838 1313 1902 quam
1335 1825 1370 1881 ut
1390 1815 1502 1900 explo-

180 1920 279 1975 ratam
302 1931 389 1995 spem
411 1909 517 1973 salutis
539 1909 754 1983 ostenderem,
777 1910 838 1974 nisi
860 1930 943 1982 eam,
967 1931 1059 1994 quam
1081 1907 1120 1973 ab
1136 1910 1202 1994 ipsa
1217 1931 1251 1972 re
1266 1909 1407 1994 publica,
1430 1930 1502 1974 cum

180 2001 230 2067 bic
252 2003 348 2067 ardor
369 2003 535 2067 restinctus
567 2014 663 2078 esset,
697 2003 818 2089 sperari
839 2015 988 2088 oportere
1009 2023 1181 2067 censerem.
1232 2001 1410 2067 Recordare
1433 2012 1502 2065 tuas

178 2095 313 2170 litteras,
337 2094 450 2182 quibus
473 2105 504 2159 et
525 2116 671 2179 magnum
691 2097 829 2161 animum
851 2096 927 2161 mibi
949 2116 1074 2181 semper
1095 2095 1254 2160 ostendisti
1278 2094 1369 2160 etad
1391 2116 1502 2159 omnes

142 2209 269 2253 socasus
291 2187 438 2254 ferendos
460 2197 650 2253 constantem
673 2210 709 2253 ac
727 2200 884 2275 paratum:
908 2189 994 2277 qnod
1015 2210 1075 2273 ego
1097 2210 1159 2254 non
1181 2188 1333 2261 mirabar,
1356 2208 1428 2252 cum
1450 2209 1500 2251 re·

180 2281 330 2346 cordarer
359 2293 389 2346 te
419 2291 451 2346 et
477 2303 495 2345 a
516 2282 624 2367 peinais
646 2283 839 2370 temporibus
861 2284 970 2348 aetatis
992 2282 1024 2347 in
1046 2280 1227 2368 republica
1250 2302 1318 2347 esse
1341 2290 1500 2369 versatum

179 2385 211 2441 et
242 2384 313 2440 tuns
341 2376 537 2461 magistratus
571 2375 601 2439 in
634 2376 701 2462 ipsa
731 2377 909 2442 discrimina
937 2375 1084 2441 incidisse
1112 2375 1218 2440 salutis
1239 2374 1500 2462 fortunarumque

179 2469 408 2544 communium,
444 2478 476 2535 et
507 2470 540 2534 in
569 2470 630 2534 boc
656 2471 759 2556 ipsum
789 2469 906 2535 bellum
927 2491 996 2534 esse
1019 2475 1207 2553 ingressum,
1240 2490 1303 2534 non
1326 2469 1442 2540 solum,
1465 2479 1501 2533 ut

179 2567 280 2627 victor
306 2560 433 2635 beatus,
467 2562 523 2628 sed
555 2563 648 2628 etiam
680 2573 731 2638 ut,
768 2563 794 2629 si
822 2564 864 2628 ita
897 2563 1077 2637 accidisset,
1112 2563 1211 2627 victus
1249 2563 1372 2648 sapiens
1403 2583 1499 2626 esses.

141 2681 169 2720 ss
179 2658 209 2719 5.
231 2653 368 2726 Deinde,
404 2675 476 2720 cum
497 2656 633 2721 studium
656 2666 742 2722 tuum
765 2678 929 2722 consumas
951 2657 983 2720 in
1005 2657 1147 2721 virorum
1168 2655 1297 2721 fortium
1324 2656 1412 2720 sactis
1434 2676 1500 2720 me·

179 2747 299 2813 moriae
313 2747 497 2832 prodendis
520 2750 720 2815 considerare
735 2750 831 2815 debes
846 2750 922 2815 nibil
938 2748 992 2814 tibi
1009 2771 1077 2814 esse
1097 2749 1362 2823 committendum,
1385 2769 1495 2834 quam·

179 2839 291 2905 obrem
313 2861 439 2914 corum,
475 2863 555 2927 quos
586 2842 709 2917 laudas,
744 2854 773 2908 te
806 2866 869 2909 non
899 2845 1090 2909 simillimum
1119 2843 1279 2929 praebeas.
1337 2840 1398 2906 Sed
1423 2841 1499 2905 baec

178 2934 279 2999 oratio
302 2936 399 3019 magis
429 2945 510 2999 esset
542 2944 612 3021 apta
634 2937 673 3000 ad
694 2937 746 3002 illa
768 2949 925 3023 tempora,
960 2959 1039 3024 quae
1061 2937 1123 3001 iam
1145 2937 1295 3022 effugisti3
1318 2956 1399 2999 nunc
1420 2955 1499 2999 vero

178 3035 297 3092 tantum
319 3038 349 3092 te
370 3048 447 3112 para
468 3028 507 3093 ad
528 3029 606 3094 baec
626 3029 789 3096 nobiscum
812 3031 960 3104 ferenda,
991 3030 1105 3117 quibus
1127 3051 1186 3114 ego
1208 3031 1234 3094 si
1256 3050 1349 3116 quam
1370 3027 1500 3092 medici-

140 3142 249 3190 sonam
271 3121 461 3195 invenirem,
483 3121 541 3186 tibi
562 3144 689 3209 quoqne
711 3125 842 3189 eandem
861 3124 1027 3189 traderem.
1071 3124 1132 3190 Sed
1147 3133 1303 3188 estunum
1318 3120 1497 3208 perfugium

178 3213 319 3279 doctrina
341 3235 377 3279 ao
398 3215 536 3287 litterae,
560 3215 673 3301 quibus
695 3239 820 3303 semper
841 3220 890 3283 usi
912 3239 1041 3282 sumus:
1064 3239 1144 3303 quae
1167 3216 1310 3281 secundis
1331 3214 1427 3278 rebus
1442 3212 1498 3277 de·

177 3308 375 3373 lectationem
398 3307 492 3374 modo
514 3307 630 3375 habere
664 3311 867 3385 videbantur,
906 3332 989 3376 nunc
1009 3333 1086 3376 vero
1109 3312 1203 3375 etiam
1224 3311 1364 3374 salutem.
1418 3305 1496 3380 Sed,

177 3412 213 3467 ut
233 3402 272 3465 ad
300 3402 423 3467 initium
450 3413 607 3479 revertar,
640 3424 715 3469 cave
744 3404 883 3479 dubites,
920 3405 996 3492 quin
1023 3405 1128 3471 omnia
1155 3403 1193 3470 de
1215 3403 1313 3468 salute
1335 3421 1372 3464 ac
1392 3398 1498 3467 reditu

179 3503 234 3561 tuo
255 3495 393 3580 perlecta
415 3496 487 3562 sint.

142 3643 171 3684 ⁸⁵
633 3643 721 3705 rm.
764 3639 814 3721 (a.
840 3642 873 3704 u
895 3642 927 3704 e.
949 3641 1039 3721 ros.)

669 3754 811 3818 crunno
834 3754 1007 3818 sicanio.

265 3874 293 3936 1.
314 3872 380 3938 Etsi
414 3871 466 3936 tali
488 3882 542 3938 tuo
571 3882 712 3959 tempore
739 3894 790 3938 me
818 3884 871 3938 aut
898 3872 1079 3938 consolandi
1108 3880 1162 3937 aut
1188 3870 1316 3938 iuvandi
1335 3870 1381 3935 tui
1403 3890 1496 3935 cansa

179 3962 318 4029 scribere
339 3964 379 4028 ad
399 3973 430 4029 te
452 3965 568 4051 aliquid
589 3987 648 4051 pro
670 3976 776 4033 nostra
799 3966 933 4032 amicitia
948 3965 1129 4052 oportebat,
1153 3975 1254 4030 tamen
1270 3965 1370 4030 adbuc
1383 3964 1416 4030 id
1430 3985 1496 4029 non

178 4057 331 4131 feceram,
361 4058 434 4144 quia
463 4081 564 4146 neque
592 4061 692 4124 lenire
717 4058 849 4125 videbar
876 4061 1019 4125 oratione
1040 4081 1141 4146 neque
1163 4061 1267 4125 levare
1289 4079 1382 4144 posse
1405 4058 1498 4123 dolo-

141 4172 247 4216 aorem
268 4161 367 4215 tuum.
409 4157 520 4217 Postea
541 4174 618 4218 vero
647 4174 740 4239 quam
761 4174 904 4238 magnam
931 4174 1018 4238 spem
1041 4153 1155 4218 babere
1177 4154 1268 4239 coepi
1288 4151 1375 4225 fore,
1408 4160 1443 4217 ut
1464 4160 1496 4215 te

179 4243 269 4309 brevi
299 4254 440 4330 tempore
469 4247 655 4311 incolumem
689 4245 890 4320 haberemus,
927 4246 1031 4311 facere
1057 4268 1120 4312 non
1149 4247 1251 4332 potui,
1289 4247 1364 4334 quin
1385 4246 1442 4313 tibi
1464 4255 1497 4311 et

179 4339 361 4403 sententiam
398 4347 429 4402 et
460 4340 649 4404 voluntatem
680 4340 870 4405 declararem
897 4361 1010 4405 meam.
1062 4345 1092 4404 2.
1125 4341 1263 4405 Primum
1291 4341 1388 4425 igitur
1419 4339 1497 4404 scri·

178 4432 251 4498 bam
272 4469 312 4479 -
335 4432 420 4518 quod
440 4432 579 4518 intelligo
602 4443 633 4499 et
653 4434 810 4520 perspicio
832 4470 889 4509 —,
911 4455 976 4499 non
995 4434 1065 4499 fore
1085 4435 1118 4499 in
1138 4443 1170 4498 te
1199 4438 1363 4499 Caesarem
1386 4432 1495 4498 durio-

247 4607 274 4656 1.
292 4619 371 4670 qoam
388 4606 451 4668 quta
468 4604 511 4656 M:
531 4619 596 4669 quoa
614 4606 677 4668 quio
694 4605 724 4655 ll.
746 4629 777 4640 -
795 4605 822 4656 4.
841 4620 915 4670 quem
930 4607 1086 4657 Cratander.
1106 4629 1139 4642 -
1157 4607 1201 4656 11.
1220 4605 1390 4655 declarabunt
1408 4605 1446 4655 Μ.
1462 4630 1491 4642 -

179 4676 222 4727 12.
242 4674 309 4739 cum]
325 4677 395 4724 Fort-
409 4677 542 4738 quontnm.
559 4676 609 4727 On.
623 4699 654 4710 -
674 4676 717 4726 1³.
732 4671 828 4738 Quare]
847 4690 925 4739 quem
941 4676 978 4728 bl.
998 4705 1026 4715 -
1048 4690 1145 4739 operee
1162 4690 1189 4726 re
1200 4678 1294 4739 putavi
1313 4674 1492 4725 Gulielmius:

178 4760 255 4809 opere
269 4747 364 4808 potavi
382 4745 441 4794 ME.
463 4768 493 4779 -
531 4747 574 4796 15.
591 4745 717 4809 perscribi
735 4745 779 4796 bl:
796 4746 924 4808 perscribi
942 4754 1061 4809 oportere
1079 4746 1109 4796 E.
1131 4770 1161 4781 -
1197 4746 1241 4796 1n.
1261 4746 1428 4808 captaretum
1445 4745 1492 4795 bl:

177 4816 330 4879 exploratae
349 4815 379 4864 E.
412 4840 441 4851 -
481 4815 523 4864 17.
542 4818 593 4865 utet
611 4830 683 4876 eom,
711 4829 790 4880 quam
806 4815 853 4866 M:
879 4817 931 4866 niet
948 4831 1026 4879 qoem
1044 4816 1075 4867 E.
1106 4841 1135 4853 -
1172 4816 1216 4866 23.
1234 4823 1264 4866 ot
1282 4818 1366 4866 vietor
1382 4815 1427 4867 ti:
1453 4816 1494 4865 ott

177 4889 262 4937 victor
278 4885 310 4936 E.
331 4908 362 4921 -
398 4884 443 4936 Μ.
462 4887 544 4935 nictus
560 4893 591 4936 ot
608 4887 713 4950 ruptam
728 4885 767 4937 Μ.
786 4909 819 4923 -
854 4885 899 4938 39.
917 4886 1020 4951 [samm
1036 4885 1074 4939 bl.
