3256 5400
195 240 256 306 341)
651 240 710 303 ΕΡ.
731 241 782 303 ΔΙ)
805 239 845 314 Q.
865 238 1049 302 FRATREM

195 400 331 485 suspicio
357 399 541 472 dictaturae,
570 418 609 461 ne
638 417 674 462 ea
703 396 829 483 quidem
859 406 959 490 certa5
988 414 1142 459 summum
1171 393 1269 458 otium
1300 393 1425 460 forense
1455 395 1510 460 sed

195 493 382 558 senescentis
404 492 500 577 magis
521 491 653 556 civitatis
674 512 766 577 quam
795 490 1027 577 acquiescentis.
1077 488 1234 554 Sententia
1267 497 1371 553 autem
1404 498 1510 553 nostra

195 588 227 652 in
249 597 356 653 senatu
378 585 552 659 eiusmodi,
579 585 678 670 magis
705 594 739 649 ut
760 585 811 649 aiii
839 582 929 649 nobis
951 584 1157 649 assentiantur
1183 602 1275 666 quam
1298 591 1420 648 nosmet
1440 583 1509 667 ipsi.

197 683 333 745 'letata'
358 683 376 744 ὁ
400 682 522 764 τλήμων
544 678 679 762 πόλεμος
701 680 908 765 ἐξεργάζεται.

634 856 1069 936 mammem)

612 1003 787 1089 [usucm
813 1007 851 1083 Q·
875 1009 1015 1070 smum
1037 1003 1092 1087 s]

280 1157 307 1219 1.
337 1149 462 1216 Calemo
490 1157 521 1211 et
545 1153 717 1210 atramento
746 1154 933 1231 temperato,
965 1143 1071 1210 charta
1100 1143 1192 1209 etiam
1220 1142 1343 1212 dentata
1364 1168 1415 1213 res
1437 1167 1510 1233 age-

192 1255 254 1309 tur.
313 1240 430 1308 Scribis
466 1239 547 1304 enim
579 1247 610 1301 te
639 1258 724 1301 meas
756 1236 872 1302 litteras
908 1238 1089 1324 superiores
1122 1237 1175 1303 vix
1210 1237 1316 1323 legere
1350 1241 1508 1325 potuisse;

192 1336 225 1401 in
253 1357 318 1424 quo
346 1335 422 1401 nibil
449 1355 575 1406 eorum,
604 1331 648 1396 mi
669 1330 782 1404 irater,
811 1330 884 1406 tuit,
914 1352 993 1417 quae
1021 1339 1122 1416 putas.
1170 1335 1277 1417 Neque
1307 1333 1389 1399 enim
1416 1354 1509 1399 oocu-

159 1442 282 1514 iopatus
304 1449 390 1493 eram
411 1449 512 1514 neque
533 1425 733 1513 perturbatus
754 1447 813 1490 nec
833 1425 930 1490 iratus
960 1424 1072 1501 aiicui3
1108 1422 1163 1489 sed
1185 1425 1244 1490 boe
1264 1426 1346 1492 facio
1367 1448 1508 1514 semper,

192 1532 226 1587 ut
255 1522 432 1610 quicunque
459 1522 594 1587 caiamus
620 1519 652 1584 iu
679 1541 789 1584 manus
817 1540 903 1584 meas
925 1518 1066 1591 venerit,
1101 1538 1141 1583 eo
1163 1518 1207 1583 sic
1227 1530 1313 1594 utar,
1349 1530 1510 1608 tamquam
1591 1518 1593 1522 '

191 1616 286 1682 bono.
343 1620 373 1680 2.
402 1621 519 1682 Verum
546 1612 669 1680 attende
690 1633 787 1688 nunc,
824 1613 868 1676 mi
897 1611 1014 1698 optime
1041 1620 1073 1675 et
1104 1612 1287 1677 suavissime
1316 1611 1432 1687 irater,
1470 1614 1509 1679 ad

192 1730 228 1774 ca
257 1708 331 1774 dum
360 1707 517 1781 rescribo,
548 1728 629 1793 quae
657 1718 691 1773 tu
720 1707 752 1771 in
784 1705 840 1771 bac
868 1705 976 1770 eadem
1006 1703 1097 1768 brevi
1124 1704 1254 1789 epistola
1277 1714 1508 1794 πραγματικῶς

191 1802 279 1868 vaide
307 1802 467 1887 scripsisti.
516 1807 562 1867 De
590 1822 653 1888 quo
681 1800 779 1886 petis,
809 1808 845 1863 ut
871 1798 910 1863 ed
937 1809 987 1873 te,
1015 1797 1092 1862 nibil
1113 1798 1286 1874 occultans,
1320 1802 1395 1867 nibit
1417 1803 1510 1868 dissi·

155 1896 325 1970 aemulans,
356 1895 432 1960 nibil
460 1894 517 1961 tibi
540 1894 721 1980 indulgens,
754 1893 901 1978 germane
928 1892 1133 1977 fraterneque,
1153 1891 1348 1969 rescribam,
1385 1896 1418 1961 id
1446 1906 1507 1970 est,

190 1991 331 2070 †utrum
356 1989 443 2055 votes
470 1997 505 2054 ut
529 1988 701 2054 dixerimus
725 1987 765 2052 ad
790 1986 1018 2072 expediendum
1042 1995 1088 2056 te,
1118 1984 1146 2048 si
1166 2005 1259 2051 causa
1281 1988 1338 2062 sit,
1368 2009 1507 2057 commo·

189 2104 271 2148 rere.
321 2087 370 2156 Si,
400 2083 443 2148 mi
466 2083 599 2160 Quinte,
622 2102 718 2166 parva
740 2081 843 2166 aliqua
864 2101 916 2144 res
939 2088 1036 2151 esset,
1058 2077 1090 2142 iu
1113 2099 1174 2164 que
1196 2081 1408 2156 sciscitarere,
1432 2083 1507 2169 quid

188 2177 316 2252 sellem,
346 2186 462 2249 tamen,
490 2196 562 2241 cum
590 2175 647 2240 tibi
676 2174 886 2260 permissurus
913 2192 1033 2245 essem,
1062 2182 1098 2237 ut
1116 2171 1255 2248 iaceres,
1286 2175 1369 2259 quod
1392 2177 1505 2251 velles,

189 2292 264 2357 ego,
287 2271 354 2357 ipse
375 2269 451 2357 quid
473 2270 603 2342 veliem,
625 2268 833 2335 ostenderem.
875 2271 909 2331 ln
933 2266 990 2330 bac
1011 2287 1089 2331 vero
1110 2288 1146 2331 re
1168 2267 1229 2333 boc
1248 2270 1390 2355 proiecto
1413 2292 1508 2356 quae-

149 2365 248 2438 airis,
277 2363 451 2430 cuiusmodi
480 2363 566 2428 itium
595 2383 725 2435 annum,
755 2362 810 2448 qui
831 2360 985 2446 sequitur,
1013 2371 1211 2444 exspectem:
1240 2363 1330 2449 piane
1351 2372 1405 2428 aut
1425 2374 1507 2430 uan-

140 2517 147 2539 ,
188 2459 319 2545 quidum
353 2456 444 2522 nobis
475 2464 528 2520 aut
556 2464 639 2520 certe
668 2454 930 2531 munitissimum
968 2453 1054 2539 quod
1089 2454 1230 2540 quotidie
1263 2455 1388 2530 domus,
1422 2458 1506 2544 quod

186 2551 310 2624 iorum,
338 2550 421 2637 quod
450 2549 563 2616 theatri
590 2548 830 2633 significationes
859 2547 1031 2623 declarant3
1059 2567 1161 2633 neque
1189 2547 1390 2628 †iaborant,
1421 2551 1506 2637 quod

187 2665 256 2709 mea
289 2643 478 2708 conscientia
514 2642 676 2729 copiarum
712 2650 909 2716 nostrarum,
947 2640 1031 2726 quod
1061 2640 1215 2716 Caesaris,
1252 2643 1338 2728 quod
1366 2645 1505 2731 Pompeii

187 2738 317 2821 gratiam
347 2746 498 2802 tenemus.
537 2740 635 2803 ,llaec
662 2733 731 2808 me,
757 2744 793 2800 ut
813 2733 984 2808 confidam,
1012 2733 1138 2798 faciunt
1192 2735 1246 2801 Sin
1268 2737 1379 2823 aliquis
1401 2759 1507 2804 erum-

149 2851 178 2896 as
186 2843 240 2916 pet
266 2830 397 2894 amentis
424 2829 558 2894 bominis
585 2828 692 2902 furor,
720 2831 823 2893 omnia
852 2836 924 2892 sunt
951 2828 989 2892 ad
1021 2848 1092 2891 eum
1119 2826 1324 2913 frangendum
1351 2831 1505 2916 expedite

186 2928 217 2989 3.
239 2927 322 2987 Haec
351 2922 392 2987 ita
422 2928 543 2996 sentio,
578 2921 704 2995 iudico,
741 2920 780 2984 ad
800 2931 831 2985 te
853 2921 1013 3007 explorate
1044 2919 1160 2986 scribo.
1216 2922 1367 2990 Dubitare
1390 2935 1420 2990 te
1443 2947 1504 2992 non

186 3017 388 3081 assentatorie
411 3015 466 3081 sed
487 3015 623 3079 fraterne
644 3025 727 3079 veto.
778 3017 883 3091 Quare
905 3014 1064 3079 suavitatis
1086 3014 1233 3100 equidem
1254 3027 1379 3082 nostrae
1400 3018 1506 3085 fruen-

187 3109 244 3174 dae
270 3131 361 3174 causa
392 3120 538 3196 cuperem
566 3119 596 3175 te
622 3108 661 3175 ad
689 3108 722 3173 id
750 3118 871 3194 tempus
899 3113 1023 3183 venire,
1053 3107 1138 3194 quod
1166 3108 1310 3188 dixeras;
1343 3111 1398 3176 sed
1429 3112 1505 3177 illud

187 3202 269 3268 maio
293 3214 413 3274 tamen,
444 3203 528 3290 quod
549 3214 661 3290 putas;
683 3203 818 3287 †magis
839 3202 946 3277 etiam,
969 3202 1021 3266 iiia
1042 3204 1134 3267 etiam
1156 3203 1259 3287 magni
1281 3206 1412 3270 aestimo
1434 3227 1503 3279 me,

151 3301 402 3381 ιιὰμφιλαφίαιι
435 3298 518 3362 iilam
546 3307 630 3362 tuam
664 3306 696 3361 et
723 3296 984 3381 exspectationem
1019 3294 1196 3362 debitorum
1232 3307 1368 3362 tuorum.
1425 3297 1504 3363 titud

186 3390 312 3477 quidem
335 3391 379 3455 sic
400 3389 528 3464 habeto,
551 3390 627 3455 nibil
649 3389 741 3455 nobis
762 3389 934 3476 expeditis,
957 3389 984 3453 si
1006 3388 1195 3463 valebimus,
1217 3389 1286 3455 sore
1307 3391 1504 3456 fortunatius.

185 3488 284 3548 Parva
305 3492 391 3555 sunt,
423 3505 502 3569 quae
525 3484 649 3558 desunt,
672 3485 774 3568 †qu0
796 3488 909 3547 nostris
931 3483 1058 3568 quidem
1080 3484 1240 3557 moribus,
1263 3495 1294 3548 et
1315 3506 1351 3549 ea
1374 3484 1504 3549 suntad

185 3576 401 3664 explicandum
424 3578 671 3662 expeditissima,
694 3577 790 3642 modo
811 3577 977 3641 valeamus.
1033 3581 1064 3642 1.
1085 3577 1226 3643 Ambitus
1247 3577 1331 3642 redit
1351 3577 1503 3641 immanis.

254 3796 282 3846 4.
302 3791 871 3863 τοιαυταεξεργαζεταιοτλημωνπολεμος
890 3796 921 3844 R.
954 3820 985 3832 -
1029 3797 1056 3846 7.
1075 3797 1166 3848 Novae
1184 3797 1233 3860 Ep.
1253 3797 1359 3846 initium
1378 3797 1422 3846 bie
1440 3795 1502 3845 feei·

187 3880 246 3917 mus
263 3869 374 3915 sectore
392 3865 522 3914 Manutio.
556 3888 586 3900 -·
623 3867 731 3914 devitato
750 3864 794 3913 ult
812 3879 873 3913 cum
893 3878 947 3927 mg.
968 3866 1012 3918 bi:
1043 3867 1104 3916 dum
1122 3875 1200 3917 tanto
1219 3867 1261 3921 bt.
1290 3881 1345 3916 om.
1366 3868 1387 3916 1.
1430 3867 1502 3916 ron.

183 3938 328 3999 pmnieutn.
347 3934 397 3986 Οιι.
418 3962 449 3970 -
469 3935 495 3985 e.
515 3936 583 3983 enim
600 3949 655 3983 om.
671 3934 692 3983 Ι.
714 3958 744 3969 -
763 3936 937 3996 superioribus
956 3936 976 3985 1.
998 3960 1028 3971 -
1048 3939 1091 3987 to.
1110 3936 1164 4000 nec]
1183 3952 1262 4000 neqne
1281 3937 1302 3987 1.
1325 3961 1352 3971 -
1373 3937 1416 3986 ta.
1437 3938 1503 3986 boeto

181 4008 252 4055 cire.
288 4006 397 4055 Attende
416 4018 468 4067 mg.
488 4004 534 4063 M,
561 4005 607 4053 sed
626 4006 684 4052 uiro
704 4018 795 4053 rursus
814 4004 941 4054 aeterum.
972 4031 1000 4041 -
1039 4008 1081 4056 15.
1101 4022 1222 4071 permane
1241 4007 1267 4056 i:
1287 4009 1396 4071 pennino
1413 4006 1501 4065 MRE,

184 4077 283 4139 pemine
300 4075 361 4141 er.
393 4098 422 4109 -
460 4074 502 4123 ta.
521 4080 609 4122 utrum
628 4076 696 4123 votes
714 4081 743 4122 ut
761 4075 903 4123 dixerimus
919 4076 955 4124 cd
974 4075 1052 4124 Mur:
1078 4085 1166 4127 utram
1184 4078 1267 4136 votes,
1293 4084 1322 4125 nt
1340 4078 1501 4132 dixerimus,

184 4144 341 4195 unodE.‘
371 4144 443 4194 Fort-
462 4144 656 4203 peramanter,
688 4151 717 4192 ut
737 4145 771 4192 nd
791 4143 863 4204 (dei.
884 4146 1054 4201 dixerimus).
1086 4147 1135 4199 01.
1172 4173 1200 4183 -
1238 4161 1397 4196 commonere
1414 4146 1437 4197 1.
1472 4171 1501 4182 -

184 4215 228 4265 17.
244 4217 391 4264 suscitarer
409 4215 431 4264 1.
453 4238 482 4249 -
520 4215 562 4264 12.
582 4227 643 4276 epo,
662 4216 717 4274 ipsc
734 4215 795 4276 qnid
813 4214 944 4264 Oreitius:
964 4228 1009 4278 epo
1027 4218 1096 4278 ipse,
1115 4218 1177 4281 qnid
1196 4217 1225 4266 E.
1251 4239 1281 4252 -
1317 4217 1361 4266 20.
1381 4223 1503 4278 eepectn·

183 4299 237 4334 rem
257 4299 297 4348 pr.
317 4284 353 4334 bi.
388 4310 416 4320 -
452 4284 689 4347 ptenecutemtr.
710 4283 741 4332 11.
776 4307 805 4318 -
842 4285 886 4333 21.
906 4293 952 4333 aut
970 4285 1052 4348 certe]
1072 4294 1096 4335 et
1115 4294 1181 4336 certe
1199 4286 1259 4335 Mu.
1290 4312 1323 4320 -
1359 4287 1403 4336 21.
1424 4299 1503 4349 neque

184 4355 242 4404 atr:
261 4369 307 4404 nee
325 4353 379 4404 1111.
413 4380 441 4390 -
480 4349 620 4415 taberent]
650 4353 804 4416 Requiritur
831 4352 887 4403 scre
911 4355 978 4404 baec
1005 4357 1156 4405 sententia:
1188 4370 1305 4419 „neque
1324 4355 1502 4406 laborandum

185 4416 276 4488 (tibi),
296 4438 345 4488 pro
364 4437 424 4474 mea
443 4423 608 4474 conscientie
626 4425 764 4489 copiarum
785 4425 956 4472 nostrarum”
975 4431 1026 4475 cet.
1058 4426 1108 4476 Oa.
1142 4450 1172 4461 -
1209 4427 1252 4475 27.
1273 4426 1359 4488 Quare
1376 4429 1400 4475 ei
1416 4427 1502 4475 neovi-

183 4497 248 4545 tutis
265 4495 310 4544 ΕΙ.
342 4519 375 4527 -
410 4494 454 4545 211.
472 4495 556 4556 mepte
574 4495 671 4555 etiem,
701 4494 749 4543 itin
767 4495 847 4543 etiem
864 4496 955 4558 mopni
974 4497 1082 4545 aestimo
1099 4511 1139 4545 nse
1157 4496 1223 4545 MR:
1256 4497 1340 4560 meeis
1358 4498 1438 4546 etiem
1454 4495 1502 4545 itte

181 4565 263 4614 etiam
288 4579 387 4630 moeno
414 4564 537 4628 (mepniu
563 4571 660 4613 estnmo
680 4561 724 4624 bi)
755 4566 863 4612 aestimo
880 4580 919 4615 me
939 4565 966 4622 i,
997 4568 1080 4629 mepis
1105 4570 1183 4615 etiem
1205 4565 1254 4614 itio
1283 4563 1393 4627 (etenim
1418 4567 1503 4630 mepte

183 4637 292 4684 aestimo
318 4634 371 4696 me)
401 4633 429 4682 n.
473 4634 546 4683 Fert.
565 4635 649 4697 meeis
666 4635 745 4682 etiem
763 4633 825 4683 itte:
857 4629 969 4694 (etenim
994 4638 1084 4700 moeni
1111 4633 1253 4697 bestimm)
1283 4632 1359 4700 ἀμφ.
1388 4634 1439 4685 Or.
1468 4659 1502 4668 -—

182 4704 227 4754 3⁰.
246 4700 481 4767 ostentationes]
506 4704 693 4766 expeditionem
712 4703 883 4765 'suuetattus,
906 4707 1104 4768 explicationem
1123 4706 1272 4756 Scbittzius.
1302 4731 1328 4741 -
1368 4705 1412 4756 31.
1433 4706 1503 4770 [σιω

185 4774 299 4825 Ernestii
318 4787 427 4838 operae.
448 4797 478 4809 -
514 4774 557 4822 32.
577 4773 836 4837 peditemtim,
855 4777 952 4826 nostris
971 4775 1000 4827 n.
1037 4776 1163 4826 ttulimus
1179 4789 1230 4838 pro
1246 4776 1353 4825 nostris.
