3216 5408
199 237 260 298 aas
688 232 748 296 rr.
769 233 821 294 su
843 231 1015 321 spurcum

199 393 311 457 falsum
338 411 406 456 esse
435 388 658 454 existimarem.
715 386 777 453 Sed
798 387 871 474 qnia
894 397 924 450 te
946 386 1044 452 nimio
1065 387 1136 473 plus
1157 386 1273 473 diligo,
1307 408 1380 453 non
1403 409 1536 475 possum

198 484 393 550 dissimulare
420 482 498 547 mihi
532 481 645 547 lamam
677 502 819 568 quoque,
855 480 998 565 quamvis
1026 482 1065 546 sit
1091 480 1185 555 salsa,
1220 483 1335 567 magni
1362 503 1450 548 esse.
1494 489 1535 550 Te

198 578 315 643 iturum
345 587 429 642 trans
460 596 547 640 mare
579 575 709 641 credere
739 597 803 640 non
833 595 978 660 possum,
1016 595 1087 639 cum
1109 577 1185 640 tanti
1206 575 1305 640 iacias
1329 575 1534 642 Dolabellam

200 682 231 736 et
252 671 381 736 Tulliam
402 679 504 744 tuam,
533 669 680 735 feminam
702 669 915 741 lectissimam,
944 669 1083 754 tantique
1104 667 1143 733 ab
1165 669 1317 736 omnibus
1341 669 1443 736 nohis
1463 671 1534 749 lias;

178 765 312 852 squibus
332 764 512 830 mehercule
539 764 671 849 dignitas
693 760 927 848 amplitudoque
949 771 1001 825 tua
1025 783 1122 847 paene
1149 763 1255 828 carior
1275 774 1328 829 est
1352 786 1456 851 quam
1479 764 1532 831 tihi

197 859 268 944 ipsi.
311 859 372 924 Sed
400 867 504 923 tamen
531 878 594 922 non
623 879 692 923 sum
719 855 978 920 arbitraturesse
1006 856 1099 921 amici
1119 877 1183 922 non
1204 859 1413 924 commoveri
1439 859 1532 925 etiam

197 952 416 1039 improborum
437 972 601 1026 sermone;
629 960 721 1038 atque
743 971 782 1015 eo
804 948 864 1014 leci
887 948 1074 1022 studiosius,
1103 950 1189 1036 quod
1210 950 1397 1017 iudicabam
1422 953 1532 1018 durio·

197 1067 249 1110 res
270 1056 374 1131 partes
394 1044 471 1109 mihi
492 1045 653 1130 impositas
675 1065 743 1110 esse
765 1042 804 1107 ab
827 1043 1001 1107 eliensionc
1023 1053 1144 1118 nostra,
1167 1065 1249 1130 quae
1270 1046 1380 1129 magis
1400 1068 1421 1111 a
1441 1055 1530 1127 ζηλο-

198 1150 295 1220 τυπίᾳ
316 1160 386 1203 mea
407 1159 499 1224 quam
522 1136 560 1201 ab
581 1138 696 1203 iniuria
717 1147 771 1202 tua
792 1146 862 1200 nata
885 1145 941 1201 est.
984 1137 1036 1201 Sic
1057 1141 1139 1201 enim
1162 1137 1235 1202 volo
1257 1146 1288 1202 te
1314 1138 1374 1204 tihi
1399 1162 1531 1227 persua·

166 1232 287 1306 rodere,
321 1232 397 1297 mihi
423 1232 579 1296 neminem
607 1252 675 1297 esse
703 1231 857 1296 cariorem
879 1239 924 1303 te,
961 1241 1093 1316 excepto
1122 1235 1252 1296 Caesare
1281 1251 1379 1307 meo,
1415 1256 1531 1321 meque

198 1326 273 1391 illud
304 1348 366 1391 una
396 1326 550 1399 iudicare,
585 1330 749 1391 Caesarem
778 1325 914 1388 maxime
942 1324 971 1387 in
995 1325 1059 1388 suis
1081 1329 1122 1389 Μ.
1145 1325 1333 1390 Ciceronem
1356 1347 1530 1414 reponere.

198 1424 229 1485 2.
252 1423 373 1497 Quare,
402 1420 445 1484 mi
469 1420 590 1493 Cicero,
613 1429 643 1483 te
664 1439 760 1502 rogo,
782 1428 817 1483 ut
839 1416 894 1482 tihi
917 1418 1021 1482 omnia
1044 1419 1164 1502 integra
1186 1439 1312 1494 serves,
1338 1422 1414 1487 eius
1437 1423 1530 1490 fidem

198 1512 373 1598 improbes,
404 1514 457 1601 qui
486 1512 559 1587 tibi,
592 1522 626 1578 ut
647 1511 832 1576 beneficium
865 1511 967 1586 daret,
1004 1513 1093 1597 prius
1115 1514 1260 1578 iniuriam
1282 1512 1380 1594 iecit;
1422 1529 1531 1583 centn

200 1628 239 1672 ne
259 1606 439 1692 profugias,
462 1608 582 1692 quite,
613 1607 671 1671 etsi
693 1627 755 1671 uon
778 1605 954 1670 amabit-
978 1606 1061 1691 quod
1084 1607 1226 1671 accidere
1248 1629 1313 1673 non
1339 1619 1454 1695 potest
1475 1649 1531 1686 -,

166 1712 303 1766 istamcn
324 1701 442 1765 salvum
464 1700 753 1788 amplissimumque
776 1722 844 1766 esse
866 1699 980 1785 cupiet.
1024 1700 1133 1765 Dedita
1155 1721 1253 1786 opera
1275 1701 1317 1766 ad
1343 1714 1376 1769 te
1399 1706 1533 1791 Calpur

200 1795 300 1869 nium,
323 1793 595 1859 familiarissimum
618 1817 742 1870 meum,
772 1795 861 1869 misi,
892 1803 926 1859 ut
947 1793 1024 1858 mihi
1046 1816 1175 1879 magnae
1197 1816 1292 1861 curae
1317 1804 1413 1862 tuam
1437 1799 1533 1865 vitam

200 1908 235 1954 ac
257 1887 435 1972 dignitatem
458 1909 526 1952 esse
548 1893 673 1953 scires.”

282 1982 401 2048 Eodem
423 1981 474 2048 die
496 2003 514 2046 a
536 1986 668 2047 Caesare
689 1979 874 2046 Philotimus
895 1981 996 2047 attulit
1017 1984 1078 2048 hoc
1099 1984 1258 2068 exemplo:

836 2125 871 2186 B.

160 2265 188 2308 eu
518 2247 669 2310 CAESAR
690 2246 769 2309 lMP.
793 2245 978 2309 cmssuoru
1000 2248 1079 2309 lllP.
1102 2249 1133 2310 S.
1156 2251 1193 2310 D.

282 2361 340 2432 ,,1.
361 2355 427 2420 Etsi
454 2364 485 2419 te
514 2355 591 2418 nihil
622 2364 759 2428 temere,
795 2355 871 2419 nihil
900 2355 1115 2442 imprudenter
1144 2356 1299 2424 iacturum
1332 2361 1535 2440 iudicaram,

199 2460 301 2515 tamen
333 2459 494 2535 permotus
524 2448 686 2512 hominum
713 2447 794 2512 lama
821 2448 1020 2514 scribendum
1058 2450 1096 2516 ad
1128 2460 1158 2515 te
1188 2453 1376 2521 existimavi
1409 2470 1445 2525 et
1478 2483 1537 2548 pro

200 2553 304 2608 nostra
326 2541 543 2607 benevolentia
564 2542 748 2626 petendum,
778 2562 903 2628 nequo
926 2545 1164 2628 progredereris
1185 2547 1368 2630 proclinata
1393 2552 1462 2618 iam
1485 2577 1536 2629 re,

200 2658 263 2722 quo
290 2637 411 2721 integra
439 2637 532 2699 etiam
564 2633 830 2720 progrediendum
860 2635 914 2700 tibi
946 2658 1009 2701 non
1039 2639 1259 2704 existimasses.
1318 2646 1479 2733 Namque
1508 2660 1537 2716 et

162 2760 190 2804 25
200 2728 352 2793 amicitiae
381 2729 558 2813 graviorem
587 2727 733 2791 iniuriam
760 2726 873 2792 seceris
901 2738 931 2794 et
959 2729 1016 2795 tibi
1038 2732 1138 2796 minus
1164 2734 1334 2799 commode
1360 2742 1537 2807 consulue-

198 2823 258 2895 ris,
288 2823 315 2887 si
344 2842 408 2886 non
436 2819 580 2886 fortunae
608 2818 775 2885 obsecutus
803 2820 952 2887 videbere
980 2861 1021 2872 -
1060 2826 1164 2889 omnia
1186 2827 1268 2889 enim
1291 2833 1537 2900 secundissima

198 2913 310 2990 nobis,
347 2915 565 2979 adversissima
593 2914 655 2978 illis
684 2913 833 2978 accidisse
855 2915 1003 2982 videntur
1024 2954 1078 2992 —,
1102 2940 1159 2982 nec
1182 2941 1305 2984 causam
1331 2938 1473 2993 secutus
1496 2967 1536 2975 -

199 3009 307 3074 eadem
330 3011 411 3073 enim
436 3019 498 3073 tum
528 3008 600 3082 luit,
637 3028 705 3071 cum
729 3006 769 3070 ah
792 3030 901 3074 eorum
925 3012 1063 3076 consiliis
1084 3012 1192 3077 abesse
1215 3014 1364 3084 iudicasti
1390 3059 1452 3097 —-,
1480 3024 1536 3090 sed

198 3125 301 3168 meum
324 3104 449 3189 aliquod
471 3104 584 3168 lactum
607 3100 878 3182 condemnavisse;
910 3128 973 3190 quo
997 3107 1071 3171 mihi
1095 3107 1219 3191 gravius
1241 3106 1296 3172 abs
1319 3121 1355 3176 te
1380 3117 1427 3180 nil
1452 3119 1534 3182 acci·

160 3198 274 3269 andere
303 3209 414 3284 potest.
458 3191 550 3275 Quod
580 3219 619 3262 ne
648 3194 757 3269 iacias,
796 3218 855 3282 pro
884 3201 953 3264 iuro
982 3212 1107 3265 nostrae
1135 3203 1289 3266 amicitiae
1322 3226 1342 3269 a
1380 3220 1413 3273 te
1445 3225 1532 3296 peto.

198 3298 234 3381 2.
256 3298 432 3365 Postremo,
462 3293 536 3378 quid
567 3292 637 3356 viro
674 3287 758 3353 bono
795 3300 826 3355 ct
855 3299 962 3377 quicto
991 3304 1021 3359 et
1049 3294 1134 3360 bono
1163 3297 1223 3360 civi
1249 3300 1353 3382 magis
1377 3307 1534 3371 convenit

198 3408 290 3471 quam
319 3385 427 3451 abesse
454 3408 471 3451 a
500 3384 644 3450 civilibus
666 3388 909 3451 controversiis?
947 3389 1039 3465 Quod
1070 3390 1209 3453 nonnulli
1231 3412 1302 3457 cum
1324 3397 1531 3477 probarent,

197 3481 329 3563 periculi
356 3503 447 3545 causa
470 3483 558 3565 sequi
584 3502 648 3544 non
676 3485 855 3564 potuerunt.
899 3487 954 3558 Tu,
978 3484 1140 3568 explorato
1163 3494 1193 3547 et
1215 3485 1297 3549 vitae
1320 3510 1417 3555 ureae
1443 3495 1533 3559 testi-

199 3574 305 3638 monio
328 3583 358 3638 ct
379 3576 533 3640 amicitiae
554 3576 686 3650 iudicio,
716 3597 816 3663 neque
839 3576 934 3640 tutius
955 3598 1057 3663 neque
1081 3578 1241 3642 honestius
1263 3585 1411 3665 reperies
1436 3589 1532 3672 quid·

162 3696 189 3734 ss
199 3685 291 3747 quam
314 3689 406 3754 quam
427 3668 466 3732 ab
489 3671 574 3733 omni
596 3672 792 3737 contentione
814 3669 933 3735 abesse.
976 3690 1033 3735 xv.
1054 3672 1122 3737 Kal.
1143 3672 1238 3736 Maias
1261 3694 1302 3737 ex
1322 3675 1479 3745 itinere.'’

268 3883 440 3932 ¹·”lml⁰l⁶
459 3880 489 3928 Β·
514 3902 540 3912 “
578 3880 1032 3946 2mittsnmam]msamtam1,
1064 3911 1092 3922 -
1129 3886 1211 3948 solra,
1230 3887 1329 3950 falsum
1350 3886 1417 3949 (sic)
1440 3905 1530 3955 opno-

199 3967 268 4004 seers
285 3951 445 4014 mogoixz.
464 3973 498 3983 -
515 3962 614 4012 magno
632 3951 684 4009 Ml,
703 3953 833 4001 inanimo
852 3968 907 4016 mg.
928 3953 966 4003 Μ.
1003 3956 1045 4014 (Ut
1063 3969 1122 4014 nos,
1142 3957 1186 4013 Y.)
1205 3979 1236 3992 -
1274 3969 1328 4006 esse
1346 3963 1429 4009 tram
1449 3977 1529 4013 mm

199 4025 244 4084 Μ,
263 4036 317 4073 ssss
333 4027 359 4070 ts
376 4020 555 4069 transiturum
571 4032 645 4067 mure
663 4034 718 4082 mg.
738 4023 779 4081 Μ,
800 4037 852 4072 esse
871 4029 896 4070 te
915 4028 991 4072 trans
1010 4039 1084 4073 more
1102 4028 1133 4076 R.
1158 4049 1184 4058 -
1224 4027 1250 4077 a,
1271 4032 1295 4074 es
1314 4035 1381 4078 anre
1404 4031 1528 4082 Tulliam

198 4108 253 4144 om.
273 4093 319 4143 Rl.
345 4115 378 4127 -
412 4090 567 4138 latissimam
593 4091 615 4141 n
640 4096 666 4141 er
685 4106 725 4154 pr,
744 4094 782 4143 Μ,
811 4121 839 4131 -
875 4096 923 4158 pag
943 4109 983 4158 pf,
1003 4095 1041 4143 Μ,
1070 4123 1101 4132 ,,
1137 4097 1162 4145 5Ι
1183 4097 1338 4159 (pm-ynam,
1358 4100 1401 4150 M·
1422 4101 1528 4167 (dmm.-

198 4170 241 4213 tas
260 4175 314 4225 mg.
333 4160 384 4219 Μ.)
416 4184 446 4196 -
484 4161 525 4209 10.
558 4167 662 4222 excepto
683 4160 793 4211 Caesare
811 4166 926 4212 maxime
945 4166 1040 4215 mediis
1059 4167 1166 4215 omissis
1192 4167 1234 4224 Μ,
1267 4173 1375 4230 excepto
1408 4171 1528 4222 cmm

200 4235 338 4284 Caesarem
362 4232 477 4280 monimo
496 4231 591 4280 mediis
611 4245 665 4282 om.
694 4233 738 4281 ut.
777 4232 944 4297 (Suppletum
965 4249 995 4284 er
1013 4250 1067 4298 mg.
1094 4235 1257 4298 Cratandri.)
1287 4262 1318 4273 -
1357 4240 1404 4288 13.
1426 4250 1528 4293 comm

200 4317 257 4352 sum
275 4315 308 4350 aa
325 4302 347 4351 1.
368 4325 399 4337 -
435 4301 477 4351 16.
497 4300 786 4366 familiarissimumque
805 4319 863 4353 eum
881 4320 922 4367 pr.
942 4304 979 4353 Μ.
1000 4329 1028 4340 -
1067 4306 1107 4356 18.
1128 4307 1283 4357 Philotimus
1301 4309 1410 4358 litteras
1429 4315 1529 4363 arrum

199 4373 250 4425 m.
287 4369 333 4434 (Ut
350 4371 518 4432 n0s‚C0dd.
539 4372 611 4421 Bosii
630 4379 657 4422 et
674 4374 771 4428 le)-
806 4376 850 4425 23.
871 4377 1002 4424 inclinata
1020 4376 1051 4426 R.
1073 4402 1102 4413 -
1135 4377 1178 4425 21.
1199 4377 1346 4440 quohlltl.
1388 4381 1529 4437 (corrup

200 4441 362 4500 Emeritos.)
386 4467 417 4476 -
454 4442 498 4492 25.
519 4443 648 4491 commodi
665 4446 798 4493 consueris
817 4446 857 4504 R,
876 4447 1006 4493 commodi
1023 4448 1179 4496 consciueris
1199 4448 1221 4497 l.
1249 4474 1278 4485 -
1317 4449 1363 4499 26.
1385 4453 1527 4521 videbere]

199 4519 230 4564 stt
256 4512 360 4562 deheres
383 4511 449 4568 hili,
481 4510 563 4572 fueris
583 4513 704 4562 atdebes
724 4516 744 4563 l.
782 4515 1223 4572 (116οά11.οοποιίῑνῑοιοτίυε.)
1252 4546 1284 4556 -
1321 4521 1367 4571 29,
1397 4527 1529 4576 conam.

199 4595 279 4634 ΜΝ
296 4583 318 4634 ¹·
341 4607 369 4619 ¹·
407 4581 474 4628 ”llll
491 4582 523 4632 ll·
544 4606 574 4618 “·
611 4583 736 4644 304111ῑο
756 4598 795 4646 tit·
814 4586 852 4635 Μ.
873 4608 904 4620 -
941 4586 984 4636 33.
1007 4588 1044 4636 Tu
1064 4585 1213 4650 enplorato]
1233 4602 1285 4651 quo
1305 4594 1329 4638 et
1345 4591 1463 4652 plorato
1484 4611 1526 4662 pr,

199 4653 238 4707 dl·
257 4679 290 4690 ··
326 4652 370 4704 35·
391 4651 489 4700 “bem-
530 4652 600 4700 Vale·
638 4651 722 4716 [Nova
742 4651 883 4718 Epistola.)
921 4657 1120 4718 Quintodecimo
1139 4681 1170 4691 ·-
1189 4658 1321 4708 adventus
1340 4663 1361 4712 1.
