3256 5400
197 247 258 312 548
704 245 764 308 ΕΡ.
784 245 836 307 ΑΙ)
858 244 1030 310 llTTlCUbl

164 427 172 445 ·
196 417 364 493 utrumque
385 401 477 468 simul
499 399 688 475 audivimus,
712 412 744 465 et
764 420 846 486 quae
868 399 997 467 Corfinii
1018 410 1084 467 acta
1106 413 1225 478 essent,
1248 413 1279 468 et
1294 414 1325 469 te
1339 403 1407 468 iter
1419 406 1532 468 Brun·

196 503 310 569 disium
331 499 435 562 faeere
457 495 614 580 coepisse;
642 514 775 579 cumque
797 514 855 558 nec
875 494 952 558 mibi
973 515 1031 559 nec
1056 494 1145 561 fratri
1166 518 1238 562 meo
1261 496 1397 564 dubium
1420 505 1528 571 esset,

195 595 272 683 quin
292 589 490 658 Brundisium
505 588 780 661 contenderemus,
803 608 821 651 a
836 587 956 662 multis,
979 588 1066 673 quie
1082 591 1208 656 Samnio
1220 590 1399 678 Apuliaque
1414 588 1528 656 venie

194 691 282 762 baut,
304 683 452 750 admoniti
474 680 596 756 sumus,
624 691 658 747 ut
679 701 876 754 caveremus,
905 702 944 745 ne
967 682 1186 768 exciperemur
1207 706 1224 748 a
1247 689 1400 758 Caesare,
1431 683 1524 771 quod

171 789 221 851 sis
242 785 274 849 in
296 779 405 845 eadem
427 777 510 850 loca,
533 797 612 862 quae
635 796 692 841 nos
714 771 913 860 petebamus,
935 776 1112 861 profectus,
1135 778 1268 844 celerius
1283 780 1397 853 etiam,
1421 800 1523 865 quam

192 898 250 943 nos
270 891 447 960 possemus,
471 890 527 944 eo,
549 891 613 956 quo
635 868 827 941 intenderet,
851 877 1000 934 ventums
1022 879 1113 936 esset.
1157 872 1251 951 Quod
1268 894 1338 938 cum
1357 875 1402 940 ita
1421 882 1522 946 esset,

191 991 249 1036 nec
273 965 352 1031 mibi
378 985 437 1028 nec
457 963 546 1028 fratri
568 984 639 1028 meo
661 984 718 1028 nec
739 961 883 1046 cuiquam
906 963 1078 1029 amicorum
1106 966 1222 1052 placuit
1242 968 1461 1040 committere,
1485 975 1523 1032 ut

191 1062 350 1132 temeritas
379 1067 486 1123 nostra
512 1078 576 1122 non
608 1056 710 1122 solum
732 1054 824 1121 nobis
845 1053 900 1121 sed
922 1055 1016 1121 etiam
1037 1061 1084 1124 rei
1106 1058 1248 1146 publicae
1270 1071 1417 1139 noceret;
1442 1079 1521 1124 cum

189 1153 374 1248 praesertim
395 1171 459 1216 non
480 1149 708 1225 dubitaremus,
732 1149 825 1236 quin,
847 1149 874 1215 si
896 1149 989 1214 etiam
1011 1157 1112 1217 tulum
1134 1154 1225 1221 uobis
1247 1155 1307 1220 iter
1327 1153 1462 1226 fuisset,
1488 1163 1520 1217 te

154 1266 293 1321 wtamou
312 1247 376 1313 iarn
397 1245 547 1330 consequi
567 1264 631 1309 non
652 1264 825 1329 possemus.
872 1246 903 1309 1.
933 1245 1061 1310 interim
1091 1249 1265 1335 accepimus
1292 1258 1362 1314 tuas
1390 1247 1520 1313 litteras

189 1344 323 1417 Canusio
345 1362 373 1406 a.
395 1339 426 1404 d.
447 1358 481 1403 x.
504 1336 633 1403 Kalend.
661 1342 750 1403 Mart.
777 1336 879 1411 datas,
916 1337 1031 1423 quibus
1052 1361 1110 1406 nos
1132 1342 1280 1415 hortaris,
1317 1352 1352 1408 ut
1373 1341 1519 1408 celerius

187 1437 387 1509 Bruudisrum
408 1432 584 1509 veniamus;
616 1453 692 1518 quas
720 1451 790 1495 cum
812 1431 1039 1516 accepissemus
1069 1454 1097 1499 a.
1120 1435 1150 1501 d.
1173 1456 1224 1502 ur.
1246 1434 1376 1501 Kalend.
1399 1440 1517 1510 Mart,

189 1556 252 1600 uon
280 1525 513 1599 dubitabamus,
550 1523 626 1611 quin
655 1534 690 1588 tu
718 1523 779 1589 iam
801 1524 1000 1591 Brundisium
1022 1533 1234 1613 pervenisses;
1271 1528 1429 1615 nobisque
1454 1530 1519 1593 iter

187 1627 263 1694 illud
285 1621 413 1690 omnino
436 1618 637 1684 interclusum
658 1616 856 1693 videbamus,
879 1640 980 1706 neque
997 1622 1100 1688 minus
1114 1644 1172 1689 nos
1189 1645 1257 1688 esse
1271 1633 1390 1708 captos,
1413 1642 1517 1710 want

152 1721 240 1808 ¹⁵qui
263 1714 392 1785 Corfinii
413 1711 553 1777 fuissent.
608 1716 714 1799 Neque
736 1711 819 1777 enim
840 1733 896 1779 eos
918 1715 1003 1780 solos
1025 1714 1255 1782 arbitrabamur
1275 1717 1363 1803 capi,
1397 1716 1459 1802 qui
1482 1716 1516 1781 in

185 1820 376 1880 armatorum
398 1827 507 1871 manus
529 1805 723 1878 incidissent,
746 1805 800 1870 sed
822 1826 878 1872 eos
899 1808 998 1874 nihilo
1019 1809 1139 1885 minus,
1168 1811 1223 1897 qui
1243 1808 1432 1898 regionibus
1456 1830 1515 1874 ex·

184 1906 263 1975 clusi
290 1909 370 1969 intra
398 1898 553 1988 praesidia
586 1906 678 1985 atque
706 1899 786 1965 intra
813 1921 899 1966 arma
924 1903 1025 1968 aliena
1046 1905 1213 1972 venissent.
1258 1909 1288 1970 6.
1312 1902 1410 1982 Quod
1433 1922 1510 1967 cunr

181 2016 223 2068 rta
235 2000 291 2074 sit,
307 1998 442 2062 maxime
453 1992 563 2058 vellem
573 1992 709 2078 primum
721 2013 844 2079 semper
855 2004 954 2060 tecum
967 1996 1079 2072 fuisse,
1098 1997 1317 2086 quodquidam
1329 1994 1514 2062 tibiosten-

182 2096 298 2166 deram,
320 2110 392 2155 cum
413 2108 432 2152 a
453 2108 503 2152 me
518 2091 653 2171 Capuam
674 2084 872 2152 reiiciebam:
896 2088 981 2174 quod
997 2089 1057 2154 feci
1071 2111 1134 2156 non
1149 2091 1264 2156 vitandi
1279 2089 1387 2155 oneris
1399 2108 1511 2163 eausa,

144 2189 236 2254 ¹⁰sed
258 2183 344 2274 quod
364 2180 509 2246 videbam
531 2179 631 2244 teneri
652 2178 736 2243 illam
758 2179 869 2245 urbem
892 2181 958 2247 siue
981 2185 1123 2251 exercitu
1145 2206 1207 2250 non
1226 2205 1336 2270 posse;
1360 2182 1510 2248 accidere

180 2294 283 2348 autem
315 2275 391 2343 mibi
418 2272 580 2348 nolebam,
612 2273 698 2359 quod
726 2272 819 2338 doleo
840 2274 917 2340 viris
939 2276 1118 2342 fortissimis
1140 2277 1300 2343 accidisse.
1344 2276 1508 2355 Quoniam

180 2385 304 2446 autem,
337 2381 440 2434 tecum
460 2378 496 2434 ut
517 2388 633 2442 essem,
655 2387 719 2431 non
741 2367 884 2452 conligit,
914 2369 1031 2435 utinam
1054 2372 1099 2436 tui
1121 2371 1241 2437 consilii
1263 2371 1382 2436 certior
1402 2369 1507 2435 factus

180 2469 296 2534 esseml
325 2469 400 2529 Nam
423 2460 599 2547 suspicione
620 2459 744 2547 assequi
766 2481 829 2525 nou
850 2462 952 2546 potui;
985 2463 1071 2549 quod
1092 2465 1197 2529 omnia
1218 2464 1305 2550 prius
1331 2462 1506 2528 arbitratus

180 2583 249 2628 sum
271 2559 355 2630 fore,
378 2576 471 2643 quam
492 2563 528 2618 ut
547 2553 624 2619 baec
645 2553 693 2618 rci
714 2552 857 2638 publicae
879 2576 970 2620 causa
991 2556 1024 2621 iu
1047 2557 1134 2622 ltalia
1156 2578 1219 2623 non
1240 2566 1346 2644 posset
1367 2556 1452 2620 duce
1474 2566 1505 2621 te

142 2676 170 2718 ra
180 2653 360 2720 consistere.
408 2652 515 2732 Neque
536 2667 613 2711 vero
635 2667 717 2710 nunc
730 2647 894 2713 consilium
917 2660 1003 2715 tuum
1026 2651 1240 2737 reprebendo,
1263 2650 1319 2717 sed
1339 2649 1502 2716 fortunam

179 2749 226 2813 rei
256 2743 398 2830 publicae
425 2741 535 2826 luge03
571 2760 643 2813 nec,
675 2744 701 2804 si
732 2760 808 2825 ogo,
845 2741 920 2828 quid
942 2752 976 2809 tu
998 2744 1040 2809 sis
1061 2755 1203 2820 secutus,
1237 2766 1301 2810 non
1322 2743 1501 2831 perspicio,

178 2841 299 2907 idcirco
321 2837 422 2902 miuus
444 2835 590 2899 existimo
612 2843 642 2899 te
665 2833 738 2898 nihil
761 2836 820 2899 nisi
842 2857 962 2901 summa
984 2839 1104 2904 ratione
1117 2839 1239 2904 fecisse.
1281 2842 1312 2903 6.
1333 2843 1402 2904 blea
1419 2856 1502 2922 quae

179 2955 303 3020 semper
323 2929 418 2996 fuerit
438 2933 605 3001 sententia,
628 2927 763 3014 primum
786 2929 825 2993 de
842 2950 918 3014 pace
935 2931 984 2996 vel
1003 2932 1107 3019 iniqua
1125 2932 1309 2998 condicione
1323 2928 1501 3003 retinenda,

179 3026 292 3094 deinde
319 3025 357 3090 de
387 3019 528 3087 urbe-
551 3042 622 3085 nam
650 3019 690 3084 de
717 3021 804 3086 ltalia
831 3023 957 3108 quidem
987 3025 1063 3090 nibil
1091 3026 1166 3090 mihi
1193 3045 1330 3113 unquam
1351 3020 1503 3089 ostende·

140 3143 229 3188 arras
250 3157 312 3192 -,
345 3115 523 3181 meminisse
554 3123 584 3179 le
612 3111 758 3178 arbitror.
807 3114 868 3181 Sed
896 3117 972 3182 mihi
993 3139 1055 3183 non
1077 3141 1180 3195 sumo,
1211 3128 1246 3184 ut
1268 3139 1372 3182 meum
1393 3113 1502 3181 consi-

178 3217 254 3281 lium
276 3213 380 3278 valere
402 3207 560 3273 debuerit:
594 3216 717 3272 secutus
733 3211 808 3273 'sum
831 3219 935 3287 tuum;
972 3232 1073 3298 neque
1096 3211 1126 3276 id
1149 3212 1196 3278 rei
1218 3211 1361 3299 publicae
1383 3230 1499 3281 causa,

178 3311 217 3373 de
239 3329 301 3394 qua
328 3302 509 3388 desperavi,
540 3321 619 3387 quae
642 3307 672 3364 et
696 3321 778 3364 nunc
799 3300 909 3366 afflicta
931 3312 1056 3369 estnec
1078 3305 1208 3371 excitari
1228 3307 1295 3371 sine
1317 3302 1401 3369 civili
1424 3321 1502 3387 per-

179 3400 388 3467 niciosissimo
403 3395 487 3462 bello
501 3404 618 3482 potest,
641 3394 697 3460 sed
712 3403 742 3458 te
757 3395 963 3480 quaerebam,
987 3408 1087 3464 tecum
1106 3407 1175 3465 esse
1189 3398 1370 3487 cupiebam
1391 3415 1500 3481 neque

176 3496 244 3560 eius
265 3495 312 3559 rei
334 3491 519 3564 facultatem,
542 3491 568 3553 si
590 3488 766 3575 quaeerit,
790 3490 1042 3572 praetermittam.
1086 3497 1115 3556 7.
1138 3497 1204 3578 Ego
1218 3514 1270 3558 me
1287 3493 1319 3558 iu
1334 3493 1391 3557 baa
1407 3487 1500 3554 omni

140 3607 270 3652 racausa
301 3587 391 3651 facile
424 3581 632 3667 intelligebam
659 3581 815 3667 pugnandi
849 3583 969 3669 cupidis
998 3585 1177 3651 homiuibus
1208 3606 1271 3651 non
1300 3583 1498 3650 satisfacere.

177 3680 316 3744 Primum
350 3678 432 3743 enim
462 3697 537 3762 prae
567 3697 618 3740 me
647 3675 704 3740 tuli
734 3695 783 3739 me
809 3675 885 3740 nihil
915 3679 1006 3743 malle
1036 3701 1129 3766 quam
1156 3701 1280 3767 pacem;
1318 3699 1381 3744 non
1418 3677 1500 3764 quin

100 3768 102 3775 ’
178 3772 288 3837 eadem
309 3772 467 3846 timerem,
496 3790 576 3856 quae
598 3768 658 3845 illi;
690 3767 746 3832 sed
776 3789 813 3832 ea
839 3766 923 3834 bello
945 3771 1030 3837 civili
1050 3773 1169 3839 leviora
1191 3771 1353 3841 ducebam.
1396 3772 1498 3848 lnde,

175 3875 320 3950 suscepto
342 3862 441 3938 bello,
464 3884 534 3928 cum
557 3862 642 3948 pacis
664 3861 862 3928 condiciones
884 3862 923 3929 ad
945 3875 976 3929 te
997 3866 1104 3933 afferri
1126 3889 1144 3932 a
1167 3877 1259 3955 teque
1281 3866 1320 3933 ad
1340 3888 1378 3931 ea
1391 3865 1501 3933 bono-

244 4086 270 4135 1.
289 4079 376 4148 simul]
395 4083 488 4131 ramur
506 4094 547 4144 pr.
566 4081 604 4132 Μ.
624 4107 656 4116 -
679 4082 826 4131 audivimus
843 4081 882 4131 lt:
902 4084 1023 4134 audimur
1040 4087 1113 4136 Mill.
1133 4109 1170 4124 -
1188 4087 1267 4137 3-6.
1286 4100 1330 4137 nec
1346 4087 1412 4135 mibi
1430 4110 1442 4122 -
1459 4110 1473 4122 ·
1484 4111 1498 4123 ·

174 4156 289 4206 cumito
306 4161 369 4204 erret
386 4165 440 4201 om.
460 4152 492 4201 ll.
513 4177 545 4187 -
580 4150 607 4201 6.
626 4152 774 4201 intenderat
792 4151 828 4200 Μ.
850 4177 879 4188 -
919 4151 1002 4217 Quod]
1022 4170 1071 4219 quo
1090 4170 1130 4219 pr.
1150 4157 1188 4210 Μ.
1209 4181 1238 4191 -
1259 4156 1284 4207 o.
1311 4157 1385 4205 nobis
1403 4162 1497 4206 ratam

174 4227 258 4275 11.-
296 4225 338 4274 to.
357 4220 476 4282 Interim]
494 4222 557 4272 lude
571 4224 659 4285 primo
678 4220 751 4271 lllll.
787 4221 831 4274 (Ut
849 4235 912 4281 nos,
939 4223 1143 4289 1161011616)-
1180 4227 1224 4277 ld.
1243 4227 1392 4276 videbamur
1409 4239 1497 4290 noque

174 4296 242 4345 liet
266 4307 336 4344 corr.
364 4293 410 4343 M:
441 4292 578 4342 videbatur
605 4294 633 4341 in
658 4293 691 4340 its
714 4304 793 4353 neque
811 4304 851 4354 pr.
871 4291 917 4351 Μ,
945 4295 1082 4345 videbatur
1098 4311 1178 4360 nequa
1197 4297 1241 4346 111.
1262 4323 1294 4333 -
1328 4297 1377 4345 irre
1393 4292 1435 4344 Μ.
1456 4320 1496 4332 -·

175 4364 216 4414 15.
237 4366 282 4428 qui
300 4363 407 4427 Corfinii
423 4363 531 4425 tument
548 4375 602 4424 mq.
623 4361 775 4412 Cratandri:
796 4363 841 4424 qui
861 4363 968 4427 Corfinii
985 4368 1111 4416 conuscat
1129 4366 1199 4424 ΜΒ,
1227 4368 1273 4431 qui
1290 4365 1432 4429 Corfinium
1450 4379 1497 4417 oe·

89 4488 94 4498 ,
173 4436 269 4485 uiuent
288 4433 331 4482 111.
352 4455 383 4467 -
419 4433 582 4482 arbitramur
600 4432 611 4481 1
630 4437 656 4482 et
675 4445 713 4494 pr.
733 4431 771 4482 Μ.
801 4454 831 4466 -
868 4431 967 4496 quiin]
987 4437 1050 4499 quin
1068 4450 1108 4499 pr.
1127 4437 1164 4487 Μ.
1193 4461 1225 4471 -
1264 4435 1307 4487 18.
1327 4442 1408 4486 tecum
1426 4448 1496 4486 srm-

171 4517 220 4566 per
245 4503 267 4552 1.
294 4525 326 4537 -
360 4503 464 4566 {omrem
488 4515 527 4564 pr.
555 4501 582 4552 Μ
607 4508 633 4552 et
658 4501 723 4552 Cod.
753 4502 779 4549 iu
808 4514 863 4562 mg.
896 4502 1000 4566 Repett.
1032 4505 1126 4555 Lamb.
1155 4531 1184 4543 —
1223 4507 1265 4557 13.
1292 4521 1310 4556 a
1336 4519 1390 4555 om.
1411 4503 1435 4555 1.
1459 4530 1492 4543 -·

173 4575 217 4624 at.
237 4573 347 4635 mundo
365 4572 397 4622 ll.
419 4595 449 4611 ·-
484 4572 529 4620 18.
548 4572 588 4621 net
604 4569 706 4635 inique]
725 4571 800 4620 uelim
818 4585 870 4634 quo
889 4585 929 4633 pr.
949 4575 987 4624 Μ.
1008 4598 1038 4610 -
1075 4577 1118 4626 31.
1139 4574 1236 4638 volere]
1254 4577 1323 4626 clerc
1341 4589 1381 4638 pr.
1400 4574 1441 4625 Μ,
1460 4602 1494 4614 .-

173 4643 217 4693 33.
237 4639 400 4707 quaerebam]
419 4641 547 4704 quaedam
564 4641 585 4690 1.
621 4664 648 4675 -
687 4640 1087 4707 supersederemus,
1115 4660 1168 4710 qun
1186 4647 1243 4697 111ss
1261 4653 1288 4697 et
1306 4659 1375 4696 corr,
1395 4643 1435 4694 Μ.
1455 4668 1495 4685 -

173 4713 216 4764 ao.
235 4726 301 4776 prce
317 4726 357 4761 mc
375 4708 434 4772 tuli]
457 4717 555 4773 premet
573 4713 613 4760 ati
630 4724 670 4773 pr.
689 4711 727 4762 bl·
758 4735 787 4746 -
824 4708 897 4773 quin]
916 4715 961 4774 qui
980 4728 1018 4776 pr.
1038 4715 1076 4766 Μ.
1097 4740 1125 4750 -
1164 4716 1208 4767 37.
1228 4713 1269 4779 eo]
1289 4730 1318 4768 ro
1335 4730 1375 4779 pr.
1395 4715 1435 4766 Μ.
1457 4738 1491 4751 -

172 4779 367 4844 rivilileatoro]
387 4781 552 4831 mollemaco
570 4794 611 4843 pr.
631 4780 667 4830 Μ.
698 4804 728 4816 -
765 4781 863 4829 Darde
881 4794 935 4842 mg.
956 4782 1106 4837 Cratandri.
1127 4809 1156 4821 -
1194 4786 1239 4838 38.
1266 4802 1284 4837 a
1309 4781 1493 4852 repedemus

171 4854 207 4903 ltl
225 4859 251 4904 et
269 4866 338 4903 corr.
357 4852 396 4905 11.
417 4874 448 4887 -
466 4863 509 4902 eus
527 4851 644 4903 Corrado
662 4856 771 4901 auctore
789 4849 945 4904 Lambinus.
