3256 5400
602 258 676 322 1111.
698 258 764 323 XV.
808 261 866 324 ΕΡ.
891 262 939 323 15.
963 261 1011 323 16.

609 420 672 480 nn
714 419 767 495 (n.
795 420 826 482 u
850 420 881 482 c.
904 420 996 498 ror.)

531 544 571 605 Μ.
595 542 736 605 CICERO
760 543 791 604 S.
813 543 850 604 l).
873 541 905 604 C.
929 543 1075 606 CASSIO.

226 659 254 720 1.
276 657 341 720 Etsi
374 662 507 739 uterque
535 657 676 717 uostrirm
705 672 760 737 spe
789 649 874 736 pacis
900 658 930 714 et
951 648 1027 714 odio
1048 649 1146 715 civilis
1169 655 1328 738 sanguinis
1353 654 1463 722 abesse

140 774 156 815 a
186 748 261 815 belli
283 747 451 813 necessarii
472 746 642 832 pertinacia
664 746 783 819 noluit,
819 755 937 819 umen,
975 747 1122 831 quoniam
1144 747 1211 812 eius
1233 748 1355 814 consilii
1376 749 1461 835 prin·

140 865 214 932 ceps
245 863 305 929 ego
332 841 429 906 luisse
459 840 586 914 videor,
621 843 690 928 plus
719 840 851 905 sortasse
874 837 929 902 tibi
958 848 1116 925 praestare
1138 840 1205 925 ipse
1233 839 1334 909 debeo
1366 857 1485 930 quam⁵

141 948 212 1004 ate
234 947 426 1023 exspectare.
481 934 570 1009 Etsi,
603 944 638 1000 ut
659 955 752 1021 saepe
774 934 862 998 soleo
884 954 1006 997 mecum
1027 933 1208 1008 recordari,
1244 956 1349 1002 sermo
1373 938 1463 1012 lanti-

140 1032 226 1098 liaris
247 1052 335 1095 meus
357 1038 458 1094 tecum
479 1038 510 1092 et
531 1031 604 1092 item
626 1049 748 1093 mecum
772 1037 843 1092 tuus
865 1026 994 1091 adduxit
1014 1036 1183 1113 utrumque
1205 1036 1347 1095 nostrum
1369 1031 1408 1097 ad
1429 1031 1462 1097 id

141 1124 323 1197 consilium,
355 1134 391 1188 ut
423 1143 487 1187 uno
520 1123 642 1208 proelio
664 1132 861 1208 putaremus,
895 1121 921 1186 si
944 1142 1006 1187 nou
1029 1130 1125 1187 totam
1147 1141 1289 1196 causam,
1325 1133 1355 1188 at
1377 1135 1462 1189 certe

141 1228 282 1284 nostrum
315 1216 465 1283 iudicium
498 1215 620 1281 deliniri
648 1217 827 1281 convenire.
885 1220 992 1302 Neque
1020 1215 1186 1302 quisquam
1215 1216 1292 1279 hanc
1324 1229 1461 1283 nostram

141 1313 323 1378 seutentiam
344 1331 419 1375 vere
444 1331 581 1397 unquam
605 1309 805 1394 reprehendit
827 1321 953 1395 praeter
978 1330 1043 1381 cos,
1062 1309 1116 1396 qui
1137 1308 1329 1374 arbitrantur
1350 1312 1460 1378 melius
1474 1323 1499 1362 ¹⁰

141 1427 210 1471 csse
235 1405 334 1472 deleri
360 1403 489 1469 omnino
510 1424 577 1468 rem
600 1403 755 1489 publicam
782 1425 875 1490 quam
905 1403 1100 1468 imminutam
1123 1414 1154 1467 et
1182 1402 1372 1468 debilitatam
1397 1428 1463 1472 ma·

141 1520 227 1565 nere.
269 1504 336 1584 Ego
352 1509 455 1565 autem
478 1518 518 1561 ex
532 1497 661 1562 interitu
679 1498 747 1562 eius
765 1497 881 1562 nullam
901 1518 989 1582 spem
1005 1495 1123 1561 scilicet
1141 1497 1215 1561 mihi
1236 1499 1461 1583 proponebam,

142 1615 181 1659 ex
203 1592 343 1679 reliquiis
364 1612 518 1676 maguam.
575 1595 605 1654 2.
639 1589 700 1655 Sed
722 1612 759 1656 ea
788 1599 859 1655 sunt
882 1600 1063 1663 consecuta,
1097 1600 1132 1656 ut
1152 1590 1251 1674 magis
1277 1591 1390 1657 mirum
1424 1592 1464 1658 sit

142 1686 282 1751 accidere
299 1685 351 1750 illa
373 1685 528 1772 potuisse,
551 1705 644 1770 quam
663 1705 720 1748 nos
746 1706 809 1748 non
823 1684 939 1748 vidisse
957 1706 993 1748 ea
1009 1684 1112 1749 lutura
1135 1705 1207 1757 nec,
1230 1685 1373 1752 homines
1390 1706 1462 1751 cum

142 1801 297 1854 essemus,
328 1778 469 1844 divinare
497 1779 647 1863 potuisse.
704 1778 856 1864 Equidem
891 1777 993 1842 fateor
1023 1799 1122 1842 meam
1146 1779 1356 1844 coniecturam
1384 1781 1462 1844 hanc
1475 1789 1501 1831 ¹³

141 1872 255 1949 luisse,
277 1882 312 1940 ut
336 1873 390 1938 illo
411 1873 499 1959 quasi
520 1871 657 1958 quodam
678 1871 762 1938 fatali
783 1872 905 1959 proelio
927 1873 1009 1937 lacto
1031 1881 1063 1937 et
1080 1872 1215 1937 victores
1236 1872 1394 1937 communi
1415 1894 1464 1937 sa·

142 1967 198 2033 luti
220 1966 340 2032 consuli
359 1967 473 2032 vellent
496 1975 527 2030 ct
550 1967 625 2031 victi
646 1988 738 2045 suae;
760 1977 928 2053 utrumque
950 1976 1053 2031 autem
1076 1966 1273 2052 propositum
1295 1986 1363 2030 esse
1380 1964 1464 2031 arbi·

142 2061 218 2128 trari
248 2061 282 2127 iu
314 2061 473 2126 celeritate
506 2059 644 2125 victoris.
703 2063 791 2138 Quae
823 2061 849 2125 si
875 2061 1001 2134 luisset,
1032 2059 1163 2125 eandem
1188 2059 1382 2125 clementiam
1408 2083 1464 2127 cx·

142 2164 231 2240 perta
262 2163 344 2219 esset
375 2153 499 2227 Africa,
522 2175 616 2238 quam
641 2154 787 2239 cognovit
820 2154 906 2229 Asia,
944 2175 1037 2240 quam
1061 2154 1154 2219 etiam
1183 2152 1313 2224 Achaia,
1347 2166 1397 2228 te,
1429 2162 1462 2219 ut

143 2250 273 2335 opinor,
296 2249 365 2335 ipso
390 2248 523 2333 allegato
545 2269 581 2312 ac
604 2247 816 2334 deprecatore.
861 2248 1000 2319 =Amissis
1024 2256 1127 2311 autem
1147 2244 1358 2332 temporibus,
1381 2254 1501 2333 quae²⁰

143 2343 311 2428 plurimum
334 2342 451 2416 valent,
474 2342 659 2428 praesertim
677 2342 708 2407 in
729 2341 820 2408 bellis
844 2340 1004 2416 civilibus,
1036 2340 1237 2426 interpositus
1259 2362 1357 2405 annus
1383 2341 1463 2407 alios

143 2435 279 2510 induxit,
316 2447 350 2500 ut
380 2435 544 2501 victoriam
574 2444 752 2522 sperarent,
784 2436 879 2511 alios,
916 2445 951 2500 ut
981 2436 1083 2522 ipsum
1112 2434 1191 2522 vinci
1219 2443 1462 2500 contemnerent

143 2535 242 2615 Atque
265 2529 378 2594 borum
397 2530 551 2595 malorum
571 2530 712 2595 omnium
737 2530 858 2616 culpam
883 2529 1006 2595 fortuna
1032 2528 1173 2594 sustinet.
1217 2527 1295 2604 Quis
1315 2529 1397 2593 enim
1411 2537 1465 2593 aut

143 2621 344 2686 Alexandrini
365 2622 439 2688 belli
462 2633 576 2688 tantam
594 2644 714 2688 moram
732 2622 804 2687 huic
823 2622 907 2688 bello
927 2624 1105 2688 adiunctum
1127 2621 1167 2685 iri
1184 2633 1237 2685 aut
1251 2622 1356 2686 nescio
1370 2643 1463 2708 quem

144 2717 237 2779 istum
252 2715 442 2780 Pharnacem
456 2717 547 2782 Asiae
567 2729 722 2784 terrorem
740 2717 897 2783 illaturum
915 2723 1062 2802 putaret?
1085 2720 1115 2780 3.
1137 2720 1199 2778 Nos
1223 2715 1371 2778 tamenin
1390 2722 1502 2778 con-'²³

144 2808 214 2873 silio
235 2809 303 2893 pari
323 2831 394 2874 casu
417 2810 561 2875 dissimili
583 2811 632 2875 usi
652 2832 770 2876 sumus.
826 2817 873 2876 Tu
894 2816 977 2875 enim
1000 2831 1068 2875 eam
1093 2818 1213 2895 partem
1236 2809 1356 2893 petisti,
1378 2816 1465 2873 utet

144 2902 281 2967 consiliis
303 2908 469 2968 interesses
490 2912 536 2978 et,
569 2903 654 2990 quod
684 2904 820 2969 maxime
841 2925 947 2970 curam
971 2905 1066 2976 leuat,
1090 2903 1192 2966 l'utura
1216 2903 1321 2966 animo
1343 2901 1465 2987 prospi-

144 3015 217 3060 cere
238 3017 356 3082 posses.
398 3001 480 3082 Ego,
512 2997 568 3083 qui
589 2996 747 3073 festinavi,
778 3007 812 3063 ut
837 3002 1001 3064 Caesarem
1023 2997 1055 3062 in
1085 2995 1173 3060 ltalia
1196 2994 1335 3059 viderem
1358 2994 1466 3059 -sio

145 3088 228 3153 enim
252 3088 482 3155 arbitrabamur
507 3121 537 3132 -
567 3111 701 3177 eumque
726 3091 832 3167 multis
852 3089 1078 3156 honestissimis
1105 3088 1181 3153 viris
1203 3087 1394 3153 conservatis
1415 3108 1466 3152 rc-

146 3183 308 3257 deuntem,
342 3185 381 3249 ad
403 3205 511 3270 pacem
533 3194 729 3260 currentem,
763 3195 797 3250 ut
815 3185 916 3259 aiunt,
943 3186 1122 3257 incitarem,
1146 3182 1260 3247 abillo
1284 3180 1503 3265 longissime³n

147 3288 177 3343 et
195 3277 302 3344 absum
326 3289 357 3343 et
376 3278 450 3343 alui.
494 3285 613 3345 Versor
636 3290 739 3345 autem
755 3279 788 3344 in
809 3281 926 3364 gemitu
947 3279 1052 3344 ltaliae
1071 3287 1102 3343 et
1115 3278 1146 3341 in
1172 3275 1260 3342 urbis
1282 3273 1466 3339 miserrimis

146 3373 299 3459 querelis,
331 3371 446 3459 quibus
467 3372 585 3460 aliquid
615 3374 684 3459 opis
706 3375 837 3439 sortasse
861 3394 921 3458 ego
951 3394 1010 3459 pro
1036 3393 1124 3446 mea,
1158 3379 1192 3435 tu
1213 3391 1272 3456 pro
1298 3378 1369 3442 tua,
1405 3368 1465 3454 pro'

146 3487 201 3530 sua
228 3472 358 3553 quisquc
381 3477 469 3553 parte
493 3468 577 3532 lerre
598 3468 765 3553 potuisset,
798 3467 824 3531 si
844 3477 955 3532 auctor
976 3465 1125 3531 affuisset.
1181 3468 1212 3530 1.
1244 3465 1350 3540 Quare
1371 3462 1466 3526 velim

146 3581 205 3646 pro
224 3572 275 3626 tua
298 3571 448 3647 perpetua
473 3583 547 3645 erga
568 3583 617 3624 me
640 3560 855 3626 benevolentia
874 3559 992 3625 scribas
1012 3560 1052 3624 ad
1066 3581 1133 3632 me,
1156 3557 1232 3645 quid
1252 3555 1368 3631 videas,
1390 3553 1465 3641 quid

146 3655 276 3728 sentias,
308 3655 382 3742 quid
410 3655 675 3741 exspectandum,
716 3654 792 3742 quid
821 3653 974 3738 agendum
1010 3652 1101 3718 nohis
1136 3652 1305 3717 existimes.
1363 3648 1465 3734 Magni
1476 3669 1504 3712 ss

148 3758 240 3812 erunt
262 3749 338 3813 mibi
363 3759 432 3813 tuac
456 3751 599 3827 litterae;
631 3760 725 3836 atque
748 3750 864 3813 utinam
891 3747 1000 3835 primis
1021 3746 1096 3822 illis,
1124 3766 1201 3832 quas
1223 3744 1354 3809 Luceria
1374 3746 1467 3808 mise·

147 3862 214 3915 ras,
236 3843 423 3927 paruissem!
447 3848 513 3907 sine
535 3844 598 3908 ulla
620 3849 702 3908 enim
725 3842 865 3907 molestia
886 3842 1067 3926 dignitatem
1093 3861 1193 3905 meam
1217 3838 1425 3903 retinuissem.

609 3969 688 4028 rer.
733 3965 782 4045 (A.
808 3967 840 4028 a.
864 3966 896 4028 a
919 3962 1003 4042 ron)

534 4072 574 4132 n.
598 4070 740 4134 cronno
763 4071 794 4131 s,
817 4071 854 4131 u.
877 4070 910 4132 o.
933 4067 1080 4132 cassio.
1106 4135 1107 4138 Ν

235 4183 262 4243 1.
286 4183 366 4244 Puto
399 4189 429 4244 te
459 4180 521 4243 iam
549 4180 743 4265 suppudere,
780 4199 850 4243 cum
878 4178 954 4242 haec
986 4180 1077 4242 tertia
1106 4175 1169 4241 iam
1192 4175 1322 4260 epistola
1344 4183 1413 4239 ante
1437 4184 1506 4238 tero

149 4273 358 4359 oppresserit,
394 4294 487 4359 quam
517 4283 550 4338 tu
581 4273 696 4338 scidam
718 4283 770 4337 aut
796 4272 941 4338 litteram.
985 4269 1046 4334 Sed
1068 4291 1131 4334 non
1152 4290 1271 4354 urgeo;
1309 4267 1468 4353 longiores

218 4418 245 4468 le.
275 4418 335 4467 belli
358 4422 495 4469 necessarii
511 4421 657 4482 pertinacia
675 4418 841 4480 Bengelius:
873 4416 932 4465 belli
949 4417 1096 4465 necesmria
1112 4418 1259 4478 pertinacia
1278 4429 1318 4478 pr.
1338 4414 1381 4473 Μ,
1409 4414 1469 4465 tetta

147 4490 294 4551 pertinacia
322 4488 341 4536 11
369 4504 430 4539 cum
458 4504 529 4538 corr.
555 4490 593 4540 11.
624 4514 655 4525 -
693 4490 817 4553 qnoniam
835 4487 877 4538 hl:
897 4487 1004 4549 quando
1022 4484 1053 4534 13.
1087 4511 1115 4522 -
1153 4486 1179 4534 6.
1200 4488 1358 4546 catapertare
1377 4485 1414 4533 11.
1436 4507 1467 4519 -

150 4560 193 4608 10.
213 4559 345 4620 reprendit
362 4567 496 4622 praetereo
515 4561 559 4623 qni
577 4557 614 4608 Μ.
633 4583 667 4592 -
693 4559 736 4608 11.
755 4552 920 4606 insmnnitarn
939 4555 976 4604 Μ.
996 4581 1028 4588 -
1057 4555 1101 4603 13.
1120 4556 1226 4618 reliquia
1245 4555 1281 4604 Μ.
1304 4578 1331 4587 -
1362 4553 1404 4603 ld.
1424 4567 1470 4603 nec

149 4628 264 4678 homines
277 4642 334 4678 enm
345 4630 459 4678 homines
471 4643 578 4678 essemus
590 4629 627 4678 11.
649 4654 678 4665 -
700 4629 743 4678 17.
761 4627 863 4677 caman
882 4626 918 4681 hl.
939 4625 1069 4674 consulere
1089 4625 1117 4674 Β.
1136 4651 1168 4660 -
1190 4626 1233 4674 17.
1251 4625 1414 4686 propositum
1427 4622 1456 4671 Μ
1461 4637 1468 4672 =

149 4701 264 4761 paritum
282 4698 313 4748 ll.
346 4721 376 4733 -
411 4698 542 4748 arbitrari
560 4699 606 4748 M:
626 4698 778 4748 arbitrabar
796 4697 825 4746 11.
850 4721 878 4732 -
919 4696 962 4746 19.
983 4703 1007 4744 te
1025 4701 1053 4743 ut
1073 4719 1083 4730 -
1100 4721 1110 4730 ·
1128 4695 1242 4757 atlepato
1261 4695 1283 4743 1.
1303 4694 1346 4742 Fr.
1367 4692 1469 4744 Grono-

152 4770 229 4819 vius:
255 4775 279 4817 at
297 4773 327 4817 ut
344 4792 355 4803 ·
373 4794 383 4805 ·
402 4768 488 4832 leqato
506 4769 566 4817 ltili.
591 4792 621 4803 -
640 4768 683 4817 28.
696 4767 806 4817 ltaliam
821 4766 859 4816 Μ.
875 4789 905 4801 -
925 4765 969 4814 19.
989 4764 1152 4814 arbitrantur
1164 4765 1202 4814 M.
1218 4789 1247 4800 -
1265 4765 1313 4812 10.
1330 4763 1470 4814 Priunianr

151 4839 205 4888 del.
230 4838 378 4888 Ernestias.
397 4861 427 4872 -
464 4845 525 4887 ante
552 4846 576 4888 te
604 4837 802 4903 Wopkensiua:
833 4842 896 4886 ante
920 4834 979 4886 hill.
1007 4859 1040 4869 -
1075 4835 1119 4885 11.
1140 4829 1305 4899 oppresserit]
1331 4836 1416 4896 operte
1435 4835 1470 4884 rit

151 4908 194 4960 hl·
216 4934 244 4944 -
281 4908 380 4957 saidam
398 4907 443 4959 111
461 4909 587 4958 aridulam
605 4906 635 4959 11.
