3256 5400
516 253 590 316 ΠΒ.
611 254 636 316 1.
678 253 737 316 ΕΡ.
761 255 789 316 1.
833 254 865 319 C.
890 255 940 319 14.
964 256 1012 319 15.
1037 257 1084 320 to.
1399 261 1462 326 317

143 420 248 474 autem
269 404 421 494 improbi,
444 407 529 493 quod
550 429 621 474 cum
647 408 695 474 bis
716 409 832 475 bellum
853 415 1077 496 sempiternum
1099 412 1310 499 suscepimus,
1333 417 1381 482 vel
1402 418 1462 484 mi·

142 505 226 568 nima
248 522 284 566 re
305 499 344 565 ad
365 501 656 586 reprehendendum
686 503 911 568 contentiosae
932 503 1104 572 videantur.
1161 512 1213 572 ta.
1236 512 1360 586 Quare,
1382 533 1461 597 quo-

143 599 223 662 niam
247 594 400 661 eiusmodi
427 594 581 661 theatrum
602 617 636 660 es
658 598 801 672 sortitus,
823 597 1004 663 celebritate
1031 599 1286 678 refertissimum,
1309 607 1461 689 magnitu-

142 693 214 757 dino
236 689 475 775 amplissimum,
497 689 614 754 indicio
636 690 895 766 eruditissimum,
916 701 1027 757 natura
1048 703 1150 758 autem
1172 695 1216 760 ita
1238 717 1403 773 resonans,
1423 709 1460 765 ut

143 806 241 871 usque
261 787 392 849 Romam
414 782 652 867 significationes
667 805 822 871 vocesque
838 785 1031 861 referantur,
1054 788 1207 854 contende
1229 812 1346 876 quaeso
1367 802 1483 880 atque»

142 878 284 950 elabora,
308 896 370 941 non
392 877 486 941 modo
508 886 543 941 ut
564 876 612 941 bis
633 874 730 943 rebus
750 877 863 963 dignus
884 879 998 953 luisse,
1031 880 1087 946 sed
1108 882 1257 964 etiam-ut
1279 885 1331 949 illa
1354 888 1458 952 omnia

141 973 204 1037 tuis
226 970 344 1036 artibus
366 991 530 1055 superasse
552 970 688 1035 videare.

226 1069 293 1130 XV.
320 1068 371 1128 t3.
400 1069 439 1128 Et
467 1063 614 1149 quoniam
642 1064 718 1130 mibi
739 1084 829 1130 casus
852 1064 1002 1132 urbanam
1025 1071 1056 1131 in
1078 1068 1309 1152 magistratibus
1330 1071 1461 1138 admini-

142 1160 321 1223 strationem
344 1156 569 1243 reipublicae,
607 1157 663 1223 tibi
694 1159 916 1243 provincialem
948 1159 1052 1236 dedit;
1088 1162 1115 1225 si
1142 1183 1211 1225 mea
1241 1183 1313 1247 pars
1343 1167 1459 1232 nemini

141 1251 236 1325 cedit,
267 1249 334 1323 lac,
370 1260 405 1315 ut
434 1260 485 1315 tua
512 1259 633 1316 ceteros
661 1253 773 1317 vincat.
830 1253 927 1318 Simul
949 1263 981 1319 et
1000 1254 1077 1319 illud
1098 1255 1219 1340 cogita,
1256 1278 1313 1322 nos
1336 1280 1398 1322 non
1420 1260 1459 1326 de
1472 1279 1497 1319 ιο

142 1346 261 1433 reliqua
283 1353 314 1408 et
335 1355 457 1430 sperata
479 1345 579 1429 gloria
601 1345 663 1409 iam
684 1344 829 1410 laborare
850 1346 905 1412 sed
926 1346 966 1412 de
987 1358 1074 1434 parta
1096 1347 1264 1424 dimicare;
1287 1371 1367 1435 quae
1389 1354 1459 1438 qui·

141 1441 212 1506 dem
235 1462 298 1506 non
320 1449 381 1503 tam
404 1438 576 1523 expetenda
593 1437 683 1504 nobis
703 1438 777 1514 buit,
800 1462 893 1527 quam
908 1441 1020 1506 tuenda
1042 1454 1098 1507 est.
1140 1448 1203 1513 Ac,
1226 1442 1252 1506 si
1274 1444 1349 1508 mibi
1371 1446 1461 1531 quid·

141 1557 233 1620 quam
256 1541 338 1598 esset
358 1531 413 1597 abs
436 1542 466 1596 te
487 1541 681 1618 separatum,
710 1532 786 1597 nibil
807 1534 940 1620 amplius
968 1534 1179 1600 desiderarem
1201 1535 1261 1600 boc
1282 1548 1382 1611 statu,
1404 1539 1459 1626 qui

142 1628 216 1692 mibi
237 1627 299 1691 iam
321 1635 427 1711 partus
449 1636 505 1690 est.
547 1631 634 1691 Nunc
655 1647 732 1691 vero
753 1627 799 1691 sic
819 1647 871 1692 res
893 1648 961 1693 sese
983 1627 1095 1703 habet,
1124 1640 1174 1702 ut,
1197 1629 1258 1695 nisi
1278 1631 1382 1696 omnia
1406 1642 1457 1696 tua

141 1721 220 1786 iacta
252 1728 345 1805 atque
374 1718 455 1784 dicta
480 1720 595 1785 nostris
623 1719 718 1785 rebus
740 1719 830 1785 istinc
854 1721 1076 1808 respondeant,
1113 1743 1173 1807 ego
1194 1744 1244 1787 me
1267 1725 1358 1790 tantis
1379 1727 1457 1791 meis
1470 1748 1496 1786 is

142 1813 301 1879 laboribus
324 1813 476 1899 tantisque
497 1813 663 1896 periculis,
697 1833 832 1898 quorum
853 1823 888 1879 tu
910 1820 1049 1880 omnium
1071 1817 1225 1902 particeps
1248 1815 1348 1892 luisti,
1381 1819 1456 1884 nihil

141 1916 341 1973 consecutum
369 1917 486 1993 putem.
539 1907 676 1984 Quodsi,
708 1917 743 1973 ut
770 1908 994 1994 amplissimum
1026 1930 1141 1975 nomeu
1173 1931 1455 1998 consequeremur,

142 2023 221 2067 unus
244 2012 368 2087 praeter
396 2010 517 2065 ceteros
544 1997 704 2074 adiuvisti,
741 2010 826 2065 certe
847 2001 949 2075 idem,
984 2011 1019 2067 ut
1041 2003 1073 2067 id
1093 2004 1297 2079 retineamus,
1332 2017 1457 2091 praeter

141 2104 263 2160 ceteros
285 2093 471 2159 elaborabis.
526 2098 594 2159 Non
622 2102 669 2158 est
698 2092 755 2159 tibi
784 2093 832 2159 bis
853 2095 929 2160 solis
949 2096 1098 2161 utendum
1121 2097 1400 2165 existimationibus
1421 2120 1457 2165 ac

142 2187 277 2260 iudiciis,
300 2192 353 2273 qui
375 2209 457 2253 nunc
477 2196 567 2261 suut,
589 2186 765 2261 bominum,
788 2187 844 2253 sed
864 2189 904 2254 iis
925 2189 1035 2265 etiam,
1057 2191 1112 2277 qui
1130 2190 1227 2256 futuri
1242 2201 1326 2258 sunt:
1349 2209 1493 2279 quam-ao

141 2303 233 2369 qnam
256 2282 382 2347 illorum
404 2281 463 2346 erit
486 2281 589 2345 verius
610 2279 775 2354 iudicium,
805 2280 1030 2349 obtrectatione
1052 2296 1084 2349 et
1104 2282 1320 2351 malevolentia
1341 2287 1456 2353 libera·

142 2387 217 2442 tum.
273 2379 326 2441 tt.
347 2375 489 2460 Denique
510 2373 587 2439 illud
608 2373 701 2438 etiam
723 2372 819 2439 debes
840 2377 995 2460 cogitare,
1028 2399 1091 2442 nou
1112 2387 1142 2442 te
1165 2376 1222 2442 tibi
1244 2379 1303 2444 soli
1324 2381 1456 2464 gloriam

141 2491 309 2558 quaerere;
331 2466 416 2555 quod
438 2468 463 2533 si
485 2477 582 2542 esset,
610 2476 798 2532 tamennon
818 2469 1010 2554 negligeres,
1033 2471 1218 2557 praesertim
1239 2492 1309 2537 cnm
1331 2474 1457 2559 amplis-

141 2565 227 2629 simis
261 2561 469 2628 monumentis
501 2580 686 2626 consecrare
713 2560 865 2627 voluisses
887 2564 1070 2628 memoriam
1093 2563 1226 2629 nominis
1247 2571 1310 2642 tui;
1343 2566 1397 2631 sed
1419 2588 1456 2631 ea

141 2656 198 2721 tibi
220 2666 267 2721 est
288 2654 544 2721 communicanda
566 2676 704 2730 mecum,
727 2655 887 2742 prodenda
908 2655 1014 2721 liberis
1036 2657 1161 2720 nostris.
1203 2662 1238 2721 ln
1260 2680 1323 2744 quo
1345 2676 1493 2724 caven-ai

141 2751 215 2816 dum
237 2758 297 2824 est,
334 2769 388 2822 ne,
421 2748 447 2812 si
469 2748 675 2833 negligentior
696 2749 812 2824 lucris,
845 2769 908 2816 non
930 2749 1031 2815 solum
1053 2747 1109 2813 tibi
1132 2769 1242 2834 parum
1264 2751 1456 2817 consuluisse

141 2843 310 2910 sedetiam
332 2842 393 2907 tuis
413 2841 562 2907 invidisse
584 2842 729 2906 videaris.

224 2943 306 3004 XVI.
335 2941 387 3001 15.
417 2940 519 3022 Atque
540 2935 616 2999 haec
643 2955 706 3000 non
728 2955 767 3001 eo
790 2934 949 3009 dicuntur,
977 2944 1011 3000 nt
1033 2944 1062 3000 te
1084 2940 1185 3001 oratio
1207 2957 1276 3004 mea
1298 2937 1456 3003 dormien-

142 3041 203 3097 tem
224 3031 390 3102 excitassc,
423 3029 478 3093 sed
499 3029 603 3115 potius
623 3038 658 3094 ut
679 3039 856 3094 currentem
883 3029 1027 3094 incitasse
1049 3029 1202 3096 videatur.
1244 3031 1350 3097 Facies
1372 3031 1455 3096 euim

141 3134 313 3213 perpetuo,
337 3144 417 3210 quae
439 3123 555 3198 iecisti,
577 3132 612 3188 ut
633 3144 742 3189 omnes
763 3124 951 3210 aequitatem
973 3133 1073 3198 tuam,
1095 3126 1345 3210 temperantiam,
1368 3144 1492 3191 seve-u¹

142 3220 264 3285 ritatem
295 3217 565 3303 integritatemque
594 3215 765 3281 laudarent.
809 3215 870 3280 Sed
891 3237 942 3280 me
963 3217 1114 3302 quaedam
1136 3227 1220 3284 tenet
1240 3229 1371 3305 propter
1392 3218 1455 3284 sin-

141 3313 282 3397 gularem
303 3331 442 3376 amorem
464 3308 582 3374 infinita
603 3310 635 3374 in
656 3320 686 3375 te
706 3308 837 3375 aviditas
870 3309 1006 3393 gloriae;
1043 3331 1229 3397 quamquam
1250 3311 1328 3377 illud
1350 3311 1456 3377 existi·

140 3428 213 3482 mo,
235 3427 307 3471 cum
327 3405 390 3470 iam
411 3403 469 3469 tibi
489 3405 576 3477 Asia,
604 3403 684 3469 sicut
703 3402 758 3467 uni
779 3403 892 3488 cuique
913 3424 969 3468 sua
990 3404 1119 3480 domus,
1143 3414 1217 3471 nota
1237 3425 1306 3470 esse
1328 3405 1454 3479 debeat,

141 3521 212 3566 cum
244 3500 283 3565 ad
312 3509 396 3565 tuam
424 3518 577 3563 summam
605 3495 801 3582 prudentiam
827 3505 929 3562 tantus
957 3518 1033 3562 usus
1057 3500 1236 3573 accesserit,
1271 3498 1348 3564 nibil
1370 3520 1454 3571 esse,

141 3594 226 3681 quod
254 3593 293 3659 ad
319 3592 443 3658 laudem
469 3591 611 3664 attineat,
644 3589 729 3677 quod
760 3610 823 3654 non
852 3599 886 3654 tu
913 3590 1029 3677 optime
1056 3591 1226 3677 perspicias
1254 3601 1285 3657 et
1312 3591 1369 3657 tibi
1392 3609 1492 3658 none*

141 3689 208 3753 sine
235 3687 418 3773 cuiusquam
442 3685 616 3750 hortatione
642 3684 675 3748 in
696 3691 831 3747 mentem
857 3683 961 3749 veniat
981 3684 1129 3770 quotidie.
1187 3684 1248 3750 Sed
1270 3705 1347 3770 ego,
1379 3686 1454 3771 qui,

141 3802 212 3845 cum
233 3791 287 3845 tua
307 3781 392 3864 lego,
415 3789 445 3843 te
466 3777 591 3852 audire,
613 3785 644 3842 et
665 3776 733 3863 qui,
756 3798 827 3841 cum
848 3776 887 3841 ad
908 3787 939 3841 te
960 3777 1081 3852 scribo,
1103 3787 1205 3843 tecum
1220 3779 1306 3865 loqui
1322 3778 1454 3854 videor,

143 3873 259 3938 idcirco
288 3883 319 3938 et
346 3882 398 3937 tua
428 3872 608 3956 longissima
635 3891 758 3956 quaque
789 3870 919 3957 epistola
947 3871 1081 3935 maxime
1109 3871 1246 3938 delector
1275 3882 1306 3937 et
1334 3871 1455 3958 ipsein

142 3965 307 4032 scribendo
329 3987 397 4031 sum
420 3986 512 4050 saepe
533 3964 665 4049 longior.
713 3968 765 4029 16.
787 3963 866 4028 lllud
887 3973 918 4029 te
939 3964 978 4030 ad
1000 3974 1173 4031 extremum
1196 3974 1228 4030 et
1248 3986 1308 4032 nro
1330 3975 1361 4031 et
1381 3966 1456 4032 bor-

212 4189 238 4237 1.
265 4187 304 4234 bis
331 4186 359 4234 1:
387 4187 420 4233 tis
448 4183 530 4233 111111.
557 4205 588 4217 -
613 4183 796 4245 sempiternum
821 4183 976 4244 suscepimus
1005 4182 1073 4233 MR:
1104 4187 1259 4247 suscepimus
1275 4187 1457 4248 sempitemum

144 4257 187 4307 tn.
219 4280 250 4292 -
286 4256 313 4305 3.
332 4255 456 4305 eiusmodi
474 4255 603 4303 theutrum
621 4265 647 4302 es
664 4254 773 4302 sortitus
791 4251 924 4302 Orellius:
955 4254 1079 4302 clusinum
1098 4255 1226 4303 stannum
1252 4262 1289 4305 est
1310 4257 1390 4305 totius
1407 4257 1456 4318 M,

142 4328 265 4376 eiusmodi
282 4333 319 4375 est
336 4327 467 4374 theutrum
485 4324 564 4373 totius
581 4323 657 4371 Artos
676 4322 742 4371 11111.
764 4345 794 4356 -
813 4322 839 4372 3.
859 4324 881 4371 ss'
900 4321 1066 4385 Mataspina:
1085 4327 1150 4373 etsi
1168 4324 1265 4374 1111111.
1286 4351 1316 4361 -
1337 4326 1381 4375 13.
1400 4324 1456 4389 obs]

142 4411 160 4447 u
179 4398 209 4446 n.
225 4422 256 4431 —
292 4395 465 4457 sperarunt.
487 4416 517 4427 -
555 4391 597 4441 tt.
617 4395 653 4441 stc
670 4405 711 4442 res
729 4390 799 4440 Mu:
825 4405 865 4440 res
882 4394 918 4440 sic
936 4392 980 4443 111.
1003 4418 1031 4428 -
1070 4395 1112 4443 15.
1132 4396 1215 4444 tontis
1231 4395 1294 4444 meu
1312 4395 1377 4446 tin:
1396 4398 1459 4445 meis

143 4468 226 4516 tontis
244 4466 289 4518 tlt.
311 4489 338 4500 -
360 4465 402 4513 17.
423 4469 583 4512 consecutum
598 4459 698 4524 putam]
717 4468 879 4510 comecutum
898 4458 963 4524 (om.
981 4461 1080 4525 putem)
1100 4463 1145 4522 n,
1165 4472 1324 4514 consecutum
1341 4473 1407 4527 puto
1425 4467 1456 4515 u.

142 4536 230 4585 Possis
249 4541 592 4607 etconsecptumcensoom.
613 4531 663 4581 On.
691 4557 719 4568 -
758 4532 955 4581 1111111.-
992 4533 1034 4581 20.
1055 4534 1134 4584 bist.
1167 4558 1197 4568 -
1235 4535 1278 4584 25.
1298 4541 1333 4583 est
1352 4534 1456 4593 111111,

143 4608 189 4656 1111
207 4619 257 4655 esse
276 4606 297 4654 l.
322 4628 355 4641 -
390 4617 441 4667 quo
461 4601 646 4652 Fasciotatue:
666 4600 831 4665 quubtltllt.
860 4624 890 4635 -
933 4601 977 4651 111.
997 4603 1222 4654 uousotumom.
1241 4604 1301 4654 MR.
1340 4604 1457 4654 Videsd

143 4677 261 4727 Oratoris
288 4671 316 4736 ὕ.
337 4675 398 4723 217.
436 4673 484 4723 lid.
513 4673 578 4722 min.
608 4695 638 4706 -
674 4671 717 4720 27.
739 4673 790 4720 tuis
812 4672 891 4720 etium
911 4672 932 4719 1.
962 4695 992 4706 -
1029 4673 1072 4722 31.
1093 4674 1232 4724 laudarent
1248 4672 1331 4724 bllll:
1352 4673 1458 4723 laudent

143 4746 173 4796 n.
198 4770 224 4781 -
262 4745 306 4795 31.
336 4756 451 4794 umorem
473 4745 502 4792 iu
526 4749 551 4791 to
567 4742 673 4805 infinito
698 4740 820 4790 Uretnue.
846 4764 877 4773 —
923 4740 967 4791 33.
987 4744 1062 4791 sicuti
1080 4744 1111 4792 n.
1138 4767 1168 4778 -
1213 4742 1256 4791 36.
1276 4743 1458 4793 mancatione

143 4817 236 4866 M.-
273 4814 318 4867 31.
356 4821 380 4866 st
412 4816 474 4878 quta
507 4811 702 4863 cunam·
749 4809 985 4861 88.tdeol.-
1021 4811 1065 4863 311.
1095 4811 1351 4875 sumsnspsbttt:
1381 4825 1458 4876 susm

142 4901 199 4937 sum
217 4885 261 4936 lli.
