3256 5400
184 210 227 274 dd
614 208 891 279 uttstotsstttt
912 215 965 278 stt
985 215 1078 283 sats.
1113 285 1118 295 ,

184 371 291 440 omniu
317 371 351 438 in
381 370 558 459 expetenda
585 372 720 437 amicitia
751 381 804 436 tua
832 392 896 436 non
917 371 1030 436 astutia
1051 372 1185 459 quadam
1206 375 1262 442 sed
1283 377 1388 465 aliqua
1408 380 1514 466 potius

184 467 337 555 sapientia
364 476 489 532 secutus
514 486 595 531 sum.
639 465 749 544 Quidt
781 465 835 530 illa
855 465 994 538 vincula,
1023 467 1138 554 quibus
1159 469 1287 556 quidem
1308 471 1515 542 libentissime

183 561 378 647 edati-ingor,
414 567 530 647 quanta
551 562 636 625 suntl
674 560 853 626 studiorum
881 560 1071 636 similitudo,
1104 564 1241 631 suavitas
1262 569 1513 645 consuetudinis,

183 656 349 724 delectatio
371 655 453 721 vitae
468 663 561 742 atque
576 655 699 730 victus,
721 652 876 719 sermonis
891 654 1041 729 societas,
1063 655 1184 722 litterae
1199 659 1378 727 interiores.
1411 672 1514 750 Atque

159 750 261 817 sbuec
282 749 462 815 domestica.
506 746 591 826 Quid
612 748 666 813 illa
687 747 812 813 tandem
833 749 1020 834 poputariat
1042 750 1163 816 reditus
1177 751 1307 818 illustris
1322 755 1356 820 in
1369 757 1513 841 gratiam,

183 845 217 911 in
238 865 302 932 quo
323 864 364 908 ne
391 862 450 928 per
471 841 714 927 imprudentiam
741 841 869 930 quidem
891 843 992 907 errari
1019 852 1124 928 potest
1150 844 1218 910 sine
1238 848 1420 933 suspicione
1440 872 1513 938 per·

183 937 296 1016 lidiae3
318 935 503 1022 amplissimi
524 934 693 1001 sacerdotii
715 935 896 1021 collegium,
919 936 952 1000 in
973 958 1038 1023 quo
1061 958 1124 1003 non
1138 938 1234 1005 modo
1256 941 1423 1008 amicitiam
1445 945 1512 1010 vio·

181 1032 241 1098 lari
261 1029 345 1118 apud
366 1030 503 1095 maiores
529 1039 655 1095 nostros
675 1030 723 1095 fas
745 1051 809 1095 uon
837 1039 921 1104 erat,
959 1030 1015 1095 sed
1036 1052 1076 1095 ne
1097 1033 1239 1118 cooptari
1259 1035 1388 1121 quidem
1410 1059 1514 1105 sacen

181 1124 289 1192 dotem
316 1123 445 1199 licebat,
481 1123 536 1210 qui
558 1124 705 1211 cuiquam
734 1145 776 1189 ex
804 1123 939 1209 collegio
968 1134 1051 1189 esset
1077 1125 1233 1192 inimicus.
1292 1133 1342 1195 to.
1366 1134 1456 1208 Quae
1477 1143 1513 1200 ut

145 1243 171 1285 ss
180 1219 324 1285 omittam
344 1225 409 1282 tam
428 1217 526 1283 multa
547 1226 641 1304 atquc
662 1226 760 1291 unm,
797 1217 868 1304 quis
890 1239 1030 1305 unquam
1052 1218 1129 1283 tenti
1150 1240 1342 1307 quemquam
1362 1223 1437 1291 lecit
1458 1239 1512 1294 aut

179 1311 285 1378 lacere
306 1312 409 1398 potuit
428 1322 483 1377 aut
504 1309 629 1386 debuit,
652 1310 761 1397 quanti
782 1331 842 1395 ego
858 1314 913 1376 Cn.
927 1312 1129 1399 Pompeium,
1152 1333 1299 1380 socerum
1322 1327 1394 1383 tuae
1409 1319 1510 1388 liliaet

180 1407 302 1473 Etenim
325 1406 351 1472 si
373 1406 483 1471 menta
505 1404 622 1470 valent:
660 1403 807 1490 patriam,
837 1403 973 1480 liberos,
1003 1406 1151 1480 salutem,
1173 1406 1371 1492 dignitatem,
1395 1428 1510 1484 memet

179 1500 283 1586 ipsum
306 1500 382 1565 mibi
403 1498 570 1586 perillum
592 1499 773 1564 restitutum
794 1508 886 1584 puto;
909 1498 935 1563 si
957 1499 1191 1565 consuetudinis
1212 1499 1405 1572 iucunditas:
1427 1530 1510 1596 quae

179 1593 239 1662 luit
259 1615 397 1682 unquam
426 1591 559 1658 amicitia
586 1592 800 1657 consularium
821 1592 855 1657 in
877 1602 983 1657 nostra
1005 1592 1129 1661 civitate
1155 1595 1374 1664 coniunctior?
1410 1602 1437 1667 si
1458 1603 1509 1669 illa

142 1690 297 1756 ssamoris
318 1697 413 1776 atquo
433 1685 526 1752 officii
548 1685 649 1770 signa:
683 1685 761 1773 quid
783 1684 859 1750 mibi
880 1685 935 1750 illc
956 1707 1020 1753 non
1040 1687 1223 1754 commisitt
1258 1690 1335 1776 quid
1357 1714 1423 1759 non
1443 1718 1510 1762 me·

178 1802 252 1851 amm
272 1780 532 1848 communicavit?
555 1779 631 1866 quid
653 1780 693 1845 de
713 1801 750 1845 se
771 1780 803 1844 in
824 1788 953 1855 senatu,
975 1779 1135 1866 cumipse
1158 1780 1297 1860 abesset,
1318 1806 1379 1871 per
1400 1810 1510 1876 quesn·

177 1898 273 1966 qnam
294 1876 345 1962 agi
367 1875 497 1941 maluitt
519 1872 635 1960 quibus
655 1874 708 1939 ille
732 1895 784 1939 me
805 1873 903 1939 rebus
925 1894 988 1939 non
1004 1874 1239 1942 ornatissimum
1261 1878 1362 1945 voluit
1382 1883 1509 1969 amplis·

177 1970 279 2038 simet
301 1990 363 2057 qua
384 1967 521 2056 denique
541 1968 594 2032 ille
609 1967 770 2042 facilitate,
793 1989 857 2055 qua
873 1967 1062 2034 humanitate
1076 1968 1147 2035 tulit
1160 1972 1393 2040 contentionem
1405 1997 1507 2044 meam

177 2084 237 2152 pro
255 2064 387 2138 Milone,
414 2062 632 2127 adversantem
652 2061 811 2127 interdum
832 2059 1005 2127 actionibus
1026 2062 1111 2128 suist
1139 2084 1204 2150 quo
1225 2065 1330 2131 studio
1352 2070 1506 2154 providit,

138 2177 217 2225 asne
238 2179 321 2246 quac
345 2178 397 2222 mc
428 2155 512 2221 illius
540 2157 691 2241 temporis
718 2155 834 2221 invidia
860 2155 1046 2240 attingeret,
1080 2176 1153 2222 cum
1174 2178 1225 2222 me
1247 2161 1396 2238 consilio,
1433 2185 1507 2230 curn

176 2253 375 2325 auctoritate,
408 2258 480 2316 cum
502 2249 598 2314 armis
619 2248 757 2337 denique
777 2250 857 2317 texit
891 2249 978 2315 suist
1014 2248 1140 2329 Quibus
1160 2251 1288 2338 quidem
1309 2256 1506 2342 temporibus

176 2346 254 2412 bscc
274 2347 306 2411 in
327 2367 367 2410 eo
389 2344 541 2431 gravitas,
564 2342 641 2408 baec
661 2342 757 2408 animi
778 2342 910 2409 altitudo
931 2343 1005 2419 tuis,
1028 2364 1092 2409 non
1107 2345 1203 2410 modo
1226 2355 1261 2411 ut
1275 2347 1391 2436 Phrygi
1412 2350 1504 2417 alicssi

176 2450 232 2507 aut
253 2439 404 2530 Lycaoni,
428 2435 515 2525 quod
536 2444 571 2502 tu
593 2437 625 2501 iu
646 2437 757 2523 legatis
770 2436 888 2513 fecisti,
910 2437 967 2503 sed
989 2459 1028 2503 ne
1043 2458 1240 2505 summorum
1258 2440 1387 2526 quidem
1403 2443 1505 2510 bomi-

175 2557 252 2602 num
279 2531 441 2613 malevolis
470 2530 510 2594 de
527 2550 577 2594 me
599 2529 798 2596 sermonibus
819 2531 973 2597 crederet.
1027 2530 1129 2597 liuius
1152 2533 1248 2617 igitur
1268 2533 1351 2600 lilius
1371 2557 1444 2602 cum
1465 2538 1505 2604 sit

88 2622 91 2627 ’
136 2645 273 2716 “gener
293 2638 367 2695 tuus
387 2643 523 2711 cumque
544 2633 671 2709 praeter
691 2623 771 2689 bunc
792 2624 1045 2690 coniunctionem
1066 2623 1244 2702 affinitatis,
1266 2649 1362 2715 quam
1383 2629 1426 2695 sis
1448 2634 1503 2697 Cn.

174 2723 327 2810 Pompeio
347 2739 440 2786 carus
461 2737 621 2804 quamque
642 2717 815 2792 iucundus,
836 2717 1024 2803 intelligam:
1059 2738 1124 2805 quo
1145 2720 1271 2786 tandem
1292 2722 1397 2788 animo
1418 2723 1451 2789 in
1473 2733 1504 2790 tc

174 2836 244 2882 esse
266 2814 393 2881 debeot
414 2833 487 2878 cum
508 2811 694 2897 praesertim
716 2832 769 2875 eas
791 2811 831 2876 ad
853 2832 903 2876 mc
917 2811 946 2877 is
959 2811 1079 2877 litteras
1093 2811 1231 2888 miserit,
1254 2815 1386 2902 quibus,
1408 2818 1504 2885 etiam

174 2910 201 2976 si
223 2909 297 2985 tibi,
319 2908 371 2974 cui
392 2928 462 2972 sum
484 2904 705 2978 amicissimus,
729 2903 827 2971 bostis
849 2926 969 2980 essem,
991 2905 1134 2991 placarer
1147 2915 1250 2973 umen
1272 2917 1436 2998 totumque
1451 2934 1502 2979 me

173 3003 214 3070 ad
228 3004 299 3069 eius
312 3002 374 3069 viri
391 3000 432 3067 ita
448 3000 488 3065 de
507 3018 556 3062 me
575 2997 680 3064 meriti
694 2998 889 3064 voluntatem
903 3006 1079 3086 nutumque
1092 3012 1323 3069 converterem.
1367 3008 1417 3071 11.
1439 3006 1503 3072 Sed

137 3096 251 3163 sabaeo
271 3096 437 3172 bactenus;
480 3089 624 3180 pluribus
645 3091 730 3157 euim
751 3091 845 3158 etiarn
865 3091 999 3158 lormsse
1020 3092 1146 3169 verbis,
1167 3115 1262 3181 garam
1283 3118 1412 3165 necesse
1431 3099 1501 3175 fuir,

173 3191 289 3277 scripta
317 3197 399 3255 sunt.
455 3191 544 3253 Nunc
569 3206 627 3262 ea,
660 3206 743 3273 quae
769 3207 789 3251 a
820 3206 873 3253 me
904 3185 1043 3272 perlecta
1076 3208 1222 3275 quaeque
1254 3189 1394 3258 instituta
1423 3194 1500 3268 siut,

175 3304 194 3350 c
258 3304 332 3350 osce
334 3313 1501 3348 ······················

173 3306 275 3465 Apppe
297 3377 374 3442 baec
405 3373 527 3461 agimus
549 3384 580 3439 ct
600 3392 731 3458 agemus
757 3373 857 3459 magis
887 3393 948 3460 pro
977 3374 1126 3460 dignitate
1148 3397 1244 3463 quam
1270 3397 1331 3464 pro
1356 3379 1500 3466 perimslo

172 3481 239 3536 tuo.
282 3476 326 3536 Te
348 3469 448 3542 enim,
482 3476 518 3533 ut
539 3487 655 3554 spero,
686 3467 873 3554 propediem
894 3488 1059 3534 censorem
1079 3469 1262 3537 audiemus:
1290 3472 1381 3538 ouius
1402 3473 1501 3559 magi·

134 3572 288 3630 asstrutus
309 3563 428 3637 officia,
458 3582 540 3649 quae
561 3571 633 3626 sunt
654 3560 784 3626 maximi
804 3560 901 3627 animi
922 3561 1100 3648 summique
1121 3563 1261 3641 consilii,
1290 3564 1347 3631 tibi
1368 3566 1502 3652 diligen·

172 3656 233 3725 tius
247 3668 278 3724 et
293 3656 467 3723 accuratius
486 3676 580 3743 quam
594 3654 681 3729 baec,
695 3674 777 3741 quaa
790 3675 849 3720 nos
860 3653 901 3720 dc
913 3665 944 3721 te
960 3655 1098 3742 agisnus,
1112 3657 1277 3743 cogitanda
1291 3679 1361 3725 esse
1372 3680 1499 3727 censeo.

648 3792 1018 3881 nouum)

339 3920 483 3985 crosso
505 3921 565 3984 ar.
586 3916 784 3991 rotomo,
806 3919 856 3981 ur
878 3910 1027 3994 senso:
1045 3921 1214 3989 censoru
1235 3908 1326 3989 sn.

257 4035 286 4098 1.
308 4036 387 4098 Cum
407 4052 509 4096 essem
530 4031 564 4095 in
590 4027 701 4094 castris
727 4025 768 4093 ad
794 4025 924 4093 lluvium
950 4030 1119 4116 Pyramum
1146 4032 1289 4099 redditae
1324 4034 1402 4100 mibi
1424 4047 1497 4103 sunt

133 4146 237 4192 nuno
255 4135 398 4212 tempore
416 4147 434 4190 a
460 4136 490 4192 tc
506 4122 656 4211 epistolae
678 4121 776 4196 duae,
797 4141 876 4207 quus
890 4118 931 4185 ad
951 4142 1003 4187 me
1016 4127 1055 4201 Q.
1072 4126 1224 4192 Servilius
1241 4133 1339 4194 Tarso
1358 4129 1495 4197 miserat
1601 4165 1606 4175 ·

169 4222 287 4286 Earum
308 4219 340 4284 in
361 4220 458 4285 altera
480 4217 548 4283 dies
570 4226 639 4282 erat
659 4215 816 4302 adscripta
836 4219 997 4281 Nonarum
1019 4218 1193 4304 Aprilium3
1221 4221 1253 4285 iu
1273 4222 1390 4297 altera,
1412 4244 1495 4310 quae

168 4311 247 4378 mibi
275 4313 433 4378 recentior
465 4310 645 4384 videbatur,
681 4308 748 4374 dies
770 4329 833 4374 non
862 4318 941 4375 erat.
984 4311 1191 4398 Respondebo
1216 4315 1313 4399 igitur
1333 4318 1493 4403 superiori

167 4405 274 4494 prius,
307 4406 340 4471 in
367 4427 429 4494 qua
456 4404 565 4472 scribis
594 4402 634 4469 ad
661 4399 780 4468 mede
810 4401 1007 4468 absolutione
1037 4405 1215 4474 maiestatis.
1271 4415 1319 4474 De
1348 4432 1412 4497 qua
1433 4413 1493 4478 etsi

236 4589 265 4640 a,
282 4602 328 4639 m
346 4590 436 4651 aptast
455 4587 494 4640 11.
515 4610 546 4622 -
584 4586 627 4637 1³.
647 4587 799 4636 restitutum
816 4583 854 4636 bl.
873 4608 905 4621 -
925 4587 968 4636 17.
987 4595 1111 4639 matoes
1130 4589 1287 4643 Cratander.
1320 4595 1393 4643 Fort.
1413 4608 1492 4645 ornn-

167 4664 298 4710 Μαι.
312 4658 363 4710 Oa.
385 4682 415 4694 -
453 4658 696 4708 illuminantem
719 4655 764 4708 bl:
792 4655 947 4705 oduntem
966 4656 997 4707 tt.
1033 4659 1106 4708 Fert.
1133 4662 1355 4713 adversantem.
1375 4663 1426 4715 Oa.
1459 4686 1490 4701 -·

165 4726 229 4793 quo]
257 4730 327 4794 quod
344 4727 383 4780 bl.
418 4753 445 4764 -
484 4729 527 4778 20.
547 4741 604 4777 cum
622 4727 780 4776 auctorltnts
797 4724 840 4777 bla
872 4730 1103 4780 transactorum
1120 4730 1151 4779 ll.
1182 4756 1211 4768 -
1249 4733 1293 4782 26.
1312 4734 1491 4798 intellegebam

166 4796 205 4850 Ι,
239 4820 269 4833 -
306 4800 349 4850 ³1.
369 4812 435 4862 puna
454 4812 494 4848 ms
511 4799 630 4861 prossus
648 4796 686 4848 11.
714 4820 742 4833 -
773 4795 827 4845 strat
846 4793 891 4846 blt
909 4803 970 4845 sont
990 4797 1019 4847 ll.
1050 4824 1080 4837 -
1117 4799 1161 4850 ³2.
1181 4799 1324 4865 cognosce]
1338 4803 1401 4853 Post
1419 4805 1491 4855 banc

166 4880 262 4921 socam
280 4882 334 4919 non
354 4881 440 4932 pauca
458 4869 656 4920 desiderantur.
677 4890 709 4905 -
743 4864 787 4916 lt).
807 4860 853 4927 Q·]
870 4877 919 4928 Μ
935 4863 973 4915 Ι·
1006 4890 1036 4902 -
1054 4869 1098 4920 ⁴1·
1120 4870 1193 4920 l'ort.
1211 4872 1369 4935 malm·
1390 4874 1471 4925 Bm·
