3256 5400
619 244 893 308 mrsromntm
914 243 966 306 ao
988 243 1080 306 aaut

642 405 730 466 suc
773 403 823 479 (l.
850 405 882 466 u.
905 405 937 466 c.
959 402 1046 482 ui.)

389 522 426 581 u.
448 519 595 580 saurus
617 514 696 579 rna.
720 512 804 579 cos.
826 513 912 579 aas
935 517 966 579 s.
989 512 1025 578 a.
1047 514 1088 579 n.
1110 513 1304 580 crunnom.

277 634 304 705 i.
326 644 391 704 iam
412 657 476 701 non
497 635 564 721 ago'
580 632 636 699 tibi
658 639 789 720 gratias;
811 620 862 700 cui
884 634 968 700 enim
989 655 1025 700 re
1046 633 1101 699 vix
1123 626 1245 700 reierre
1266 655 1413 720 possum,
1436 626 1510 702 huic

191 731 295 802 verbis
325 752 388 796 non
418 729 534 816 patitur
563 750 614 793 res
635 727 789 794 satisfieri.
841 727 1011 794 Attendere
1033 739 1063 794 te
1086 728 1180 804 volo,
1209 733 1343 815 quaein
1365 722 1509 796 manibus

167 840 271 903 esunt
316 829 386 904 Qua
416 823 498 888 enim
529 822 693 908 prudentia
715 844 767 898 es,
795 822 873 888 nihil
894 832 924 888 te
946 823 1060 908 fugiet,
1083 823 1110 887 si
1131 844 1216 887 meas
1238 822 1356 889 litteras
1378 825 1510 910 diiigen-

191 934 239 990 ter
261 922 384 1008 legeris.
428 918 526 1004 Sequi
547 917 711 982 confestim
731 918 901 983 Antonium
916 916 964 983 bis
979 918 1018 983 de
1034 921 1150 992 causis,
1173 917 1300 991 Cicero,
1323 938 1385 982 non
1402 919 1509 1003 potui:

191 1037 277 1081 eram
300 1015 367 1080 sine
389 1011 562 1098 equitibus,
592 1012 659 1077 sibe
681 1008 842 1091 iumentis3
872 1010 1008 1077 Hirtium
1024 1012 1145 1098 perisse
1168 1010 1360 1091 nesciebam;
1383 1013 1510 1078 Caesari

190 1120 254 1175 don
275 1107 441 1173 credebam
464 1107 566 1192 prius,
603 1127 696 1192 quam
723 1104 938 1171 convenissem
961 1117 992 1171 et
1013 1106 1187 1171 collocutus
1208 1122 1318 1172 essem.
1361 1108 1421 1172 Hic
1442 1108 1510 1172 dics

192 1202 251 1270 hac
279 1202 373 1268 ruodo
405 1201 491 1266 abiit.
548 1204 578 1265 P.
606 1205 737 1266 Postero
765 1200 817 1265 die
845 1220 936 1265 mane
964 1205 1103 1265 aPansa
1124 1220 1193 1264 sum
1215 1200 1383 1265 arcessitus
1405 1202 1511 1267 Bono·-

155 1299 285 1370 muiam.
341 1300 417 1362 Cum
448 1296 480 1360 in
510 1295 622 1360 itincre
644 1315 762 1369 essem,
785 1295 959 1360 nuntiatum
976 1294 1053 1359 mibi
1075 1305 1123 1359 est
1155 1315 1228 1359 eum
1248 1303 1408 1359 mortuum
1430 1315 1511 1361 esse.

191 1391 323 1458 liecurri
344 1389 383 1454 ad
405 1410 490 1454 meas
523 1388 677 1474 copiolas;
713 1388 759 1454 sic
791 1387 874 1454 enim
895 1409 970 1453 vere
992 1408 1045 1453 eas
1067 1388 1225 1474 appellare
1246 1404 1396 1473 possum:
1439 1399 1512 1456 sunt

151 1537 153 1543 ,
192 1483 464 1550 extenuatissimae
493 1490 524 1547 et
552 1482 657 1569 inopia
678 1483 819 1548 omnium
841 1504 948 1548 rerum
976 1481 1112 1569 pessime
1140 1491 1294 1568 acceptae.
1336 1481 1437 1547 Biduo
1461 1503 1511 1548 me

192 1581 344 1645 Antonius
377 1575 556 1648 antecessit,
593 1576 704 1642 itinera
733 1577 831 1642 multo
859 1576 981 1641 maiora
1010 1575 1133 1661 fugiens
1162 1596 1255 1662 quam
1283 1595 1342 1661 ego
1364 1594 1510 1663 sequens.

192 1671 247 1738 ille
270 1671 353 1735 enim
374 1670 410 1735 iit
436 1669 566 1756 passim,
600 1689 659 1755 ego
681 1669 859 1736 ordinatim.
918 1672 1113 1756 Quacanquo
1142 1668 1195 1742 iit,
1223 1670 1379 1754 ergastula
1400 1671 1511 1744 solvit,

158 1764 335 1837 ciromines
356 1763 504 1848 arripuit,
527 1763 664 1828 constitit
684 1782 837 1850 nusquam
856 1763 960 1850 prius,
984 1784 1076 1850 quam
1100 1761 1139 1828 ad
1160 1762 1247 1828 Vada
1271 1763 1364 1829 venit
1409 1768 1512 1843 Quem

192 1858 297 1924 locum
320 1856 392 1922 volo
413 1855 469 1922 tibi
492 1877 562 1920 esse
583 1866 701 1923 notum.
758 1862 841 1922 lacet
861 1861 943 1921 inter
964 1857 1160 1942 Apenninum
1183 1865 1215 1922 et
1234 1857 1342 1942 Alpes,
1377 1857 1511 1943 impedi·

193 1952 330 2019 tissimus
351 1950 389 2016 ad
411 1949 472 2015 iter
492 1949 677 2016 iaciendum.
721 1955 752 2017 3.
775 1954 853 2017 Cum
881 1949 1023 2015 abessem
1053 1949 1092 2014 ab
1114 1970 1154 2016 eo
1176 1950 1262 2015 milia
1288 1966 1435 2036 passuum
1457 1954 1513 2018 tri-

193 2045 279 2131 ginta
299 2053 331 2110 at
352 2065 386 2108 se
406 2043 469 2108 iam
491 2043 655 2109 Ventidius
676 2044 908 2116 coniunxisset,
931 2043 1038 2109 contio
1059 2045 1128 2109 eius
1149 2043 1188 2108 ad
1210 2064 1260 2108 me
1282 2056 1329 2110 est
1350 2045 1456 2118 allata,
1479 2047 1512 2111 in

193 2157 255 2227 qua
275 2147 384 2225 petere
405 2136 509 2222 coepit
530 2157 549 2202 a
580 2136 747 2213 militibus,
779 2146 815 2203 ut
836 2159 869 2202 se
892 2145 977 2202 trans
998 2136 1092 2222 Alpes
1113 2148 1336 2223 sequerenturt
1358 2138 1419 2203 sibi
1439 2154 1513 2204 cum

153 2257 183 2304 aa
193 2235 235 2299 Μ.
257 2230 377 2318 Lepido
399 2230 575 2296 convenire.
626 2231 854 2297 succlamatum
877 2239 940 2307 est,
962 2238 994 2295 et
1014 2228 1196 2316 frequenter
1216 2251 1235 2296 a
1256 2230 1407 2297 militibus
1429 2238 1512 2298 Ven-

193 2325 319 2391 tidianis
350 2361 392 2373 -
427 2345 500 2390 nam
531 2345 606 2390 suos
634 2324 724 2390 vaide
752 2346 846 2411 quam
874 2345 992 2411 paucos
1021 2321 1115 2389 babet
1137 2360 1193 2400 -,
1215 2323 1276 2390 sibi
1298 2337 1352 2391 aut
1372 2326 1406 2390 in
1426 2326 1514 2391 ltalia

192 2416 389 2506 pereundum
410 2438 479 2483 esse
500 2426 553 2483 aut
574 2416 779 2497 vincendum
809 2427 841 2484 et
861 2437 955 2484 orare
976 2425 1168 2502 coeperunt,
1190 2426 1226 2483 ut
1246 2418 1430 2484 Pollentiam
1451 2420 1514 2486 iter

192 2512 341 2578 iacerent.
391 2514 468 2577 Cum
495 2511 649 2577 sustinere
672 2532 727 2578 eos
749 2532 813 2578 non
833 2519 955 2598 posset,
987 2509 1203 2596 inposterum
1232 2509 1316 2577 diem
1339 2512 1399 2578 iter
1420 2534 1514 2578 suum

193 2605 333 2672 eontulit.
385 2608 416 2670 d.
445 2607 511 2670 Hac
530 2625 567 2670 re
588 2605 665 2670 mibi
686 2605 841 2683 nuntiata,
869 2605 972 2671 statim
994 2603 1132 2691 quinque
1154 2604 1309 2670 cohortes
1330 2605 1514 2672 Pollentiam

156 2727 184 2769 ss
193 2698 342 2787 praemisi
364 2719 530 2785 meumque
551 2697 613 2763 iter
633 2720 673 2765 eo
694 2698 822 2765 contuli.
869 2700 953 2764 iiora
975 2706 1046 2763 ante
1060 2697 1253 2784 praesidium
1269 2720 1374 2765 meum
1389 2699 1514 2765 Pollen-

195 2792 267 2894 piam
300 2792 385 2858 venit
411 2814 504 2879 quam
535 2790 709 2860 Trebellius
736 2815 807 2859 cum
830 2790 999 2880 equitibus.
1055 2794 1135 2858 Sane
1158 2813 1251 2878 quam
1280 2816 1350 2859 sum
1369 2793 1514 2943 gavisum

194 2900 225 2943 rn
249 2877 308 2943 boc
330 2876 412 2941 enirn
435 2876 598 2942 victoriam
619 2885 696 2964 puto
718 2878 899 2944 consistere.
942 2881 977 2941 ln
999 2896 1088 2962 spem
1110 2885 1280 2951 venerant,
1304 2899 1367 2965 quo
1410 2897 1515 2965 neque

193 2968 297 3037 Planci
318 2979 466 3058 quattuor
495 2969 633 3056 legiones
656 2971 801 3037 omnibus
834 2971 899 3038 suis
922 2969 1021 3056 copiis
1043 2990 1135 3056 pares
1157 2962 1390 3038 arbitrabantur
1412 2992 1515 3059 neque

193 3086 234 3131 ex
256 3065 342 3131 ltalia
364 3072 425 3128 tam
447 3060 593 3129 celeriter
614 3065 787 3131 exereitum
809 3064 910 3130 traiici
931 3083 1024 3150 posse
1046 3061 1224 3128 credebant.
1268 3067 1356 3142 Quos
1378 3064 1438 3152 ipsi
1460 3064 1517 3131 ad-

156 3150 350 3233 ...lassatis
372 3166 557 3244 arroganter
577 3156 764 3245 Allobroges
786 3159 1005 3245 equitatusque
1026 3155 1143 3229 omnis,
1181 3150 1235 3242 qui
1264 3178 1303 3223 oo
1324 3157 1516 3244 praemissus

193 3262 262 3319 erat
290 3275 308 3318 a
336 3249 443 3327 nobis,
480 3252 694 3326 sustinebant,
731 3260 904 3338 nostroque
932 3250 1069 3316 adventu
1097 3249 1245 3314 sustineri
1272 3246 1396 3317 lacibus
1421 3270 1515 3338 posse

193 3344 388 3412 confidimus.
443 3350 575 3418 Tamen,
605 3345 631 3410 si
654 3367 717 3433 quo
740 3342 835 3411 etiam
856 3365 931 3410 casu
951 3348 1069 3408 Isaram
1092 3363 1126 3407 se
1148 3338 1345 3417 traiecerint‚
1367 3365 1407 3410 ne
1429 3343 1516 3431 quod

194 3430 414 3506 detrimentum
447 3437 494 3502 rei
524 3437 667 3524 publicae
694 3443 882 3525 iniungant,
917 3457 1039 3503 summa
1071 3458 1089 3501 a
1125 3430 1217 3501 nobis
1248 3434 1374 3503 dabitur
1407 3459 1514 3524 opera.

194 3535 223 3597 ii.
246 3534 311 3597 Vos
333 3539 479 3615 magnum
501 3530 639 3597 animum
661 3533 874 3620 optimamque
895 3550 983 3617 spem
1005 3527 1044 3595 de
1065 3550 1186 3594 summa
1207 3551 1243 3595 re
1260 3529 1384 3616 publica
1399 3530 1516 3596 babere

158 3622 356 3701 „volumus
392 3645 463 3688 cum
493 3632 525 3688 et
550 3647 608 3691 nos
636 3634 668 3690 et
697 3626 855 3691 exercitus
876 3631 1003 3689 nostros
1025 3623 1174 3709 singulari
1196 3623 1363 3689 concordia
1386 3625 1517 3691 coniun-

194 3722 261 3782 ctos
283 3715 321 3781 ad
343 3718 448 3782 omnia
469 3739 528 3804 pro
550 3718 641 3784 vobis
670 3718 800 3785 videatis
822 3726 956 3806 paratos.
1010 3718 1071 3783 Sed
1093 3728 1197 3783 tamen
1218 3718 1295 3784 nibil
1324 3717 1363 3783 de
1386 3718 1518 3804 diligen-

160 3824 169 3846 ·
195 3812 237 3874 tia
259 3811 418 3875 remittere
441 3809 561 3876 debetis
588 3810 727 3900 dareque
749 3834 899 3900 operam,
928 3821 963 3878 ut
984 3832 1077 3899 quam
1099 3805 1288 3899 paratissimi
1310 3823 1341 3877 et
1362 3809 1402 3876 ab
1425 3832 1518 3877 exer-

195 3902 259 3967 citu
287 3902 481 3991 reliquisque
509 3903 604 3969 rebus
636 3927 695 3992 pro
718 3908 822 3972 vestra
844 3906 942 3972 salute
970 3912 1078 3971 contra
1100 3900 1370 3971 sceleratissimam
1393 3903 1518 3991 conspi-

196 3994 350 4061 rationem
380 3996 516 4063 hostium
546 3997 766 4084 confligamus3
799 3998 852 4087 qui
876 4000 1001 4086 quidem
1025 4019 1077 4063 eas
1099 3999 1222 4084 copias,
1245 4020 1322 4084 quas
1344 3996 1399 4062 diu
1421 3994 1517 4061 simu-
1557 4059 1560 4066 ,

161 4124 188 4168 ,0
197 4080 313 4154 latione
325 4095 372 4154 rei
384 4086 527 4176 publicae
539 4090 778 4179 comparabant,
794 4082 898 4158 subito
913 4090 952 4157 ad
963 4089 1082 4178 patriae
1095 4090 1271 4178 periculum
1283 4097 1516 4157 converterunt.

631 4236 718 4298 rm.
740 4255 768 4299 a.
811 4233 861 4316 (A.
888 4237 919 4298 o.
943 4235 975 4298 a.
997 4233 1084 4320 711.)

434 4358 471 4417 ti.
495 4359 641 4452 neuros
665 4359 749 4421 COS.
771 4358 900 4421 basta.
923 4359 964 4419 Μ.
986 4355 1171 4420 CICERONI
1194 4358 1225 4420 S.
1247 4359 1285 4419 i).

282 4468 464 4528 Parmenses
486 4465 680 4532 miserrimos
702 4472 752 4533 ’ἢ

267 4609 294 4657 ·1.
313 4609 469 4665 nesciebam,
490 4611 610 4674 Aquilam
627 4614 724 4674 perissa
741 4612 901 4670 nesciebam,
929 4602 1039 4661 Caesari
1057 4610 1151 4660 Dresd.
1172 4611 1275 4659 tertias.
1294 4635 1329 4645 -
1364 4610 1390 4660 P.
1411 4610 1518 4659 accant-

200 4687 242 4729 tus
262 4678 297 4728 Μ.
331 4702 358 4712 -
405 4680 448 4726 13.
468 4681 563 4730 itinera
590 4684 650 4746 fecit
668 4684 749 4730 mutto
768 4686 873 4731 maiora
890 4682 975 4732 codd.
995 4681 1114 4743 aliquot,
1135 4681 1326 4730 ercammarus
1343 4683 1444 4730 mactare
1462 4680 1519 4730 ida·

201 4750 302 4798 nutius.
335 4774 363 4783 -
403 4750 445 4796 30.
472 4751 632 4815 obrepenter
656 4753 793 4816 allobm'gss
812 4753 849 4802 Μ.
883 4775 914 4787 -
949 4752 993 4800 37.
1010 4752 1175 4813 paratissimi
1194 4751 1227 4798 ab
1246 4750 1383 4800 libellarii.
1406 4751 1517 4812 primus.

200 4819 241 4869 (Μ.
263 4818 340 4867 iiaud
361 4818 439 4866 'lars
461 4819 495 4867 li.
518 4835 543 4882 p.
563 4823 624 4872 528.
644 4848 676 4856 -
707 4823 751 4872 to.
772 4823 962 4886 comparabunt
982 4821 1017 4870 Μ.
1038 4845 1069 4856 -
1096 4821 1141 4870 43.
1162 4821 1352 4876 Fragmentum
1371 4822 1422 4869 hac
1443 4833 1518 4884 prae·

202 4890 258 4938 buit
276 4887 358 4938 iudex
377 4888 484 4937 Codicis
503 4890 548 4950 M,
569 4906 624 4942 am.
647 4893 676 4943 E.
