3256 5400
649 233 723 295 LIB.
755 233 795 294 X.
839 234 896 294 ΕΡ.
919 232 948 292 9.

613 391 668 453 IX.
711 389 765 464 (A.
790 390 985 467 1111705.)

617 520 758 586 CICERO
780 520 923 584 ATTICO
946 522 977 583 S.

230 655 257 716 1.
279 649 436 716 Adventus
457 649 614 715 Philotimi
635 680 677 694 -
703 659 735 714 at
761 649 850 715 cuius
876 648 1025 721 bominis,
1049 638 1152 736 ¹quam
1181 649 1288 715 insulsi
1314 660 1345 717 et
1366 674 1458 738 quam

144 766 236 830 saepe
252 765 316 830 pro
337 745 487 828 Pompeio
509 742 704 808 mentientis!
728 774 767 786 -
790 742 980 808 exanimavit
1002 763 1127 818 omnes,
1151 743 1204 828 qui
1223 765 1345 809 mecum
1363 756 1459 815 erant

144 845 219 905 Nam
249 839 316 924 ipse
345 836 493 903 obdurui.
550 835 719 902 Dubitabat
739 841 880 903 nostrirm
903 856 1013 912 nemo,
1042 837 1118 922 quin
1141 842 1255 903 Caesar
1275 838 1387 903 itinera
1408 861 1480 904 rc·.s

144 935 308 1018 pressisset
328 970 370 981 —
391 931 498 995 volare
527 928 642 995 dicitur
663 965 722 1005 -,
754 931 895 996 Petreius
925 949 995 994 cum
1021 929 1152 996 Afranio
1174 931 1387 998 coniunxisset
1408 955 1456 1000 se:

144 1025 219 1089 nihil
241 1023 331 1089 alleri
352 1024 515 1090 eiusmodi.
559 1023 644 1102 Quid
665 1025 813 1110 quaeris?
834 1024 935 1088 Etiam
957 1022 1035 1088 illud
1057 1032 1123 1088 erat
1146 1045 1346 1110 persuasum:
1370 1032 1460 1092 Pom·

143 1119 249 1204 peium
281 1138 351 1182 cum
379 1119 499 1204 magnis
527 1118 625 1204 copiis
654 1119 714 1183 iter
745 1119 778 1182 in
801 1117 997 1184 Germaniam
1018 1137 1077 1202 per
1097 1118 1256 1205 Illyricum
1278 1119 1405 1198 iecisse3
1427 1120 1459 1184 id

145 1216 226 1278 enim
241 1215 434 1288 eihamensis
454 1211 662 1277 nuntiabatur.
704 1213 840 1278 Melitam
856 1212 967 1296 igitur,
991 1211 1124 1296 opinor,
1146 1232 1351 1298 capessamus,
1374 1214 1459 1289 dum,

144 1305 220 1393 quid
241 1306 273 1370 in
295 1306 459 1390 IIispania;
487 1305 571 1392 quod
593 1305 718 1392 quidem
740 1304 969 1391 propemodum
991 1303 1101 1369 videor
1123 1326 1164 1370 ex
1186 1307 1326 1372 Caesaris
1349 1307 1494 1374 litterisn

143 1399 241 1485 ipsius
270 1399 427 1464 voluntate
453 1398 557 1463 facere
586 1420 694 1485 posse;
737 1399 790 1484 qui
822 1408 913 1482 negat
934 1420 1035 1484 neque
1057 1398 1218 1464 honestius
1240 1421 1342 1486 neque
1365 1402 1459 1467 tutius

144 1492 221 1556 mihi
243 1492 412 1578 quidquam
434 1513 617 1579 essequam
639 1492 678 1556 ab
700 1492 786 1557 omni
813 1493 1011 1557 contentione
1037 1490 1156 1558 abesse.
1199 1497 1229 1558 2.
1251 1494 1352 1567 Dices,
1376 1494 1459 1568 „nbi

144 1607 221 1670 ergo
244 1595 315 1650 tuus
336 1585 388 1649 illc
410 1586 548 1661 animus,
571 1606 665 1672 quem
687 1584 839 1670 proximis
861 1585 1018 1650 litterisl”
1051 1584 1145 1650 Adest
1165 1585 1293 1650 elidem
1309 1596 1364 1650 est.
1397 1587 1459 1652 Sed

144 1681 260 1745 utinam
289 1700 360 1743 meo
382 1679 482 1743 solum
504 1681 604 1766 capite
626 1680 845 1744 decernerem!
882 1679 1042 1743 Lacrimae
1064 1700 1207 1744 meorum
1231 1701 1280 1744 me
1303 1680 1458 1746 interdum

143 1772 301 1846 molliunt,
336 1773 542 1857 precantium,
571 1783 605 1839 ut
633 1773 672 1839 de
693 1772 850 1859 Hispaniis
873 1783 1099 1858 exspectemus.
1149 1778 1190 1838 M.
1214 1774 1309 1840 Caelii
1332 1775 1495 1860 quidemn

143 1867 306 1953 epistolam
329 1869 473 1954 scriptam
505 1868 741 1942 miserabiliter,
775 1888 846 1931 cum
867 1866 928 1931 boc
949 1867 1032 1932 idem
1054 1868 1254 1944 obsecraret,
1291 1879 1326 1934 ut
1348 1891 1459 1955 exspe-

143 1973 280 2033 ctarem.
317 1983 356 2026 ne
385 1961 525 2027 fortunas
558 1984 659 2034 meas,
698 1982 737 2026 ne
765 1961 892 2025 unicum
919 1960 1033 2036 lilium,
1073 1984 1112 2026 ne
1141 1983 1228 2027 meos
1257 1983 1366 2027 omnes
1397 1974 1457 2027 tam

144 2064 261 2119 temere
283 2056 464 2140 proderem,
488 2077 550 2120 non
573 2057 638 2121 sine
661 2075 773 2140 magno
796 2053 870 2119 detu
891 2055 1033 2140 legerunt
1055 2058 1145 2142 pueri
1160 2057 1273 2134 nostri;
1297 2058 1354 2122 etsi
1371 2079 1459 2122 meus

144 2149 269 2234 quidem
301 2159 348 2213 cst
377 2148 492 2213 fortior
521 2170 622 2235 eoque
651 2149 719 2234 ipso
748 2147 961 2214 vehementius
983 2160 1175 2227 commovet;
1209 2151 1457 2237 necquidquam

143 2241 200 2305 nisi
231 2242 269 2306 de
298 2242 477 2326 dignatione
505 2241 635 2307 laborat.
678 2248 708 2306 3.
731 2242 867 2308 Melitam
892 2243 1004 2327 igitur;
1039 2243 1167 2320 deinde,
1203 2266 1267 2331 quo
1289 2241 1494 2308 videbimuss

143 2340 189 2400 Tu
213 2347 315 2400 tamen
338 2341 511 2400 etiamnunc
534 2335 609 2400 mihi
631 2335 746 2421 aliquid
768 2335 940 2401 litterarum
963 2346 994 2402 et
1015 2337 1151 2402 maxime
1172 2337 1199 2403 si
1222 2337 1297 2423 quid
1312 2336 1351 2401 ab
1369 2336 1456 2401 Aira-

143 2427 206 2492 nio.
249 2432 331 2512 Ego,
362 2430 387 2494 si
419 2451 489 2493 cum
512 2429 646 2494 Antonio
667 2429 789 2494 locutus
811 2451 882 2504 ero,
905 2430 1039 2495 scribam
1062 2431 1101 2496 ad
1124 2441 1164 2506 te,
1187 2431 1262 2518 quid
1284 2440 1385 2496 actum
1408 2431 1456 2495 sit.

143 2525 206 2585 Ero
228 2523 384 2587 tamenin
406 2521 579 2595 credendo,
609 2532 644 2586 ut
667 2542 789 2598 monos,
827 2532 944 2588 cautus.
987 2529 1064 2590 Nam
1086 2524 1261 2590 occultandi
1282 2529 1363 2589 ratio
1386 2545 1456 2588 cum

143 2613 288 2688 difficilis,
322 2624 387 2679 tum
417 2616 508 2681 ctiam
536 2615 712 2700 periculosa
746 2625 801 2680 cst.
856 2618 999 2682 Servium
1025 2627 1172 2704 exspecto
1200 2617 1240 2682 ad
1268 2623 1391 2692 Nonas;
1426 2625 1457 2680 et

142 2706 247 2771 adiicit
268 2707 310 2771 ita
332 2709 488 2773 Postumia
515 2718 545 2773 et
571 2708 699 2772 Servius
722 2707 812 2774 lilius.
857 2712 1046 2786 Quartanam
1068 2711 1219 2776 leviorem
1238 2732 1306 2776 esse
1322 2709 1453 2795 gaudeo.
1464 2729 1493 2771 as

142 2799 211 2864 Misi
233 2800 273 2866 ad
294 2812 324 2866 te
346 2801 440 2869 Caelii
462 2803 553 2867 etiam
575 2802 749 2867 litterarum
771 2803 959 2887 exemplum.

777 2961 812 3019 A.

588 3088 748 3152 CAELIUS
772 3087 954 3150 CICERONI
976 3088 1006 3150 S.

229 3209 257 3268 1.
290 3205 489 3271 Exanimatus
516 3207 577 3270 tuis
606 3207 716 3271 litteris
745 3241 783 3251 —
811 3205 926 3291 quibus
957 3216 986 3270 te
1014 3207 1090 3270 nihil
1119 3207 1178 3271 nisi
1209 3208 1295 3271 triste
1316 3207 1454 3291 cogitare

143 3297 319 3374 ostendisti,
356 3320 457 3384 neque
485 3298 518 3363 id
544 3300 619 3386 quid
650 3309 732 3363 esset
759 3300 965 3385 perscripsisti
992 3321 1094 3384 neque
1123 3310 1327 3374 nontamen,
1364 3302 1493 3386 quaten

143 3402 241 3464 esset,
264 3393 349 3479 quod
370 3393 541 3477 cogitares,
564 3392 713 3478 aperuisti
737 3437 774 3446 -
798 3393 852 3458 has
875 3392 913 3456 ad
937 3401 966 3456 te
989 3392 1072 3456 illico
1094 3393 1210 3458 litteras
1232 3393 1352 3478 scripsi.
1398 3399 1455 3456 t’er

142 3486 282 3551 fortunas
305 3496 387 3563 tuas,
425 3489 551 3561 Cicero,
587 3507 643 3571 per
665 3484 782 3550 liberos
804 3497 833 3551 te
856 3508 914 3551 oro
937 3496 968 3550 et
989 3484 1140 3562 obsecro,
1171 3486 1306 3572 nequid
1330 3487 1454 3571 gravius

142 3579 181 3645 de
213 3581 310 3646 salute
339 3591 369 3646 et
399 3581 611 3646 incolumitate
643 3589 695 3645 tua
718 3581 872 3644 consulas.
927 3585 1002 3644 Nam
1026 3581 1102 3645 deos
1123 3580 1328 3665 hominesque
1350 3579 1454 3643 amici·

209 3802 236 3850 1.
256 3814 309 3848 om.
334 3800 369 3848 Μ.
401 3825 432 3834 -
476 3801 502 3853 5.
529 3799 669 3848 Dubitabit
688 3814 727 3863 pr.
746 3794 789 3855 M,
820 3799 951 3848 dasbitooit
977 3800 1042 3849 liet
1060 3813 1131 3848 corr.
1150 3798 1195 3857 M,
1228 3798 1411 3858 dubitavitqna
1431 3798 1451 3846 Ι.

142 3872 308 3930 (Correcturn
341 3872 367 3918 in
399 3871 459 3923 Vb.)
487 3895 514 3906 -
553 3872 719 3930 repressisset
749 3874 795 3917 tuo
823 3871 915 3918 notura
932 3883 974 3933 pr.
993 3869 1030 3919 M.
1053 3895 1083 3905 -
1129 3867 1157 3917 b.
1175 3868 1353 3916 eoniussnisse.
1385 3869 1452 3917 nihil

142 3941 215 3992 Mitt.
254 3940 384 4002 (Correxit
403 3936 519 3999 bosius.)
550 3964 583 3974 —
618 3942 644 3990 ’1.
660 3941 783 4001 pompeio
801 3954 842 4001 pr.
862 3939 898 3990 M.
922 3962 949 3973 -
987 3939 1013 3989 8.
1033 3933 1216 4000 Gemmatum]
1236 3934 1353 3986 Galliam
1371 3939 1451 3988 anale-

143 4012 187 4060 bat
206 4013 296 4060 nescio
315 4012 361 4074 qui
379 4011 449 4072 apud
469 4010 615 4059 corradum
635 4024 664 4060 ex
685 4011 733 4072 Itp.
753 4009 779 4065 11,
800 4010 826 4058 3.
849 4035 876 4046 -
914 4011 941 4060 9.
959 4004 1139 4072 adhaerentia
1156 4022 1209 4058 om·
1229 4007 1260 4057 ll.
1280 4033 1313 4042 -
1350 4013 1378 4055 at
1399 4010 1453 4070 opi-

141 4094 192 4128 nor
212 4081 243 4129 Ii.
276 4107 304 4117 -
352 4093 513 4141 capessamus
531 4080 552 4129 l.
585 4105 614 4115 -
652 4081 695 4129 10.
722 4077 798 4142 quid]
818 4079 888 4141 quod
906 4079 980 4129 Mlil.
1023 4077 1156 4137 (Correxit
1180 4077 1330 4140 Malaspina
1351 4093 1365 4127 e
1385 4077 1449 4128 Cod.

142 4151 262 4210 I‘airni.)
285 4177 317 4187 -
354 4151 396 4200 ta.
424 4151 590 4198 contentione
614 4152 755 4211 quicquum
781 4148 869 4197 abessa
895 4162 936 4212 pr.
966 4149 1003 4199 Μ.
1025 4173 1055 4184 -
1093 4149 1135 4198 13.
1155 4147 1199 4196 ills
1216 4160 1278 4210 arpo
1297 4155 1358 4197 tuus
1376 4149 1448 4198 Mill.

142 4220 186 4276 (111
205 4235 269 4276 nos,
299 4217 362 4282 iz.)
394 4245 427 4253 -
463 4221 505 4269 15.
533 4219 663 4281 Hisponis
681 4220 714 4268 n.
745 4241 778 4254 -
814 4219 857 4268 19.
884 4215 952 4282 cum]
978 4231 1045 4281 quas
1067 4217 1089 4266 1.
1122 4241 1148 4251 -
1193 4218 1330 4277 obsecrare
1355 4217 1393 4267 Μ.
1420 4246 1450 4254 -

143 4290 185 4339 17.
213 4292 317 4340 unicum
343 4290 428 4353 fitium
454 4289 588 4340 Corradus
622 4295 648 4339 et
672 4290 822 4340 Manutius:
851 4290 961 4338 unicam
992 4288 1075 4353 fitium
1101 4287 1199 4339 Mlillt..
1227 4314 1254 4324 -
1293 4302 1339 4339 nec
1369 4288 1390 4337 1.
1419 4310 1450 4324 -

142 4360 184 4409 18.
211 4356 292 4421 meas]
317 4373 388 4408 mens
415 4360 451 4410 M.
481 4387 508 4396 -
547 4362 590 4409 20.
610 4362 664 4410 nias·
682 4360 871 4421 dads'pnntione
891 4359 929 4416 lt,
956 4358 1059 4407 raisida
1077 4358 1240 4422 dipnitatsa
1258 4358 1323 4409 Cod.
1343 4359 1449 4408 hossas.

141 4430 287 4479 Lambinus
313 4436 339 4480 et
364 4430 530 4479 Schuetzius.
568 4429 635 4493 (Cir.
661 4427 966 4490 baumgartencrnsius
991 4429 1025 4478 ad
1044 4430 1117 4479 Suet.
1138 4428 1215 4479 Caes.
1234 4428 1274 4483 1.)
1304 4453 1334 4464 -
1382 4429 1452 4490 quod

140 4498 191 4548 Ml.
214 4525 243 4536 —
280 4500 323 4549 23.
354 4497 423 4561 cum]
454 4505 510 4548 tum
539 4499 560 4548 I.
594 4524 624 4536 -
661 4501 705 4550 25.
730 4498 823 4548 adiicit
840 4500 879 4547 itu
897 4500 1033 4548 Postumio
1051 4504 1074 4547 at
1091 4499 1147 4547 Sar.
1167 4500 1237 4562 filius
1255 4499 1291 4547 Y:
1323 4499 1451 4547 adiicito

141 4567 287 4618 Postumia.
309 4575 333 4618 at
349 4569 436 4618 Seruii
453 4571 502 4633 filii
521 4569 583 4628 Mil,
604 4570 697 4618 odileit
715 4583 733 4617 o
752 4570 888 4619 Postumio
905 4571 951 4619 aad
969 4575 991 4618 at
1010 4569 1096 4618 Seruii
1113 4571 1161 4634 filii
1179 4569 1208 4629 l,
1236 4569 1322 4630 adluit
1346 4570 1384 4616 itu
1404 4568 1451 4616 Ρο-

140 4641 240 4687 stomin
257 4645 281 4688 at
298 4639 406 4687 Servius
424 4640 494 4701 filius
513 4640 592 4688 ilosio
610 4647 719 4689 auctore
739 4640 769 4689 ll.
807 4637 914 4701 (Adiieit
936 4641 1021 4690 Servii
1039 4640 1193 4703 epistolae.)
1214 4664 1241 4674 -
1280 4639 1323 4688 29.
1342 4639 1451 4688 Ecunsi-

140 4714 221 4758 notus
240 4709 277 4771 It,
298 4710 476 4758 Exanimotus
494 4723 552 4757 sum
571 4709 612 4767 (ut
625 4712 651 4761 in
670 4710 757 4760 altaro
776 4710 898 4773 exemplo
916 4711 949 4760 ad
969 4711 1043 4760 Fam.
1063 4710 1089 4766 11.
1110 4711 1165 4759 111.ὶ
1185 4710 1313 4760 Muretus.
1335 4732 1365 4744 -
1385 4709 1451 4757 nibil

141 4781 215 4827 trista
233 4793 273 4842 pr.
293 4780 338 4839 M,
369 4778 490 4828 nonnihil
516 4781 592 4829 triste
619 4781 640 4832 11
666 4787 693 4830 et
719 4793 790 4831 corr.
816 4781 852 4830 M.
885 4807 918 4816 -
954 4781 998 4832 90.
1023 4780 1089 4843 quid
1112 4782 1146 4830 sd
1169 4781 1243 4830 Fam.
1272 4779 1291 4829 1.
1311 4779 1351 4830 l.:
1379 4780 1451 4842 quod
