3256 5400
522 243 596 306 Llll.
618 241 702 305 xm.
744 241 804 305 ΕΡ.
828 241 881 304 22.
904 241 955 305 2³.
975 240 1028 305 bd.
1050 241 1101 305 25.
1396 243 1460 306 673

143 401 187 469 illi
214 401 276 466 iter
303 399 432 464 instaret
458 406 489 464 et
514 396 652 464 subitum
680 405 712 462 et
741 397 885 482 longum
919 407 950 462 et
977 397 1156 463 mehercule
1183 417 1282 474 nnnc,
1320 419 1390 466 cum
1418 400 1460 462 ita

142 502 239 562 simus
266 492 386 566 affecti,
421 501 457 558 nt
482 512 545 557 non
577 492 732 578 possimus
759 492 852 579 plane
884 493 976 558 simul
1007 494 1115 559 vivere
1137 529 1175 545 -
1201 493 1348 580 intelligis
1377 492 1460 558 enirn

141 587 302 676 prolecto,
336 586 369 650 in
397 605 460 673 quo
487 585 623 650 maxime
655 586 756 672 posita
783 587 823 652 sit
845 594 1027 671 συμβίωσις
1049 627 1105 661 -,
1128 585 1220 653 lacile
1241 585 1383 675 patiebar
1404 605 1462 650 nos

142 681 248 770 potius
269 686 385 746 Romae
406 701 468 744 una
490 700 559 745 esse
580 701 674 767 quam
695 680 728 745 in
750 681 935 746 Tusculano.
978 684 1009 745 2.
1032 679 1118 745 Libri
1140 680 1180 746 ad
1201 687 1374 747 Varronem
1397 698 1461 743 non

142 771 356 840 morabantur.
399 775 477 838 Sunt
503 773 586 837 enim
619 771 738 846 ell‘ecti,
767 782 802 839 ut
828 773 954 852 vidisti3
983 783 1102 840 tantum
1125 773 1325 840 librariorum
1348 771 1483 837 mendas

142 869 304 934 tolluntur.
346 872 392 932 lle
424 864 538 952 quibus
566 866 655 932 libris
682 868 742 933 scis
770 888 820 931 me
850 866 1022 944 dubitasse;
1052 868 1108 933 sed
1134 879 1169 934 tn
1190 868 1319 933 videris.
1367 870 1460 939 ltem,

143 984 224 1050 quos
245 968 342 1028 Bruto
369 961 535 1033 mittimus,
571 961 603 1025 in
625 959 768 1025 manibus
789 959 903 1025 babent
924 960 1055 1026 librarii.
1099 967 1130 1028 3.
1155 967 1224 1027 llea
1246 960 1406 1031 mandata,
1428 969 1463 1023 ut

143 1054 271 1128 scribis,
304 1054 439 1139 explica3
476 1075 663 1141 quamquam
691 1054 748 1120 ista
776 1055 950 1119 retentione
982 1075 1092 1120 omnes
1122 1061 1165 1120 ait
1196 1056 1241 1120 uti
1278 1053 1460 1119 lbebatius:

143 1149 220 1236 qnid
250 1157 283 1212 tu
308 1148 385 1212 istos
413 1153 524 1232 putast
559 1151 645 1212 Nosti
674 1145 813 1212 domum.
857 1149 964 1224 Quare
991 1148 1110 1214 confice
1138 1149 1316 1232 εὖαγώγως.
1359 1152 1464 1211 lncre-

144 1243 240 1308 dibile
262 1250 325 1314 est,
349 1261 442 1326 quarn
465 1261 525 1325 ego
545 1241 604 1306 ista
624 1262 687 1305 non
709 1261 828 1305 curem.
871 1241 964 1306 Omni
987 1241 1042 1306 tibi
1069 1243 1298 1307 asseveratione
1320 1241 1460 1310 allirmo,
1477 1266 1502 1302 ιι

143 1335 230 1424 qnod
251 1335 327 1400 mibi
355 1333 464 1399 credas
485 1335 599 1408 velim,
636 1334 713 1400 mibi
734 1333 846 1399 maiori
868 1332 1036 1399 offensioni
1058 1356 1127 1400 esse
1149 1355 1242 1422 quam
1266 1332 1464 1400 delectationi

143 1428 409 1517 possessiunculas
436 1447 531 1496 meas.
573 1427 672 1512 Magis
701 1426 784 1491 enim
811 1426 905 1492 doleo
933 1448 984 1492 me
1012 1448 1076 1493 non
1101 1428 1230 1502 babere,
1254 1431 1304 1491 cui
1325 1424 1462 1499 tradam,

143 1545 238 1610 quam
271 1521 402 1594 babere,
438 1529 492 1609 qul
513 1530 597 1596 utar,
630 1522 739 1586 laetor.
795 1525 896 1607 Atque
917 1521 994 1586 illud
1016 1520 1181 1587 Trebatius
1201 1541 1236 1586 se
1260 1519 1318 1585 tibi
1346 1519 1463 1584 dixisse

143 1614 299 1681 narrabat.
342 1621 389 1680 Tu
410 1626 513 1680 autem
535 1620 654 1680 veritus
675 1637 708 1680 es
731 1615 882 1688 lortasse,
920 1636 959 1679 ne
981 1636 1041 1701 ego
1063 1615 1179 1681 invitus
1200 1614 1352 1680 audirem.
1394 1612 1464 1677 Fuit

143 1708 175 1776 id
197 1709 323 1795 quidem
346 1708 560 1786 humanitatis;
582 1709 653 1782 sed,
676 1709 752 1774 mibi
775 1708 887 1782 crede,
912 1708 973 1773 iam
995 1710 1051 1774 ista
1072 1729 1136 1775 nnn
1158 1729 1245 1775 curo.
1290 1710 1397 1786 Quare
1474 1730 1499 1771 rs

312 1860 348 1872 -
374 1866 414 1877 -
435 1831 475 1894 du
496 1842 524 1895 te
544 1833 578 1894 in
597 1851 763 1895 sermonem
783 1841 810 1894 et
825 1851 950 1913 persecu

305 1936 332 1989 et
353 1927 474 2006 confice,
496 1929 612 1999 excita,
635 1927 791 2007 compello,
815 1927 947 2008 loquere,

144 2056 179 2112 ut
206 2056 237 2111 te
263 2067 334 2111 cnm
364 2046 419 2111 illo
445 2049 562 2111 Scaeva
590 2044 677 2133 loqui
706 2054 807 2132 putes.
856 2049 901 2109 Ne
923 2045 1084 2112 existimes
1104 2065 1176 2121 eos,
1199 2045 1338 2134 quinon
1360 2045 1465 2112 debita

143 2140 317 2205 consectari
338 2138 473 2212 soleant,
496 2140 582 2225 quod
605 2138 776 2213 debeatur,
808 2139 1008 2205 remissuros.
1051 2144 1097 2204 De
1125 2138 1177 2205 die
1199 2149 1316 2207 tantum
1337 2141 1463 2215 videto,

144 2243 176 2298 et
196 2232 229 2298 id
249 2232 354 2318 ipsum
373 2231 459 2299 bono
480 2233 585 2299 modo.
1473 2252 1503 2294 ²⁰

591 2375 699 2439 xxm.
742 2374 801 2453 (n.
825 2376 857 2439 u.
881 2376 913 2439 u.
935 2372 1026 2455 ros.)

624 2497 767 2562 ClCEllO
788 2496 933 2560 ATTICO
956 2498 986 2559 S.

227 2606 312 2685 Quid
334 2616 396 2681 est,
419 2607 505 2694 quod
526 2611 741 2691 Hermogenes
763 2606 839 2671 mibi
862 2605 1005 2677 Clodius,
1027 2604 1257 2672 Andromenem
1273 2607 1332 2672 sibi
1348 2608 1464 2674 dixisse

144 2722 178 2767 ee
205 2701 387 2765 Ciceronem
418 2701 532 2767 vidisse
561 2706 738 2788 Corcyrae?
771 2705 839 2783 Ego
867 2700 949 2763 enim
982 2698 1086 2762 audita
1120 2699 1177 2765 tibi
1206 2711 1360 2787 putaram.
1418 2702 1463 2766 Nil

143 2795 240 2878 igitur
266 2816 306 2857 ne
335 2795 365 2858 ei
393 2795 519 2880 quidem
551 2795 748 2860 litterarum?
783 2799 915 2858 Annon
938 2791 1040 2856 viditl
1075 2793 1181 2858 Facies
1203 2816 1281 2879 ergo
1302 2806 1337 2860 ut
1358 2797 1503 2865 sciamus

144 2887 228 2965 Quid
255 2886 312 2952 tibi
340 2907 400 2973 ego
427 2888 467 2953 de
496 2894 639 2953 Varrone
668 2886 862 2952 rescribam?
892 2888 1049 2963 Quattuor
1078 2892 1235 2970 διφθέραι
1266 2889 1390 2954 suntin
1412 2899 1464 2952 tna

141 2989 311 3066 potestate;
351 2980 437 3068 qnod
472 2982 595 3066 egeris,
638 2981 670 3047 id
701 2980 855 3068 probabo.
912 2985 974 3044 Nec
1009 2990 1112 3045 umen
1145 2988 1299 3066 αἰδέομαι
1336 2987 1463 3067 Τρῶας.

146 3073 230 3151 Quid
252 3075 357 3139 enimi
394 3074 472 3148 Sed,
501 3074 563 3160 ipsi
585 3096 678 3162 mam
701 3096 753 3139 res
775 3075 827 3139 illa
848 3072 1052 3159 probaretur,
1082 3075 1181 3160 magia
1202 3074 1345 3141 verebar.
1402 3074 1465 3141 Sed

145 3172 291 3253 quoniam
313 3180 348 3233 tn
368 3168 515 3255 suscipis,
539 3169 571 3234 in
592 3169 721 3233 alteram
742 3189 861 3232 aurern.

595 3311 688 3372 xxv.
730 3307 780 3392 (n.
806 3310 840 3372 u.
862 3309 895 3372 e.
917 3307 1003 3388 ros.)
1473 3345 1500 3388 a.

602 3431 745 3495 CICERO
781 3428 927 3494 ATTICO
965 3431 998 3494 S.

229 3546 258 3607 t.
280 3546 326 3606 lle
347 3542 537 3617 retentione,
573 3540 721 3627 rescripsi
746 3539 785 3605 ad
808 3549 876 3605 tuas
897 3550 1040 3606 accurate
1061 3541 1191 3627 scriptas
1212 3542 1339 3610 litterae.
1383 3547 1463 3610 Con·

143 3633 228 3700 ficies
255 3636 367 3720 igitur,
404 3645 435 3701 et
464 3635 589 3724 quidem
622 3634 689 3700 sine
715 3634 779 3699 ulla
809 3632 1000 3699 dubitatione
1032 3643 1086 3699 aut
1117 3636 1346 3702 retractatione.
1395 3640 1462 3702 Hoc

142 3898 144 3903 Ι
213 3834 240 3885 3.
264 3836 295 3884 in
317 3849 372 3885 om.
401 3835 476 3886 bllll·
513 3835 642 3887 tlnaerult
667 3830 837 3896 Cratander.)
868 3857 897 3868 -
935 3834 1159 3885 emerebantur
1183 3835 1348 3887 Sebuetaina.
1368 3864 1397 3875 -
1419 3840 1462 3888 de-

144 3902 206 3967 secti
223 3904 293 3966 titt,
323 3906 423 3955 detecti
441 3905 606 3964 Lambinus,
635 3905 760 3966 descripti
779 3917 833 3965 mg.
853 3904 957 3965 ltepett.
982 3904 1076 3955 Lamb.
1109 3930 1138 3941 -
1176 3908 1273 3956 mendo
1290 3908 1462 3958 librariorum

144 3975 166 4024 l.
186 3998 220 4012 -
254 3976 281 4025 7.
301 3975 399 4024 librum
425 3986 458 4022 eo
474 3975 521 4035 Μ,
553 3976 670 4025 librarii.
697 3989 728 4025 eu
755 3975 787 4024 lt.
809 3998 839 4009 -
876 3973 903 4022 8.
924 3975 1078 4025 omniellll.
1101 4000 1129 4010 -
1166 3973 1218 4038 uti]
1237 3978 1310 4025 utei
1333 3977 1407 4028 bllll.
1429 4003 1460 4016 -

143 4045 170 4095 3.
191 4041 288 4108 Quare]
307 4059 361 4108 quo
377 4043 421 4104 Μ,
440 4058 526 4108 quum
543 4046 588 4096 til.
606 4069 639 4081 -
676 4039 833 4110 εὐαγώγοις
853 4044 892 4093 Y:
916 4043 1060 4095 ΕΤΑΙῺΣ
1078 4045 1111 4104 Ζ,
1130 4040 1264 4109 εὐλαβῶς
1282 4061 1344 4097 cum
1363 4047 1411 4098 Cd.
1432 4051 1461 4099 in

76 4128 78 4132 ·
143 4115 318 4178 mpltepett.
338 4114 503 4174 Lambinus,
523 4111 652 4180 εὐλόγως
671 4114 724 4164 lili.
745 4115 797 4171 (lle
823 4112 851 4163 Μ
875 4126 929 4163 non
952 4120 1081 4176 constat.)
1104 4139 1132 4150 -
1153 4116 1197 4166 11.
1225 4115 1306 4180 quod]
1325 4131 1376 4180 quo
1395 4119 1416 4168 ll
1434 4127 1462 4171 et

144 4196 214 4234 corr.
233 4183 270 4234 Μ.
291 4209 322 4220 -
358 4185 402 4234 te.
422 4186 483 4248 quoi
500 4183 538 4234 Μ.
559 4206 590 4221 ·-
629 4185 671 4234 13.
691 4196 770 4246 quom
787 4184 893 4242 babere,
919 4185 965 4247 qui
982 4192 1060 4239 utor,
1087 4183 1172 4234 laetor
1190 4186 1354 4238 Lambinus:
1381 4201 1461 4251 quom

143 4253 252 4316 babere,
276 4255 321 4316 pul
345 4260 409 4303 setar
425 4254 508 4313 tile,
536 4267 616 4316 quom
632 4255 745 4304 delector
762 4254 854 4303 babere
871 4255 915 4317 put
933 4261 995 4303 utor
1018 4254 1054 4313 tt,
1085 4267 1165 4316 pum
1181 4256 1289 4318 bebere,
1317 4260 1363 4321 qui
1379 4267 1458 4321 utor,

143 4323 245 4386 pwdeo
271 4330 380 4374 anctore
403 4324 425 4373 l.
444 4322 631 4374 FaeGronorio
658 4324 824 4375 Scbnetains.
852 4348 880 4359 -
921 4322 963 4372 lb.
984 4323 1021 4373 do
1036 4347 1047 4357 ·
1065 4348 1076 4358 ·
1093 4323 1199 4385 bouem
1225 4320 1373 4379 versiculos
1400 4343 1460 4381 eaae

144 4393 211 4444 aldit
227 4393 398 4455 Tonantius,
418 4395 556 4445 constituit
573 4394 680 4446 Nobba:
701 4408 808 4457 prosam
827 4393 978 4442 orationem
997 4395 1157 4444 continuant
1174 4394 1270 4448 blillll.
1290 4423 1322 4432 -
1337 4398 1458 4464 persecu]

143 4461 251 4514 blalima
270 4476 384 4526 peraeee·
402 4463 454 4515 Oa.
475 4489 505 4502 -
542 4465 586 4514 17.
606 4462 641 4528 et]
667 4477 730 4527 erno
747 4463 769 4513 1.
789 4468 825 4522 (et
842 4463 938 4526 confice
954 4468 980 4512 et
996 4465 1036 4513 ito
1053 4477 1110 4514 cum
1127 4463 1205 4515 Potio
1222 4467 1326 4529 tonum
1344 4468 1410 4519 Coo.
1430 4472 1458 4520 in

143 4545 199 4596 mg.
226 4535 330 4597 Repett.
357 4531 464 4597 Lamb.)
486 4559 516 4571 -
554 4533 597 4585 18.
626 4534 726 4584 Scaeua
748 4529 830 4595 toqui]
857 4531 985 4583 Scuenulo
1009 4535 1054 4595 qui
1076 4534 1114 4595 ll,
1140 4534 1279 4587 Sceuolto:
1305 4541 1351 4603 qut
1376 4540 1399 4589 1.
1427 4565 1457 4576 -

142 4603 187 4655 2³.
204 4603 393 4654 Andromedam
411 4604 433 4654 1.
461 4630 494 4640 -
529 4604 573 4655 bb.
594 4601 734 4667 Corcyrae]
754 4615 857 4654 curren
874 4601 934 4652 bttt.
964 4624 994 4638 -
1027 4603 1072 4654 26.
1090 4601 1149 4668 epo]
1168 4619 1230 4669 erpo
1249 4607 1271 4658 Ι.
1295 4630 1323 4641 -
1361 4608 1459 4674 dambe-

160 4674 204 4724 tcu
220 4673 277 4724 ΖΜ.
297 4699 329 4710 -
365 4673 410 4724 27·
428 4671 508 4736 quod]
527 4675 591 4738 quid
609 4674 632 4725 1.
658 4697 691 4709 -
726 4673 769 4722 28.
787 4669 846 4736 itta]
864 4672 924 4733 ipso
941 4672 974 4722 tt.
1003 4695 1033 4708 -
1069 4672 1115 4724 32.
1134 4676 1237 4727 litterae
1254 4679 1366 4740 scriptus
1384 4681 1405 4729 Ι.
1427 4706 1458 4716 -

142 4688 186 4796 33.
213 4739 329 4862 aine]¹ai
351 4742 389 4794 Μ.
422 4768 453 4780 -
489 4747 673 4796 retractatione
703 4742 769 4795 Cnd.
798 4744 826 4794 in
852 4756 907 4804 mg.
937 4742 1043 4805 Repeti.
1071 4742 1167 4796 Lamb.
1186 4753 1213 4798 et
1235 4760 1290 4811 mn.
1320 4750 1402 4809 Crat,
1419 4762 1459 4798 re-

142 4816 270 4865 tractione
303 4849 311 4865 .
802 4844 806 4851 ·

224 4919 382 4963 muron
1228 4895 1270 4958 43
