<?xml version="1.0" encoding="UTF-8"?>
<!DOCTYPE html PUBLIC "-//W3C//DTD XHTML 1.0 Transitional//EN"
    "http://www.w3.org/TR/xhtml1/DTD/xhtml1-transitional.dtd">
<html xmlns="http://www.w3.org/1999/xhtml" xml:lang="en" lang="en">
 <head>
  <title>
</title>
<meta http-equiv="Content-Type" content="text/html;charset=utf-8" />
  <meta name='ocr-system' content='tesseract 3.04.00' />
  <meta name='ocr-capabilities' content='ocr_page ocr_carea ocr_par ocr_line ocrx_word'/>
</head>
<body>
  <div class='ocr_page' id='page_1' title='image "./operaquaesupers06halmgoog_0293.png"; bbox 0 0 3256 5400; ppageno 0'>
   <div class='ocr_carea' id='block_1_1' title="bbox 472 224 1463 306">
    <p class='ocr_par' dir='ltr' id='par_1_1' title="bbox 472 224 1463 306">
     <span class='ocr_line' id='line_1_1' title="bbox 472 224 1463 306; baseline -0.006 0"><span class='ocrx_word' id='word_1_1' title='bbox 472 242 548 306; x_wconf 89' lang='lat' dir='ltr'><strong>LIB.</strong></span> <span class='ocrx_word' id='word_1_2' title='bbox 569 239 638 304; x_wconf 81' lang='lat' dir='ltr'><strong>IIII.</strong></span> <span class='ocrx_word' id='word_1_3' title='bbox 680 229 740 302; x_wconf 80' lang='grc' dir='ltr'><strong>ΕΡ.</strong></span> <span class='ocrx_word' id='word_1_4' title='bbox 763 224 814 302; x_wconf 83' lang='lat'><strong>18&#39;.</strong></span> <span class='ocrx_word' id='word_1_5' title='bbox 837 237 887 302; x_wconf 82' lang='lat' dir='ltr'><strong>ts.</strong></span> <span class='ocrx_word' id='word_1_6' title='bbox 908 236 961 301; x_wconf 68' lang='lat' dir='ltr'><strong>FO.</strong></span> <span class='ocrx_word' id='word_1_7' title='bbox 981 231 1033 301; x_wconf 74' lang='lat'><strong>21.</strong></span> <span class='ocrx_word' id='word_1_8' title='bbox 1054 237 1107 300; x_wconf 69' lang='lat'><strong>22</strong></span> <span class='ocrx_word' id='word_1_9' title='bbox 1399 235 1463 301; x_wconf 76' lang='lat'><strong>223</strong></span> 
     </span>
    </p>
   </div>
   <div class='ocr_carea' id='block_1_2' title="bbox 140 390 1488 958">
    <p class='ocr_par' dir='ltr' id='par_1_2' title="bbox 140 390 1463 480">
     <span class='ocr_line' id='line_1_2' title="bbox 140 390 1463 480; baseline -0.008 -11"><span class='ocrx_word' id='word_1_10' title='bbox 140 405 216 473; x_wconf 92' lang='lat' dir='ltr'><strong>dum</strong></span> <span class='ocrx_word' id='word_1_11' title='bbox 237 421 303 467; x_wconf 93' lang='lat' dir='ltr'><strong>non</strong></span> <span class='ocrx_word' id='word_1_12' title='bbox 323 395 478 470; x_wconf 84' lang='lat' dir='ltr'>habebis,</span> <span class='ocrx_word' id='word_1_13' title='bbox 513 416 578 461; x_wconf 92' lang='lat' dir='ltr'><strong>non</strong></span> <span class='ocrx_word' id='word_1_14' title='bbox 599 404 630 461; x_wconf 88' lang='lat' dir='ltr'><strong>te</strong></span> <span class='ocrx_word' id='word_1_15' title='bbox 651 393 751 479; x_wconf 86' lang='lat' dir='ltr'><strong>lugiet</strong></span> <span class='ocrx_word' id='word_1_16' title='bbox 770 393 817 460; x_wconf 91' lang='lat' dir='ltr'><strong>uti</strong></span> <span class='ocrx_word' id='word_1_17' title='bbox 837 393 969 460; x_wconf 91' lang='lat' dir='ltr'><strong>consilio</strong></span> <span class='ocrx_word' id='word_1_18' title='bbox 989 398 1030 460; x_wconf 97' lang='grc' dir='ltr'><strong>Μ.</strong></span> <span class='ocrx_word' id='word_1_19' title='bbox 1051 390 1178 469; x_wconf 86' lang='lat' dir='ltr'><strong>Bibuli,</strong></span> <span class='ocrx_word' id='word_1_20' title='bbox 1213 392 1269 479; x_wconf 93' lang='lat' dir='ltr'><strong>qui</strong></span> <span class='ocrx_word' id='word_1_21' title='bbox 1290 414 1324 460; x_wconf 89' lang='lat' dir='ltr'><strong>se</strong></span> <span class='ocrx_word' id='word_1_22' title='bbox 1344 392 1463 480; x_wconf 90' lang='lat' dir='ltr'><strong>oppido</strong></span> 
     </span>
    </p>

    <p class='ocr_par' dir='ltr' id='par_1_3' title="bbox 140 485 1464 576">
     <span class='ocr_line' id='line_1_3' title="bbox 140 485 1464 576; baseline -0.009 -13"><span class='ocrx_word' id='word_1_23' title='bbox 140 495 351 564; x_wconf 86' lang='lat' dir='ltr'><strong>munitissimo</strong></span> <span class='ocrx_word' id='word_1_24' title='bbox 371 503 403 558; x_wconf 90' lang='lat' dir='ltr'><strong>et</strong></span> <span class='ocrx_word' id='word_1_25' title='bbox 423 488 641 576; x_wconf 91' lang='lat' dir='ltr'><strong>copiosissimo</strong></span> <span class='ocrx_word' id='word_1_26' title='bbox 663 487 780 553; x_wconf 87' lang='lat' dir='ltr'><strong>tamdiu</strong></span> <span class='ocrx_word' id='word_1_27' title='bbox 802 487 920 564; x_wconf 85' lang='lat' dir='ltr'><strong>tenuit,</strong></span> <span class='ocrx_word' id='word_1_28' title='bbox 952 488 1102 576; x_wconf 91' lang='lat' dir='ltr'><strong>quamdiu</strong></span> <span class='ocrx_word' id='word_1_29' title='bbox 1124 490 1155 555; x_wconf 91' lang='lat' dir='ltr'><strong>in</strong></span> <span class='ocrx_word' id='word_1_30' title='bbox 1176 487 1339 576; x_wconf 84' lang='lat' dir='ltr'><strong>provincia</strong></span> <span class='ocrx_word' id='word_1_31' title='bbox 1358 485 1464 553; x_wconf 80' lang='lat' dir='ltr'>Parthi</span> 
     </span>
    </p>

    <p class='ocr_par' dir='ltr' id='par_1_4' title="bbox 141 581 1463 668">
     <span class='ocr_line' id='line_1_4' title="bbox 141 581 1463 668; baseline -0.009 -10"><span class='ocrx_word' id='word_1_32' title='bbox 141 591 278 658; x_wconf 76' lang='lat' dir='ltr'><strong>inerunt</strong></span> <span class='ocrx_word' id='word_1_33' title='bbox 334 592 366 653; x_wconf 81' lang='lat'><strong>3.</strong></span> <span class='ocrx_word' id='word_1_34' title='bbox 399 584 461 651; x_wconf 90' lang='lat' dir='ltr'><strong>Sed</strong></span> <span class='ocrx_word' id='word_1_35' title='bbox 492 584 568 648; x_wconf 89' lang='lat' dir='ltr'><strong>baec</strong></span> <span class='ocrx_word' id='word_1_36' title='bbox 595 581 707 647; x_wconf 91' lang='lat' dir='ltr'><strong>melius</strong></span> <span class='ocrx_word' id='word_1_37' title='bbox 734 602 775 646; x_wconf 85' lang='lat' dir='ltr'><strong>ex</strong></span> <span class='ocrx_word' id='word_1_38' title='bbox 806 602 843 646; x_wconf 89' lang='lat' dir='ltr'><strong>re</strong></span> <span class='ocrx_word' id='word_1_39' title='bbox 862 591 904 666; x_wconf 6' lang='lat' dir='ltr'><strong>pet</strong></span> <span class='ocrx_word' id='word_1_40' title='bbox 924 603 966 647; x_wconf 83' lang='lat' dir='ltr'><strong>ex</strong></span> <span class='ocrx_word' id='word_1_41' title='bbox 989 593 1130 668; x_wconf 87' lang='lat' dir='ltr'><strong>tempore</strong></span> <span class='ocrx_word' id='word_1_42' title='bbox 1151 584 1331 649; x_wconf 75' lang='lat' dir='ltr'><strong>constitues.</strong></span> <span class='ocrx_word' id='word_1_43' title='bbox 1386 581 1463 648; x_wconf 84' lang='lat' dir='ltr'><strong>Mihi</strong></span> 
     </span>
    </p>

    <p class='ocr_par' dir='ltr' id='par_1_5' title="bbox 140 673 1463 772">
     <span class='ocr_line' id='line_1_5' title="bbox 140 673 1463 772; baseline -0.007 -23"><span class='ocrx_word' id='word_1_44' title='bbox 140 684 269 772; x_wconf 90' lang='lat' dir='ltr'><strong>quidem</strong></span> <span class='ocrx_word' id='word_1_45' title='bbox 290 701 390 768; x_wconf 90' lang='lat' dir='ltr'><strong>usque</strong></span> <span class='ocrx_word' id='word_1_46' title='bbox 409 697 504 743; x_wconf 89' lang='lat' dir='ltr'><strong>curae</strong></span> <span class='ocrx_word' id='word_1_47' title='bbox 525 675 599 751; x_wconf 91' lang='lat' dir='ltr'><strong>crit,</strong></span> <span class='ocrx_word' id='word_1_48' title='bbox 621 673 699 761; x_wconf 89' lang='lat' dir='ltr'><strong>quid</strong></span> <span class='ocrx_word' id='word_1_49' title='bbox 719 694 806 759; x_wconf 83' lang='lat' dir='ltr'><strong>ages,</strong></span> <span class='ocrx_word' id='word_1_50' title='bbox 829 674 918 748; x_wconf 89' lang='lat' dir='ltr'><strong>dum,</strong></span> <span class='ocrx_word' id='word_1_51' title='bbox 942 675 1019 762; x_wconf 90' lang='lat' dir='ltr'><strong>qnid</strong></span> <span class='ocrx_word' id='word_1_52' title='bbox 1032 676 1152 762; x_wconf 89' lang='lat' dir='ltr'><strong>egeris,</strong></span> <span class='ocrx_word' id='word_1_53' title='bbox 1176 677 1288 742; x_wconf 80' lang='lat' dir='ltr'><strong>sciero.</strong></span> <span class='ocrx_word' id='word_1_54' title='bbox 1330 676 1463 741; x_wconf 74' lang='lat' dir='ltr'><strong>Litteras</strong></span> 
     </span>
    </p>

    <p class='ocr_par' dir='ltr' id='par_1_6' title="bbox 141 767 1488 958">
     <span class='ocr_line' id='line_1_6' title="bbox 141 767 1488 860; baseline -0.005 -16"><span class='ocrx_word' id='word_1_55' title='bbox 141 777 182 843; x_wconf 81' lang='lat' dir='ltr'><strong>ad</strong></span> <span class='ocrx_word' id='word_1_56' title='bbox 204 786 234 842; x_wconf 91' lang='lat' dir='ltr'><strong>te</strong></span> <span class='ocrx_word' id='word_1_57' title='bbox 256 793 414 860; x_wconf 89' lang='lat' dir='ltr'><strong>nunquam</strong></span> <span class='ocrx_word' id='word_1_58' title='bbox 435 770 529 835; x_wconf 90' lang='lat' dir='ltr'><strong>babui</strong></span> <span class='ocrx_word' id='word_1_59' title='bbox 551 769 602 834; x_wconf 89' lang='lat' dir='ltr'><strong>cui</strong></span> <span class='ocrx_word' id='word_1_60' title='bbox 624 768 747 841; x_wconf 88' lang='lat' dir='ltr'><strong>darem,</strong></span> <span class='ocrx_word' id='word_1_61' title='bbox 776 769 851 854; x_wconf 92' lang='lat' dir='ltr'><strong>quin</strong></span> <span class='ocrx_word' id='word_1_62' title='bbox 872 767 1025 836; x_wconf 82' lang='lat' dir='ltr'><strong>dederim.</strong></span> <span class='ocrx_word' id='word_1_63' title='bbox 1069 777 1168 843; x_wconf 84' lang='lat' dir='ltr'><strong>Ate,</strong></span> <span class='ocrx_word' id='word_1_64' title='bbox 1191 778 1226 836; x_wconf 91' lang='lat' dir='ltr'><strong>ut</strong></span> <span class='ocrx_word' id='word_1_65' title='bbox 1246 769 1330 835; x_wconf 87' lang='lat' dir='ltr'><strong>idem</strong></span> <span class='ocrx_word' id='word_1_66' title='bbox 1353 769 1488 847; x_wconf 84' lang='lat' dir='ltr'><strong>sacias‚s</strong></span> 
     </span>
     <span class='ocr_line' id='line_1_7' title="bbox 141 859 1380 958; baseline -0.002 -25"><span class='ocrx_word' id='word_1_67' title='bbox 141 880 231 958; x_wconf 86' lang='lat' dir='ltr'><strong>peto,</strong></span> <span class='ocrx_word' id='word_1_68' title='bbox 253 869 286 935; x_wconf 90' lang='lat' dir='ltr'><strong>iu</strong></span> <span class='ocrx_word' id='word_1_69' title='bbox 307 866 495 954; x_wconf 90' lang='lat' dir='ltr'><strong>primisque,</strong></span> <span class='ocrx_word' id='word_1_70' title='bbox 516 872 552 929; x_wconf 90' lang='lat' dir='ltr'><strong>ut</strong></span> <span class='ocrx_word' id='word_1_71' title='bbox 571 861 616 926; x_wconf 88' lang='lat' dir='ltr'><strong>ita</strong></span> <span class='ocrx_word' id='word_1_72' title='bbox 636 859 677 925; x_wconf 94' lang='lat' dir='ltr'><strong>ad</strong></span> <span class='ocrx_word' id='word_1_73' title='bbox 693 868 764 926; x_wconf 87' lang='lat' dir='ltr'><strong>tuos</strong></span> <span class='ocrx_word' id='word_1_74' title='bbox 784 861 917 936; x_wconf 90' lang='lat' dir='ltr'><strong>scribas,</strong></span> <span class='ocrx_word' id='word_1_75' title='bbox 944 872 980 929; x_wconf 93' lang='lat' dir='ltr'><strong>ut</strong></span> <span class='ocrx_word' id='word_1_76' title='bbox 1001 883 1052 928; x_wconf 89' lang='lat' dir='ltr'><strong>me</strong></span> <span class='ocrx_word' id='word_1_77' title='bbox 1072 875 1161 930; x_wconf 89' lang='lat' dir='ltr'><strong>tuum</strong></span> <span class='ocrx_word' id='word_1_78' title='bbox 1183 864 1281 930; x_wconf 78' lang='lat' dir='ltr'><strong>scium</strong></span> <span class='ocrx_word' id='word_1_79' title='bbox 1300 884 1380 930; x_wconf 89' lang='lat' dir='ltr'><strong>esse.</strong></span> 
     </span>
    </p>
   </div>
   <div class='ocr_carea' id='block_1_3' title="bbox 620 999 987 1086">
    <p class='ocr_par' dir='ltr' id='par_1_7' title="bbox 620 999 987 1086">
     <span class='ocr_line' id='line_1_8' title="bbox 620 999 987 1086; baseline 0.005 -22"><span class='ocrx_word' id='word_1_80' title='bbox 620 1002 687 1065; x_wconf 83' lang='lat' dir='ltr'><strong>XX.</strong></span> <span class='ocrx_word' id='word_1_81' title='bbox 731 999 987 1086; x_wconf 79' lang='lat' dir='ltr'><strong>(Auno&#39;t&#39;ncerto.)</strong></span> 
     </span>
    </p>
   </div>
   <div class='ocr_carea' id='block_1_4' title="bbox 600 1122 1002 1190">
    <p class='ocr_par' dir='ltr' id='par_1_8' title="bbox 600 1122 1002 1190">
     <span class='ocr_line' id='line_1_9' title="bbox 600 1122 1002 1190; baseline 0.005 -2"><span class='ocrx_word' id='word_1_82' title='bbox 600 1122 743 1188; x_wconf 84' lang='lat' dir='ltr'>CICERO</span> <span class='ocrx_word' id='word_1_83' title='bbox 767 1124 1002 1190; x_wconf 79' lang='lat' dir='ltr'><strong>CORNIFICIO.</strong></span> 
     </span>
    </p>
   </div>
   <div class='ocr_carea' id='block_1_5' title="bbox 87 1233 1506 1885">
    <p class='ocr_par' dir='ltr' id='par_1_9' title="bbox 143 1233 1503 1793">
     <span class='ocr_line' id='line_1_10' title="bbox 228 1233 1463 1320; baseline -0.002 -11"><span class='ocrx_word' id='word_1_84' title='bbox 228 1249 340 1311; x_wconf 84' lang='lat' dir='ltr'><strong>Gretae</strong></span> <span class='ocrx_word' id='word_1_85' title='bbox 371 1237 448 1304; x_wconf 91' lang='lat' dir='ltr'><strong>mibi</strong></span> <span class='ocrx_word' id='word_1_86' title='bbox 476 1244 549 1301; x_wconf 89' lang='lat' dir='ltr'><strong>tuae</strong></span> <span class='ocrx_word' id='word_1_87' title='bbox 576 1234 715 1310; x_wconf 77' lang='lat' dir='ltr'><strong>litterae,</strong></span> <span class='ocrx_word' id='word_1_88' title='bbox 751 1233 813 1298; x_wconf 87' lang='lat' dir='ltr'><strong>nisi</strong></span> <span class='ocrx_word' id='word_1_89' title='bbox 840 1234 926 1320; x_wconf 94' lang='lat' dir='ltr'><strong>quod</strong></span> <span class='ocrx_word' id='word_1_90' title='bbox 953 1235 1176 1301; x_wconf 74' lang='lat' dir='ltr'><strong>Sinuessanum</strong></span> <span class='ocrx_word' id='word_1_91' title='bbox 1212 1236 1463 1307; x_wconf 74' lang='lat' dir='ltr'><strong>deversoriolum</strong></span> 
     </span>
     <span class='ocr_line' id='line_1_11' title="bbox 143 1327 1503 1423; baseline -0.003 -18"><span class='ocrx_word' id='word_1_92' title='bbox 143 1335 369 1423; x_wconf 88' lang='lat' dir='ltr'><strong>contempsisti.</strong></span> <span class='ocrx_word' id='word_1_93' title='bbox 426 1335 527 1409; x_wconf 86' lang='lat' dir='ltr'><strong>Quam</strong></span> <span class='ocrx_word' id='word_1_94' title='bbox 562 1327 690 1414; x_wconf 89' lang='lat' dir='ltr'><strong>quidem</strong></span> <span class='ocrx_word' id='word_1_95' title='bbox 724 1328 942 1393; x_wconf 90' lang='lat' dir='ltr'><strong>contumeliam</strong></span> <span class='ocrx_word' id='word_1_96' title='bbox 972 1329 1044 1395; x_wconf 86' lang='lat' dir='ltr'><strong>villa</strong></span> <span class='ocrx_word' id='word_1_97' title='bbox 1075 1331 1185 1416; x_wconf 89' lang='lat' dir='ltr'><strong>pusilla</strong></span> <span class='ocrx_word' id='word_1_98' title='bbox 1218 1332 1328 1418; x_wconf 88' lang='lat' dir='ltr'><strong>iniquo</strong></span> <span class='ocrx_word' id='word_1_99' title='bbox 1360 1339 1503 1401; x_wconf 76' lang='lat' dir='ltr'><strong>ammoto</strong></span> 
     </span>
     <span class='ocr_line' id='line_1_12' title="bbox 143 1420 1467 1511; baseline -0.005 -12"><span class='ocrx_word' id='word_1_100' title='bbox 143 1433 240 1506; x_wconf 83' lang='lat' dir='ltr'><strong>teret,</strong></span> <span class='ocrx_word' id='word_1_101' title='bbox 263 1431 322 1495; x_wconf 89' lang='lat' dir='ltr'><strong>nisi</strong></span> <span class='ocrx_word' id='word_1_102' title='bbox 343 1429 376 1493; x_wconf 89' lang='lat' dir='ltr'><strong>in</strong></span> <span class='ocrx_word' id='word_1_103' title='bbox 398 1431 536 1493; x_wconf 81' lang='lat' dir='ltr'><strong>Cumano</strong></span> <span class='ocrx_word' id='word_1_104' title='bbox 551 1420 787 1505; x_wconf 78' lang='lat' dir='ltr'><strong>etrompeiano</strong></span> <span class='ocrx_word' id='word_1_105' title='bbox 809 1420 985 1489; x_wconf 84' lang='lat' dir='ltr'><strong>reddideris</strong></span> <span class='ocrx_word' id='word_1_106' title='bbox 1007 1427 1115 1490; x_wconf 78' lang='grc' dir='ltr'><em>πάντα</em></span> <span class='ocrx_word' id='word_1_107' title='bbox 1138 1437 1211 1511; x_wconf 80' lang='grc' dir='ltr'><strong>περὶ</strong></span> <span class='ocrx_word' id='word_1_108' title='bbox 1234 1428 1372 1492; x_wconf 79' lang='grc' dir='ltr'><strong>πάντων.</strong></span> <span class='ocrx_word' id='word_1_109' title='bbox 1416 1429 1467 1493; x_wconf 83' lang='lat' dir='ltr'><strong>Sic</strong></span> 
     </span>
     <span class='ocr_line' id='line_1_13' title="bbox 144 1515 1466 1613; baseline -0.005 -22"><span class='ocrx_word' id='word_1_110' title='bbox 144 1526 242 1613; x_wconf 89' lang='lat' dir='ltr'><strong>igitur</strong></span> <span class='ocrx_word' id='word_1_111' title='bbox 263 1524 356 1589; x_wconf 84' lang='lat' dir='ltr'><strong>iacies</strong></span> <span class='ocrx_word' id='word_1_112' title='bbox 377 1541 490 1607; x_wconf 92' lang='lat' dir='ltr'><strong>meque</strong></span> <span class='ocrx_word' id='word_1_113' title='bbox 512 1516 630 1584; x_wconf 88' lang='lat' dir='ltr'><strong>amabis</strong></span> <span class='ocrx_word' id='word_1_114' title='bbox 652 1525 683 1580; x_wconf 90' lang='lat' dir='ltr'><strong>et</strong></span> <span class='ocrx_word' id='word_1_115' title='bbox 703 1515 821 1600; x_wconf 90' lang='lat' dir='ltr'><strong>scripto</strong></span> <span class='ocrx_word' id='word_1_116' title='bbox 842 1515 947 1602; x_wconf 90' lang='lat' dir='ltr'><strong>aliquo</strong></span> <span class='ocrx_word' id='word_1_117' title='bbox 962 1517 1104 1584; x_wconf 85' lang='lat' dir='ltr'><strong>lacesses.</strong></span> <span class='ocrx_word' id='word_1_118' title='bbox 1147 1525 1214 1606; x_wconf 85' lang='lat' dir='ltr'><strong>Ego</strong></span> <span class='ocrx_word' id='word_1_119' title='bbox 1237 1521 1319 1584; x_wconf 93' lang='lat' dir='ltr'><strong>enim</strong></span> <span class='ocrx_word' id='word_1_120' title='bbox 1335 1542 1466 1607; x_wconf 91' lang='lat' dir='ltr'><strong>respon-</strong></span> 
     </span>
     <span class='ocr_line' id='line_1_14' title="bbox 145 1610 1469 1701; baseline -0.004 -17"><span class='ocrx_word' id='word_1_121' title='bbox 145 1621 222 1686; x_wconf 91' lang='lat' dir='ltr'><strong>dere</strong></span> <span class='ocrx_word' id='word_1_122' title='bbox 243 1616 364 1682; x_wconf 81' lang='lat' dir='ltr'><strong>facilius</strong></span> <span class='ocrx_word' id='word_1_123' title='bbox 388 1635 516 1701; x_wconf 91' lang='lat' dir='ltr'><strong>possum</strong></span> <span class='ocrx_word' id='word_1_124' title='bbox 538 1632 632 1699; x_wconf 92' lang='lat' dir='ltr'><strong>quam</strong></span> <span class='ocrx_word' id='word_1_125' title='bbox 652 1629 836 1696; x_wconf 84' lang='lat' dir='ltr'><strong>provocare.</strong></span> <span class='ocrx_word' id='word_1_126' title='bbox 896 1610 1038 1688; x_wconf 84' lang='lat' dir='ltr'><strong>Quodsi,</strong></span> <span class='ocrx_word' id='word_1_127' title='bbox 1070 1622 1105 1678; x_wconf 97' lang='lat' dir='ltr'><strong>ut</strong></span> <span class='ocrx_word' id='word_1_128' title='bbox 1125 1635 1174 1689; x_wconf 86' lang='lat' dir='ltr'><strong>es,</strong></span> <span class='ocrx_word' id='word_1_129' title='bbox 1197 1613 1349 1689; x_wconf 86' lang='lat' dir='ltr'><strong>cessabis,</strong></span> <span class='ocrx_word' id='word_1_130' title='bbox 1372 1614 1469 1679; x_wconf 87' lang='lat' dir='ltr'><strong>laces-</strong></span> 
     </span>
     <span class='ocr_line' id='line_1_15' title="bbox 145 1702 1467 1793; baseline -0.004 -14"><span class='ocrx_word' id='word_1_131' title='bbox 145 1735 228 1787; x_wconf 87' lang='lat' dir='ltr'><strong>sam,</strong></span> <span class='ocrx_word' id='word_1_132' title='bbox 255 1732 312 1776; x_wconf 90' lang='lat' dir='ltr'><strong>nec</strong></span> <span class='ocrx_word' id='word_1_133' title='bbox 333 1720 386 1775; x_wconf 83' lang='lat' dir='ltr'><strong>tua</strong></span> <span class='ocrx_word' id='word_1_134' title='bbox 407 1707 530 1793; x_wconf 85' lang='lat' dir='ltr'><strong>ignavia</strong></span> <span class='ocrx_word' id='word_1_135' title='bbox 550 1705 643 1770; x_wconf 87' lang='lat' dir='ltr'><strong>etiam</strong></span> <span class='ocrx_word' id='word_1_136' title='bbox 665 1702 743 1767; x_wconf 91' lang='lat' dir='ltr'><strong>mibi</strong></span> <span class='ocrx_word' id='word_1_137' title='bbox 767 1703 912 1769; x_wconf 91' lang='lat' dir='ltr'><strong>inertiam</strong></span> <span class='ocrx_word' id='word_1_138' title='bbox 934 1704 1053 1771; x_wconf 84' lang='lat' dir='ltr'><strong>afferet.</strong></span> <span class='ocrx_word' id='word_1_139' title='bbox 1095 1707 1189 1773; x_wconf 87' lang='lat' dir='ltr'><strong>Plura</strong></span> <span class='ocrx_word' id='word_1_140' title='bbox 1208 1707 1352 1787; x_wconf 81' lang='lat' dir='ltr'><strong>otiosus3</strong></span> <span class='ocrx_word' id='word_1_141' title='bbox 1375 1708 1467 1782; x_wconf 92' lang='lat' dir='ltr'><strong>baec,</strong></span> 
     </span>
    </p>

    <p class='ocr_par' dir='ltr' id='par_1_10' title="bbox 87 1795 1506 1885">
     <span class='ocr_line' id='line_1_16' title="bbox 87 1795 1506 1885; baseline -0.013 -11"><span class='ocrx_word' id='word_1_142' title='bbox 87 1881 88 1885; x_wconf 41' lang='lat'><strong>,</strong></span> <span class='ocrx_word' id='word_1_143' title='bbox 145 1828 217 1874; x_wconf 81' lang='lat' dir='ltr'><strong>unm</strong></span> <span class='ocrx_word' id='word_1_144' title='bbox 238 1826 340 1871; x_wconf 89' lang='lat' dir='ltr'><strong>essem</strong></span> <span class='ocrx_word' id='word_1_145' title='bbox 360 1803 394 1869; x_wconf 91' lang='lat' dir='ltr'><strong>iu</strong></span> <span class='ocrx_word' id='word_1_146' title='bbox 413 1811 539 1875; x_wconf 90' lang='lat' dir='ltr'><strong>senatu,</strong></span> <span class='ocrx_word' id='word_1_147' title='bbox 561 1795 699 1865; x_wconf 87' lang='lat' dir='ltr'><strong>exaravi.</strong></span> <span class='ocrx_word' id='word_1_148' title='bbox 1478 1815 1506 1856; x_wconf 83' lang='lat' dir='ltr'><strong>rs</strong></span> 
     </span>
    </p>
   </div>
   <div class='ocr_carea' id='block_1_6' title="bbox 602 1935 1011 2020">
    <p class='ocr_par' dir='ltr' id='par_1_11' title="bbox 602 1935 1011 2020">
     <span class='ocr_line' id='line_1_17' title="bbox 602 1935 1011 2020; baseline 0 -17"><span class='ocrx_word' id='word_1_149' title='bbox 602 1939 686 2003; x_wconf 75' lang='lat' dir='ltr'><strong>xri.</strong></span> <span class='ocrx_word' id='word_1_150' title='bbox 729 1935 783 2018; x_wconf 78' lang='lat' dir='ltr'><strong>(a.</strong></span> <span class='ocrx_word' id='word_1_151' title='bbox 809 1939 1011 2020; x_wconf 83' lang='lat' dir='ltr'><strong>uc.710.)</strong></span> 
     </span>
    </p>
   </div>
   <div class='ocr_carea' id='block_1_7' title="bbox 611 2059 1011 2127">
    <p class='ocr_par' dir='ltr' id='par_1_12' title="bbox 611 2059 1011 2127">
     <span class='ocr_line' id='line_1_18' title="bbox 611 2059 1011 2127; baseline 0.003 -1"><span class='ocrx_word' id='word_1_152' title='bbox 611 2060 753 2126; x_wconf 83' lang='lat' dir='ltr'><strong>CICERO</strong></span> <span class='ocrx_word' id='word_1_153' title='bbox 777 2059 1011 2127; x_wconf 77' lang='lat' dir='ltr'><strong>CORNIFICIO.</strong></span> 
     </span>
    </p>
   </div>
   <div class='ocr_carea' id='block_1_8' title="bbox 134 2171 1510 3091">
    <p class='ocr_par' dir='ltr' id='par_1_13' title="bbox 134 2171 1510 3091">
     <span class='ocr_line' id='line_1_19' title="bbox 230 2171 1469 2265; baseline 0.002 -21"><span class='ocrx_word' id='word_1_154' title='bbox 230 2184 265 2248; x_wconf 82' lang='lat' dir='ltr'><strong>G.</strong></span> <span class='ocrx_word' id='word_1_155' title='bbox 286 2176 432 2251; x_wconf 82' lang='lat' dir='ltr'><strong>Anicius,</strong></span> <span class='ocrx_word' id='word_1_156' title='bbox 467 2171 628 2239; x_wconf 80' lang='lat' dir='ltr'><strong>familiaris</strong></span> <span class='ocrx_word' id='word_1_157' title='bbox 649 2189 753 2245; x_wconf 87' lang='lat' dir='ltr'><strong>meus,</strong></span> <span class='ocrx_word' id='word_1_158' title='bbox 786 2171 836 2235; x_wconf 87' lang='lat' dir='ltr'><strong>vir</strong></span> <span class='ocrx_word' id='word_1_159' title='bbox 856 2171 1002 2238; x_wconf 89' lang='lat' dir='ltr'><strong>omnibus</strong></span> <span class='ocrx_word' id='word_1_160' title='bbox 1021 2173 1121 2239; x_wconf 88' lang='lat' dir='ltr'><strong>rebus</strong></span> <span class='ocrx_word' id='word_1_161' title='bbox 1142 2186 1292 2252; x_wconf 88' lang='lat' dir='ltr'><strong>ornatus,</strong></span> <span class='ocrx_word' id='word_1_162' title='bbox 1328 2180 1469 2265; x_wconf 88' lang='lat' dir='ltr'><strong>negotio-</strong></span> 
     </span>
     <span class='ocr_line' id='line_1_20' title="bbox 147 2262 1469 2352; baseline -0.003 -9"><span class='ocrx_word' id='word_1_163' title='bbox 147 2297 219 2343; x_wconf 89' lang='lat' dir='ltr'><strong>rum</strong></span> <span class='ocrx_word' id='word_1_164' title='bbox 241 2293 371 2339; x_wconf 90' lang='lat' dir='ltr'><strong>suorum</strong></span> <span class='ocrx_word' id='word_1_165' title='bbox 392 2289 485 2335; x_wconf 88' lang='lat' dir='ltr'><strong>causa</strong></span> <span class='ocrx_word' id='word_1_166' title='bbox 506 2268 625 2352; x_wconf 89' lang='lat' dir='ltr'><strong>legatus</strong></span> <span class='ocrx_word' id='word_1_167' title='bbox 647 2262 747 2328; x_wconf 89' lang='lat' dir='ltr'><strong>estin</strong></span> <span class='ocrx_word' id='word_1_168' title='bbox 775 2264 912 2331; x_wconf 84' lang='lat' dir='ltr'><strong>Africam</strong></span> <span class='ocrx_word' id='word_1_169' title='bbox 933 2266 1088 2352; x_wconf 88' lang='lat' dir='ltr'><strong>legatione</strong></span> <span class='ocrx_word' id='word_1_170' title='bbox 1111 2268 1219 2334; x_wconf 87' lang='lat' dir='ltr'><strong>libera.</strong></span> <span class='ocrx_word' id='word_1_171' title='bbox 1272 2276 1352 2337; x_wconf 89' lang='lat' dir='ltr'><strong>Eum</strong></span> <span class='ocrx_word' id='word_1_172' title='bbox 1373 2274 1469 2339; x_wconf 83' lang='lat' dir='ltr'><strong>velim</strong></span> 
     </span>
     <span class='ocr_line' id='line_1_21' title="bbox 148 2357 1507 2446; baseline -0.007 -11"><span class='ocrx_word' id='word_1_173' title='bbox 148 2369 243 2436; x_wconf 89' lang='lat' dir='ltr'><strong>rebus</strong></span> <span class='ocrx_word' id='word_1_174' title='bbox 273 2364 419 2432; x_wconf 90' lang='lat' dir='ltr'><strong>omnibus</strong></span> <span class='ocrx_word' id='word_1_175' title='bbox 444 2361 573 2426; x_wconf 88' lang='lat' dir='ltr'><strong>adiuves</strong></span> <span class='ocrx_word' id='word_1_176' title='bbox 599 2376 791 2444; x_wconf 84' lang='lat' dir='ltr'><strong>operamque</strong></span> <span class='ocrx_word' id='word_1_177' title='bbox 832 2357 905 2433; x_wconf 90' lang='lat' dir='ltr'><strong>des,</strong></span> <span class='ocrx_word' id='word_1_178' title='bbox 941 2369 976 2425; x_wconf 94' lang='lat' dir='ltr'><strong>ut</strong></span> <span class='ocrx_word' id='word_1_179' title='bbox 1011 2381 1103 2446; x_wconf 87' lang='lat' dir='ltr'><strong>quam</strong></span> <span class='ocrx_word' id='word_1_180' title='bbox 1139 2364 1392 2431; x_wconf 87' lang='lat' dir='ltr'><strong>commodissime</strong></span> <span class='ocrx_word' id='word_1_181' title='bbox 1412 2387 1507 2433; x_wconf 78' lang='lat' dir='ltr'><strong>suaso</strong></span> 
     </span>
     <span class='ocr_line' id='line_1_22' title="bbox 148 2450 1469 2549; baseline -0.004 -19"><span class='ocrx_word' id='word_1_182' title='bbox 148 2461 274 2549; x_wconf 88' lang='lat' dir='ltr'><strong>negotia</strong></span> <span class='ocrx_word' id='word_1_183' title='bbox 299 2457 460 2534; x_wconf 80' lang='lat' dir='ltr'><strong>conficiat3</strong></span> <span class='ocrx_word' id='word_1_184' title='bbox 496 2455 528 2520; x_wconf 93' lang='lat' dir='ltr'><strong>in</strong></span> <span class='ocrx_word' id='word_1_185' title='bbox 560 2450 754 2540; x_wconf 83' lang='lat' dir='ltr'><strong>primisque,</strong></span> <span class='ocrx_word' id='word_1_186' title='bbox 791 2452 876 2537; x_wconf 92' lang='lat' dir='ltr'><strong>quod</strong></span> <span class='ocrx_word' id='word_1_187' title='bbox 902 2452 932 2517; x_wconf 94' lang='lat' dir='ltr'><strong>ei</strong></span> <span class='ocrx_word' id='word_1_188' title='bbox 968 2454 1164 2519; x_wconf 90' lang='lat' dir='ltr'><strong>carissimum</strong></span> <span class='ocrx_word' id='word_1_189' title='bbox 1186 2465 1255 2532; x_wconf 87' lang='lat' dir='ltr'><strong>est,</strong></span> <span class='ocrx_word' id='word_1_190' title='bbox 1289 2458 1469 2543; x_wconf 86' lang='lat' dir='ltr'><strong>dignitatem</strong></span> 
     </span>
     <span class='ocr_line' id='line_1_23' title="bbox 134 2544 1470 2635; baseline -0.003 -13"><span class='ocrx_word' id='word_1_191' title='bbox 134 2544 218 2622; x_wconf 56' lang='lat' dir='ltr'><strong>&#39;eins</strong></span> <span class='ocrx_word' id='word_1_192' title='bbox 243 2553 300 2619; x_wconf 87' lang='lat' dir='ltr'><strong>tibi</strong></span> <span class='ocrx_word' id='word_1_193' title='bbox 330 2548 530 2623; x_wconf 86' lang='lat' dir='ltr'><strong>commendo,</strong></span> <span class='ocrx_word' id='word_1_194' title='bbox 566 2546 661 2632; x_wconf 91' lang='lat' dir='ltr'><strong>idque</strong></span> <span class='ocrx_word' id='word_1_195' title='bbox 689 2562 708 2606; x_wconf 79' lang='lat' dir='ltr'><strong>a</strong></span> <span class='ocrx_word' id='word_1_196' title='bbox 736 2551 765 2607; x_wconf 90' lang='lat' dir='ltr'><strong>te</strong></span> <span class='ocrx_word' id='word_1_197' title='bbox 793 2556 887 2630; x_wconf 88' lang='lat' dir='ltr'><strong>peto,</strong></span> <span class='ocrx_word' id='word_1_198' title='bbox 921 2547 1006 2633; x_wconf 92' lang='lat' dir='ltr'><strong>quod</strong></span> <span class='ocrx_word' id='word_1_199' title='bbox 1035 2548 1101 2632; x_wconf 91' lang='lat' dir='ltr'><strong>ipse</strong></span> <span class='ocrx_word' id='word_1_200' title='bbox 1129 2549 1161 2613; x_wconf 92' lang='lat' dir='ltr'><strong>in</strong></span> <span class='ocrx_word' id='word_1_201' title='bbox 1182 2551 1343 2635; x_wconf 84' lang='lat' dir='ltr'><strong>provincia</strong></span> <span class='ocrx_word' id='word_1_202' title='bbox 1366 2551 1470 2618; x_wconf 90' lang='lat' dir='ltr'><strong>facere</strong></span> 
     </span>
     <span class='ocr_line' id='line_1_24' title="bbox 149 2636 1472 2732; baseline -0.007 -16"><span class='ocrx_word' id='word_1_203' title='bbox 149 2671 220 2716; x_wconf 87' lang='lat' dir='ltr'><strong>sum</strong></span> <span class='ocrx_word' id='word_1_204' title='bbox 253 2647 363 2713; x_wconf 91' lang='lat' dir='ltr'><strong>solitus</strong></span> <span class='ocrx_word' id='word_1_205' title='bbox 384 2665 448 2709; x_wconf 95' lang='lat' dir='ltr'><strong>non</strong></span> <span class='ocrx_word' id='word_1_206' title='bbox 468 2651 611 2727; x_wconf 91' lang='lat' dir='ltr'><strong>rogatus,</strong></span> <span class='ocrx_word' id='word_1_207' title='bbox 642 2644 677 2702; x_wconf 96' lang='lat' dir='ltr'><strong>ut</strong></span> <span class='ocrx_word' id='word_1_208' title='bbox 697 2636 842 2704; x_wconf 91' lang='lat' dir='ltr'><strong>omnibus</strong></span> <span class='ocrx_word' id='word_1_209' title='bbox 864 2641 1060 2706; x_wconf 91' lang='lat' dir='ltr'><strong>senatoribus</strong></span> <span class='ocrx_word' id='word_1_210' title='bbox 1083 2643 1209 2708; x_wconf 86' lang='lat' dir='ltr'><strong>lictores</strong></span> <span class='ocrx_word' id='word_1_211' title='bbox 1231 2642 1362 2722; x_wconf 90' lang='lat' dir='ltr'><strong>darem;</strong></span> <span class='ocrx_word' id='word_1_212' title='bbox 1385 2646 1472 2732; x_wconf 90' lang='lat' dir='ltr'><strong>qood</strong></span> 
     </span>
     <span class='ocr_line' id='line_1_25' title="bbox 149 2733 1472 2825; baseline -0.004 -17"><span class='ocrx_word' id='word_1_213' title='bbox 149 2743 235 2808; x_wconf 90' lang='lat' dir='ltr'><strong>idem</strong></span> <span class='ocrx_word' id='word_1_214' title='bbox 261 2759 465 2825; x_wconf 89' lang='lat' dir='ltr'><strong>acceperam,</strong></span> <span class='ocrx_word' id='word_1_215' title='bbox 498 2744 530 2800; x_wconf 87' lang='lat' dir='ltr'><strong>et</strong></span> <span class='ocrx_word' id='word_1_216' title='bbox 555 2733 588 2799; x_wconf 94' lang='lat' dir='ltr'><strong>id</strong></span> <span class='ocrx_word' id='word_1_217' title='bbox 615 2748 824 2816; x_wconf 82' lang='lat' dir='ltr'><strong>cognoveram</strong></span> <span class='ocrx_word' id='word_1_218' title='bbox 853 2755 871 2798; x_wconf 88' lang='lat' dir='ltr'><strong>a</strong></span> <span class='ocrx_word' id='word_1_219' title='bbox 897 2735 1026 2800; x_wconf 89' lang='lat' dir='ltr'><strong>summis</strong></span> <span class='ocrx_word' id='word_1_220' title='bbox 1056 2735 1133 2801; x_wconf 89' lang='lat' dir='ltr'><strong>viris</strong></span> <span class='ocrx_word' id='word_1_221' title='bbox 1170 2736 1348 2802; x_wconf 89' lang='lat' dir='ltr'><strong>factitatum.</strong></span> <span class='ocrx_word' id='word_1_222' title='bbox 1405 2742 1472 2812; x_wconf 74' lang='lat' dir='ltr'><strong>Hoc</strong></span> 
     </span>
     <span class='ocr_line' id='line_1_26' title="bbox 150 2827 1510 2923; baseline -0.01 -21"><span class='ocrx_word' id='word_1_223' title='bbox 150 2838 261 2923; x_wconf 89' lang='lat' dir='ltr'><strong>igitur,</strong></span> <span class='ocrx_word' id='word_1_224' title='bbox 295 2834 339 2898; x_wconf 93' lang='lat' dir='ltr'><strong>mi</strong></span> <span class='ocrx_word' id='word_1_225' title='bbox 361 2830 528 2905; x_wconf 88' lang='lat' dir='ltr'><strong>Comilici,</strong></span> <span class='ocrx_word' id='word_1_226' title='bbox 556 2827 652 2893; x_wconf 87' lang='lat' dir='ltr'><strong>iacies</strong></span> <span class='ocrx_word' id='word_1_227' title='bbox 673 2829 849 2913; x_wconf 90' lang='lat' dir='ltr'><strong>ceterisque</strong></span> <span class='ocrx_word' id='word_1_228' title='bbox 871 2827 966 2893; x_wconf 91' lang='lat' dir='ltr'><strong>rebus</strong></span> <span class='ocrx_word' id='word_1_229' title='bbox 988 2828 1134 2895; x_wconf 91' lang='lat' dir='ltr'><strong>omnibus</strong></span> <span class='ocrx_word' id='word_1_230' title='bbox 1156 2831 1225 2896; x_wconf 89' lang='lat' dir='ltr'><strong>eius</strong></span> <span class='ocrx_word' id='word_1_231' title='bbox 1247 2830 1389 2914; x_wconf 82' lang='lat' dir='ltr'><strong>dignitati</strong></span> <span class='ocrx_word' id='word_1_232' title='bbox 1410 2832 1510 2897; x_wconf 77' lang='lat' dir='ltr'><strong>rei-ss</strong></span> 
     </span>
     <span class='ocr_line' id='line_1_27' title="bbox 151 2921 1471 3018; baseline -0.004 -22"><span class='ocrx_word' id='word_1_233' title='bbox 151 2952 229 3018; x_wconf 89' lang='lat' dir='ltr'><strong>qne,</strong></span> <span class='ocrx_word' id='word_1_234' title='bbox 256 2929 284 2994; x_wconf 89' lang='lat' dir='ltr'><strong>si</strong></span> <span class='ocrx_word' id='word_1_235' title='bbox 312 2949 363 2993; x_wconf 92' lang='lat' dir='ltr'><strong>me</strong></span> <span class='ocrx_word' id='word_1_236' title='bbox 386 2947 495 2999; x_wconf 77' lang='lat' dir='ltr'><strong>smus,</strong></span> <span class='ocrx_word' id='word_1_237' title='bbox 524 2922 678 2990; x_wconf 90' lang='lat' dir='ltr'><strong>consules.</strong></span> <span class='ocrx_word' id='word_1_238' title='bbox 724 2923 794 2989; x_wconf 86' lang='lat' dir='ltr'><strong>Erit</strong></span> <span class='ocrx_word' id='word_1_239' title='bbox 825 2921 858 2989; x_wconf 88' lang='lat' dir='ltr'><strong>id</strong></span> <span class='ocrx_word' id='word_1_240' title='bbox 886 2922 962 2988; x_wconf 90' lang='lat' dir='ltr'><strong>mibi</strong></span> <span class='ocrx_word' id='word_1_241' title='bbox 988 2924 1208 3007; x_wconf 88' lang='lat' dir='ltr'><strong>gratissimum.</strong></span> <span class='ocrx_word' id='word_1_242' title='bbox 1250 2928 1297 2989; x_wconf 88' lang='lat' dir='ltr'><strong>Da</strong></span> <span class='ocrx_word' id='word_1_243' title='bbox 1324 2946 1471 3012; x_wconf 89' lang='lat' dir='ltr'><strong>operam,</strong></span> 
     </span>
     <span class='ocr_line' id='line_1_28' title="bbox 151 3023 1449 3091; baseline -0.008 0"><span class='ocrx_word' id='word_1_244' title='bbox 151 3034 188 3091; x_wconf 87' lang='lat' dir='ltr'><strong>ut</strong></span> <span class='ocrx_word' id='word_1_245' title='bbox 207 3023 321 3090; x_wconf 80' lang='lat' dir='ltr'><strong>volcas.</strong></span> <span class='ocrx_word' id='word_1_246' title='bbox 1444 3045 1449 3053; x_wconf 93' lang='lat'><strong>·</strong></span> 
     </span>
    </p>
   </div>
   <div class='ocr_carea' id='block_1_9' title="bbox 605 3110 1026 3239">
    <p class='ocr_par' dir='ltr' id='par_1_14' title="bbox 605 3110 1026 3239">
     <span class='ocr_line' id='line_1_29' title="bbox 605 3110 1026 3239; baseline -0.007 -16"><span class='ocrx_word' id='word_1_247' title='bbox 605 3159 705 3223; x_wconf 77' lang='lat' dir='ltr'><strong>ssu.</strong></span> <span class='ocrx_word' id='word_1_248' title='bbox 748 3157 802 3239; x_wconf 78' lang='lat' dir='ltr'><strong>(A.</strong></span> <span class='ocrx_word' id='word_1_249' title='bbox 828 3159 860 3220; x_wconf 83' lang='lat' dir='ltr'><strong>u</strong></span> <span class='ocrx_word' id='word_1_250' title='bbox 883 3110 915 3221; x_wconf 84' lang='lat' dir='ltr'><strong>c.</strong></span> <span class='ocrx_word' id='word_1_251' title='bbox 937 3157 1026 3239; x_wconf 78' lang='grc' dir='ltr'><strong>(ιο.)</strong></span> 
     </span>
    </p>
   </div>
   <div class='ocr_carea' id='block_1_10' title="bbox 590 3279 1034 3346">
    <p class='ocr_par' dir='ltr' id='par_1_15' title="bbox 590 3279 1034 3346">
     <span class='ocr_line' id='line_1_30' title="bbox 590 3279 1034 3346; baseline -0.005 0"><span class='ocrx_word' id='word_1_252' title='bbox 590 3280 732 3346; x_wconf 84' lang='lat' dir='ltr'><strong>CICERO</strong></span> <span class='ocrx_word' id='word_1_253' title='bbox 755 3279 979 3344; x_wconf 90' lang='lat' dir='ltr'><strong>CORNIFICIO</strong></span> <span class='ocrx_word' id='word_1_254' title='bbox 1002 3281 1034 3344; x_wconf 90' lang='lat' dir='ltr'><strong>S.</strong></span> 
     </span>
    </p>
   </div>
   <div class='ocr_carea' id='block_1_11' title="bbox 154 3389 1517 4611">
    <p class='ocr_par' dir='ltr' id='par_1_16' title="bbox 154 3389 1517 4611">
     <span class='ocr_line' id='line_1_31' title="bbox 240 3389 1511 3485; baseline 0.014 -35"><span class='ocrx_word' id='word_1_255' title='bbox 240 3402 268 3463; x_wconf 83' lang='lat'><strong>1,</strong></span> <span class='ocrx_word' id='word_1_256' title='bbox 305 3401 368 3460; x_wconf 83' lang='lat' dir='ltr'><strong>Nos</strong></span> <span class='ocrx_word' id='word_1_257' title='bbox 400 3392 450 3457; x_wconf 90' lang='lat' dir='ltr'><strong>bic</strong></span> <span class='ocrx_word' id='word_1_258' title='bbox 476 3411 549 3456; x_wconf 91' lang='lat' dir='ltr'><strong>cum</strong></span> <span class='ocrx_word' id='word_1_259' title='bbox 573 3391 699 3456; x_wconf 91' lang='lat' dir='ltr'><strong>bomine</strong></span> <span class='ocrx_word' id='word_1_260' title='bbox 732 3389 905 3475; x_wconf 81' lang='lat' dir='ltr'><strong>gladiatore</strong></span> <span class='ocrx_word' id='word_1_261' title='bbox 937 3390 1077 3454; x_wconf 91' lang='lat' dir='ltr'><strong>omnium</strong></span> <span class='ocrx_word' id='word_1_262' title='bbox 1106 3392 1323 3478; x_wconf 88' lang='lat' dir='ltr'><strong>nequissimo,</strong></span> <span class='ocrx_word' id='word_1_263' title='bbox 1355 3397 1511 3485; x_wconf 69' lang='lat' dir='ltr'><strong>collegas</strong></span> 
     </span>
     <span class='ocr_line' id='line_1_32' title="bbox 154 3481 1474 3570; baseline 0 -10"><span class='ocrx_word' id='word_1_264' title='bbox 154 3504 279 3568; x_wconf 90' lang='lat' dir='ltr'><strong>nostro,</strong></span> <span class='ocrx_word' id='word_1_265' title='bbox 300 3489 456 3562; x_wconf 80' lang='lat' dir='ltr'><strong>Antonio,</strong></span> <span class='ocrx_word' id='word_1_266' title='bbox 478 3485 595 3552; x_wconf 92' lang='lat' dir='ltr'><strong>bellum</strong></span> <span class='ocrx_word' id='word_1_267' title='bbox 616 3485 770 3570; x_wconf 90' lang='lat' dir='ltr'><strong>gerimus,</strong></span> <span class='ocrx_word' id='word_1_268' title='bbox 793 3481 849 3548; x_wconf 89' lang='lat' dir='ltr'><strong>sed</strong></span> <span class='ocrx_word' id='word_1_269' title='bbox 870 3502 934 3547; x_wconf 93' lang='lat' dir='ltr'><strong>non</strong></span> <span class='ocrx_word' id='word_1_270' title='bbox 948 3483 1017 3568; x_wconf 90' lang='lat' dir='ltr'><strong>pari</strong></span> <span class='ocrx_word' id='word_1_271' title='bbox 1031 3483 1236 3560; x_wconf 89' lang='lat' dir='ltr'><strong>condicione,</strong></span> <span class='ocrx_word' id='word_1_272' title='bbox 1259 3498 1366 3555; x_wconf 89' lang='lat' dir='ltr'><strong>contra</strong></span> <span class='ocrx_word' id='word_1_273' title='bbox 1385 3514 1474 3559; x_wconf 86' lang='lat' dir='ltr'><strong>arma</strong></span> 
     </span>
     <span class='ocr_line' id='line_1_33' title="bbox 154 3575 1475 3672; baseline 0.011 -32"><span class='ocrx_word' id='word_1_274' title='bbox 154 3586 270 3654; x_wconf 72' lang='lat' dir='ltr'><strong>verbis.</strong></span> <span class='ocrx_word' id='word_1_275' title='bbox 327 3590 366 3649; x_wconf 80' lang='lat' dir='ltr'><strong>At</strong></span> <span class='ocrx_word' id='word_1_276' title='bbox 387 3587 480 3647; x_wconf 87' lang='lat' dir='ltr'><strong>etium</strong></span> <span class='ocrx_word' id='word_1_277' title='bbox 501 3579 541 3645; x_wconf 90' lang='lat' dir='ltr'><strong>dc</strong></span> <span class='ocrx_word' id='word_1_278' title='bbox 572 3588 602 3643; x_wconf 93' lang='lat' dir='ltr'><strong>te</strong></span> <span class='ocrx_word' id='word_1_279' title='bbox 630 3576 844 3650; x_wconf 85' lang='lat' dir='ltr'><strong>contionatur,</strong></span> <span class='ocrx_word' id='word_1_280' title='bbox 876 3595 934 3639; x_wconf 90' lang='lat' dir='ltr'><strong>nec</strong></span> <span class='ocrx_word' id='word_1_281' title='bbox 960 3575 1103 3660; x_wconf 89' lang='lat' dir='ltr'><strong>impune;</strong></span> <span class='ocrx_word' id='word_1_282' title='bbox 1136 3598 1207 3641; x_wconf 92' lang='lat' dir='ltr'><strong>nam</strong></span> <span class='ocrx_word' id='word_1_283' title='bbox 1234 3583 1361 3659; x_wconf 89' lang='lat' dir='ltr'><strong>sentiet,</strong></span> <span class='ocrx_word' id='word_1_284' title='bbox 1395 3607 1475 3672; x_wconf 89' lang='lat' dir='ltr'><strong>quos</strong></span> 
     </span>
     <span class='ocr_line' id='line_1_34' title="bbox 155 3668 1474 3761; baseline 0.003 -18"><span class='ocrx_word' id='word_1_285' title='bbox 155 3678 334 3747; x_wconf 78' lang='lat' dir='ltr'><strong>lacessierit.</strong></span> <span class='ocrx_word' id='word_1_286' title='bbox 377 3680 444 3761; x_wconf 85' lang='lat' dir='ltr'><strong>Ego</strong></span> <span class='ocrx_word' id='word_1_287' title='bbox 476 3681 579 3739; x_wconf 85' lang='lat' dir='ltr'><strong>autem</strong></span> <span class='ocrx_word' id='word_1_288' title='bbox 601 3681 668 3737; x_wconf 89' lang='lat' dir='ltr'><strong>acta</strong></span> <span class='ocrx_word' id='word_1_289' title='bbox 689 3670 728 3736; x_wconf 88' lang='lat' dir='ltr'><strong>ad</strong></span> <span class='ocrx_word' id='word_1_290' title='bbox 755 3678 786 3734; x_wconf 89' lang='lat' dir='ltr'><strong>tc</strong></span> <span class='ocrx_word' id='word_1_291' title='bbox 807 3668 913 3734; x_wconf 88' lang='lat' dir='ltr'><strong>omnia</strong></span> <span class='ocrx_word' id='word_1_292' title='bbox 934 3668 1071 3734; x_wconf 84' lang='lat' dir='ltr'><strong>arbitror</strong></span> <span class='ocrx_word' id='word_1_293' title='bbox 1091 3671 1244 3757; x_wconf 86' lang='lat' dir='ltr'><strong>perscribi</strong></span> <span class='ocrx_word' id='word_1_294' title='bbox 1265 3675 1305 3740; x_wconf 96' lang='lat' dir='ltr'><strong>ab</strong></span> <span class='ocrx_word' id='word_1_295' title='bbox 1332 3678 1418 3758; x_wconf 87' lang='lat' dir='ltr'><strong>aliis;</strong></span> <span class='ocrx_word' id='word_1_296' title='bbox 1456 3703 1474 3747; x_wconf 86' lang='lat' dir='ltr'><strong>a</strong></span> 
     </span>
     <span class='ocr_line' id='line_1_35' title="bbox 155 3760 1475 3853; baseline 0.003 -14"><span class='ocrx_word' id='word_1_297' title='bbox 155 3796 207 3840; x_wconf 90' lang='lat' dir='ltr'><strong>me</strong></span> <span class='ocrx_word' id='word_1_298' title='bbox 228 3774 332 3839; x_wconf 85' lang='lat' dir='ltr'><strong>lutura</strong></span> <span class='ocrx_word' id='word_1_299' title='bbox 355 3769 449 3835; x_wconf 89' lang='lat' dir='ltr'><strong>debes</strong></span> <span class='ocrx_word' id='word_1_300' title='bbox 470 3787 678 3853; x_wconf 89' lang='lat' dir='ltr'><strong>cognoscere,</strong></span> <span class='ocrx_word' id='word_1_301' title='bbox 700 3783 837 3850; x_wconf 85' lang='lat' dir='ltr'><strong>quorum</strong></span> <span class='ocrx_word' id='word_1_302' title='bbox 851 3760 978 3845; x_wconf 88' lang='lat' dir='ltr'><strong>quidem</strong></span> <span class='ocrx_word' id='word_1_303' title='bbox 1000 3783 1064 3828; x_wconf 93' lang='lat' dir='ltr'><strong>non</strong></span> <span class='ocrx_word' id='word_1_304' title='bbox 1078 3774 1126 3828; x_wconf 91' lang='lat' dir='ltr'><strong>est</strong></span> <span class='ocrx_word' id='word_1_305' title='bbox 1140 3763 1271 3832; x_wconf 87' lang='lat' dir='ltr'><strong>difficilis</strong></span> <span class='ocrx_word' id='word_1_306' title='bbox 1286 3773 1475 3843; x_wconf 84' lang='lat' dir='ltr'><strong>coniectura.</strong></span> 
     </span>
     <span class='ocr_line' id='line_1_36' title="bbox 156 3854 1513 3953; baseline 0.008 -27"><span class='ocrx_word' id='word_1_307' title='bbox 156 3875 187 3934; x_wconf 69' lang='lat'><strong>⁶2.</strong></span> <span class='ocrx_word' id='word_1_308' title='bbox 210 3870 367 3953; x_wconf 84' lang='lat' dir='ltr'><strong>oppressa</strong></span> <span class='ocrx_word' id='word_1_309' title='bbox 396 3862 500 3928; x_wconf 91' lang='lat' dir='ltr'><strong>omnia</strong></span> <span class='ocrx_word' id='word_1_310' title='bbox 528 3869 613 3935; x_wconf 92' lang='lat' dir='ltr'><strong>sunt,</strong></span> <span class='ocrx_word' id='word_1_311' title='bbox 647 3879 705 3924; x_wconf 92' lang='lat' dir='ltr'><strong>nec</strong></span> <span class='ocrx_word' id='word_1_312' title='bbox 731 3855 845 3923; x_wconf 91' lang='lat' dir='ltr'><strong>babent</strong></span> <span class='ocrx_word' id='word_1_313' title='bbox 875 3854 985 3922; x_wconf 88' lang='lat' dir='ltr'><strong>ducem</strong></span> <span class='ocrx_word' id='word_1_314' title='bbox 1012 3856 1103 3935; x_wconf 90' lang='lat' dir='ltr'><strong>boui;</strong></span> <span class='ocrx_word' id='word_1_315' title='bbox 1131 3860 1293 3947; x_wconf 87' lang='lat' dir='ltr'><strong>nostrique</strong></span> <span class='ocrx_word' id='word_1_316' title='bbox 1320 3886 1513 3951; x_wconf 71' lang='lat' dir='ltr'><strong>reposco-⁸⁵</strong></span> 
     </span>
     <span class='ocr_line' id='line_1_37' title="bbox 157 3950 1475 4044; baseline 0.002 -18"><span class='ocrx_word' id='word_1_317' title='bbox 157 3961 267 4026; x_wconf 77' lang='grc' dir='ltr'><em>κτάνοι</em></span> <span class='ocrx_word' id='word_1_318' title='bbox 288 3959 380 4042; x_wconf 91' lang='lat' dir='ltr'><strong>longe</strong></span> <span class='ocrx_word' id='word_1_319' title='bbox 402 3956 540 4040; x_wconf 92' lang='lat' dir='ltr'><strong>gentium</strong></span> <span class='ocrx_word' id='word_1_320' title='bbox 562 3951 683 4018; x_wconf 80' lang='lat' dir='ltr'><strong>absunt.</strong></span> <span class='ocrx_word' id='word_1_321' title='bbox 733 3954 831 4015; x_wconf 87' lang='lat' dir='ltr'><strong>Pansa</strong></span> <span class='ocrx_word' id='word_1_322' title='bbox 852 3958 883 4014; x_wconf 88' lang='lat' dir='ltr'><strong>et</strong></span> <span class='ocrx_word' id='word_1_323' title='bbox 904 3951 996 4015; x_wconf 88' lang='lat' dir='ltr'><strong>sentit</strong></span> <span class='ocrx_word' id='word_1_324' title='bbox 1017 3950 1097 4016; x_wconf 90' lang='lat' dir='ltr'><strong>bene</strong></span> <span class='ocrx_word' id='word_1_325' title='bbox 1119 3962 1150 4017; x_wconf 92' lang='lat' dir='ltr'><strong>et</strong></span> <span class='ocrx_word' id='word_1_326' title='bbox 1171 3954 1310 4040; x_wconf 92' lang='lat' dir='ltr'><strong>loquitur</strong></span> <span class='ocrx_word' id='word_1_327' title='bbox 1330 3957 1455 4028; x_wconf 89' lang='lat' dir='ltr'><strong>fortiter</strong></span> <span class='ocrx_word' id='word_1_328' title='bbox 1466 3987 1475 4044; x_wconf 90' lang='lat'>;</span> 
     </span>
     <span class='ocr_line' id='line_1_38' title="bbox 158 4043 1477 4141; baseline 0.009 -30"><span class='ocrx_word' id='word_1_329' title='bbox 158 4053 278 4120; x_wconf 78' lang='lat' dir='ltr'><strong>Hirtius</strong></span> <span class='ocrx_word' id='word_1_330' title='bbox 300 4061 406 4117; x_wconf 90' lang='lat' dir='ltr'><strong>noster</strong></span> <span class='ocrx_word' id='word_1_331' title='bbox 428 4048 546 4114; x_wconf 88' lang='lat' dir='ltr'><strong>tardius</strong></span> <span class='ocrx_word' id='word_1_332' title='bbox 570 4044 769 4111; x_wconf 81' lang='lat' dir='ltr'><strong>convalescit.</strong></span> <span class='ocrx_word' id='word_1_333' title='bbox 813 4043 897 4121; x_wconf 88' lang='lat' dir='ltr'><strong>Quid</strong></span> <span class='ocrx_word' id='word_1_334' title='bbox 917 4044 1057 4110; x_wconf 82' lang='lat' dir='ltr'><strong>futurum</strong></span> <span class='ocrx_word' id='word_1_335' title='bbox 1079 4045 1133 4118; x_wconf 90' lang='lat' dir='ltr'><strong>sit,</strong></span> <span class='ocrx_word' id='word_1_336' title='bbox 1156 4047 1246 4132; x_wconf 91' lang='lat' dir='ltr'><strong>plane</strong></span> <span class='ocrx_word' id='word_1_337' title='bbox 1261 4052 1377 4118; x_wconf 90' lang='lat' dir='ltr'><strong>nescio.</strong></span> <span class='ocrx_word' id='word_1_338' title='bbox 1400 4058 1477 4141; x_wconf 90' lang='lat' dir='ltr'><strong>Spes</strong></span> 
     </span>
     <span class='ocr_line' id='line_1_39' title="bbox 158 4138 1478 4235; baseline 0.003 -22"><span class='ocrx_word' id='word_1_339' title='bbox 158 4158 263 4214; x_wconf 88' lang='lat' dir='ltr'><strong>tamen</strong></span> <span class='ocrx_word' id='word_1_340' title='bbox 279 4168 340 4212; x_wconf 89' lang='lat' dir='ltr'><strong>una</strong></span> <span class='ocrx_word' id='word_1_341' title='bbox 366 4154 413 4209; x_wconf 92' lang='lat' dir='ltr'><strong>est</strong></span> <span class='ocrx_word' id='word_1_342' title='bbox 434 4138 600 4229; x_wconf 89' lang='lat' dir='ltr'><strong>aliquando</strong></span> <span class='ocrx_word' id='word_1_343' title='bbox 620 4139 771 4225; x_wconf 90' lang='lat' dir='ltr'><strong>populum</strong></span> <span class='ocrx_word' id='word_1_344' title='bbox 793 4143 966 4204; x_wconf 91' lang='lat' dir='ltr'><strong>Romanum</strong></span> <span class='ocrx_word' id='word_1_345' title='bbox 988 4139 1142 4205; x_wconf 87' lang='lat' dir='ltr'><strong>maiorum</strong></span> <span class='ocrx_word' id='word_1_346' title='bbox 1160 4141 1294 4209; x_wconf 90' lang='lat' dir='ltr'><strong>similem</strong></span> <span class='ocrx_word' id='word_1_347' title='bbox 1309 4145 1389 4213; x_wconf 88' lang='lat' dir='ltr'><strong>lore.</strong></span> <span class='ocrx_word' id='word_1_348' title='bbox 1410 4153 1478 4235; x_wconf 83' lang='lat' dir='ltr'><strong>Ego</strong></span> 
     </span>
     <span class='ocr_line' id='line_1_40' title="bbox 160 4231 1479 4332; baseline 0.013 -38"><span class='ocrx_word' id='word_1_349' title='bbox 160 4250 245 4306; x_wconf 59' lang='grc' dir='ltr'><strong>ωηο</strong></span> <span class='ocrx_word' id='word_1_350' title='bbox 270 4240 318 4303; x_wconf 85' lang='lat' dir='ltr'><strong>rei</strong></span> <span class='ocrx_word' id='word_1_351' title='bbox 344 4236 488 4323; x_wconf 78' lang='lat' dir='ltr'><strong>publicae</strong></span> <span class='ocrx_word' id='word_1_352' title='bbox 515 4254 579 4298; x_wconf 93' lang='lat' dir='ltr'><strong>non</strong></span> <span class='ocrx_word' id='word_1_353' title='bbox 608 4232 705 4298; x_wconf 91' lang='lat' dir='ltr'><strong>deero</strong></span> <span class='ocrx_word' id='word_1_354' title='bbox 727 4240 778 4306; x_wconf 87' lang='lat' dir='ltr'><strong>et,</strong></span> <span class='ocrx_word' id='word_1_355' title='bbox 807 4231 961 4320; x_wconf 90' lang='lat' dir='ltr'><strong>quidquid</strong></span> <span class='ocrx_word' id='word_1_356' title='bbox 981 4233 1144 4308; x_wconf 88' lang='lat' dir='ltr'><strong>acciderit,</strong></span> <span class='ocrx_word' id='word_1_357' title='bbox 1172 4256 1276 4323; x_wconf 86' lang='lat' dir='ltr'><strong>aquo</strong></span> <span class='ocrx_word' id='word_1_358' title='bbox 1298 4261 1367 4306; x_wconf 88' lang='lat' dir='ltr'><strong>mea</strong></span> <span class='ocrx_word' id='word_1_359' title='bbox 1389 4246 1479 4332; x_wconf 88' lang='lat' dir='ltr'><strong>culpa</strong></span> 
     </span>
     <span class='ocr_line' id='line_1_41' title="bbox 160 4326 1517 4413; baseline 0.026 -40"><span class='ocrx_word' id='word_1_360' title='bbox 160 4334 255 4406; x_wconf 54' lang='lat' dir='ltr'>absit,</span> <span class='ocrx_word' id='word_1_361' title='bbox 278 4331 382 4396; x_wconf 65' lang='lat' dir='ltr'><strong>animo</strong></span> <span class='ocrx_word' id='word_1_362' title='bbox 407 4328 483 4394; x_wconf 82' lang='lat' dir='ltr'><strong>sorti</strong></span> <span class='ocrx_word' id='word_1_363' title='bbox 503 4327 612 4392; x_wconf 85' lang='lat' dir='ltr'><strong>ieram.</strong></span> <span class='ocrx_word' id='word_1_364' title='bbox 655 4326 736 4392; x_wconf 94' lang='lat' dir='ltr'><strong>Illud</strong></span> <span class='ocrx_word' id='word_1_365' title='bbox 756 4326 919 4412; x_wconf 86' lang='lat' dir='ltr'><strong>prolecto,</strong></span> <span class='ocrx_word' id='word_1_366' title='bbox 941 4327 1044 4412; x_wconf 82' lang='lat' dir='ltr'><strong>quoad</strong></span> <span class='ocrx_word' id='word_1_367' title='bbox 1061 4337 1187 4413; x_wconf 90' lang='lat' dir='ltr'><strong>potero:</strong></span> <span class='ocrx_word' id='word_1_368' title='bbox 1216 4339 1301 4396; x_wconf 94' lang='lat' dir='ltr'><strong>tuam</strong></span> <span class='ocrx_word' id='word_1_369' title='bbox 1320 4334 1433 4404; x_wconf 88' lang='lat' dir='ltr'><strong>famam</strong></span> <span class='ocrx_word' id='word_1_370' title='bbox 1448 4350 1517 4406; x_wconf 79' lang='lat' dir='ltr'><strong>et⁴⁰</strong></span> 
     </span>
     <span class='ocr_line' id='line_1_42' title="bbox 162 4418 1480 4515; baseline 0.008 -28"><span class='ocrx_word' id='word_1_371' title='bbox 162 4427 339 4512; x_wconf 88' lang='lat' dir='ltr'><strong>dignitatem</strong></span> <span class='ocrx_word' id='word_1_372' title='bbox 358 4422 482 4489; x_wconf 89' lang='lat' dir='ltr'><strong>tuebor.</strong></span> <span class='ocrx_word' id='word_1_373' title='bbox 524 4425 554 4486; x_wconf 88' lang='grc'><strong>3.</strong></span> <span class='ocrx_word' id='word_1_374' title='bbox 576 4425 612 4485; x_wconf 83' lang='grc' dir='ltr'><strong>Α.</strong></span> <span class='ocrx_word' id='word_1_375' title='bbox 634 4418 665 4486; x_wconf 90' lang='grc'><strong>(1.</strong></span> <span class='ocrx_word' id='word_1_376' title='bbox 687 4439 763 4485; x_wconf 80' lang='lat' dir='ltr'><strong>xus.</strong></span> <span class='ocrx_word' id='word_1_377' title='bbox 784 4420 936 4486; x_wconf 86' lang='lat' dir='ltr'><strong>Kalendas</strong></span> <span class='ocrx_word' id='word_1_378' title='bbox 958 4428 1079 4488; x_wconf 89' lang='lat' dir='ltr'><strong>Ianuar.</strong></span> <span class='ocrx_word' id='word_1_379' title='bbox 1094 4435 1218 4491; x_wconf 89' lang='lat' dir='ltr'><strong>senatus</strong></span> <span class='ocrx_word' id='word_1_380' title='bbox 1232 4427 1380 4515; x_wconf 79' lang='lat' dir='ltr'><strong>frequens</strong></span> <span class='ocrx_word' id='word_1_381' title='bbox 1402 4433 1480 4498; x_wconf 94' lang='lat' dir='ltr'><strong>mibi</strong></span> 
     </span>
     <span class='ocr_line' id='line_1_43' title="bbox 161 4513 1480 4611; baseline 0.016 -41"><span class='ocrx_word' id='word_1_382' title='bbox 161 4531 208 4586; x_wconf 65' lang='lat' dir='ltr'><strong>egi</strong></span> <span class='ocrx_word' id='word_1_383' title='bbox 235 4539 379 4584; x_wconf 70' lang='lat' dir='ltr'><strong>assensus</strong></span> <span class='ocrx_word' id='word_1_384' title='bbox 410 4538 481 4583; x_wconf 91' lang='lat' dir='ltr'><strong>cum</strong></span> <span class='ocrx_word' id='word_1_385' title='bbox 503 4515 542 4581; x_wconf 92' lang='lat' dir='ltr'><strong>de</strong></span> <span class='ocrx_word' id='word_1_386' title='bbox 564 4514 677 4580; x_wconf 89' lang='lat' dir='ltr'><strong>ceteris</strong></span> <span class='ocrx_word' id='word_1_387' title='bbox 705 4513 802 4579; x_wconf 90' lang='lat' dir='ltr'><strong>rebus</strong></span> <span class='ocrx_word' id='word_1_388' title='bbox 828 4515 949 4601; x_wconf 90' lang='lat' dir='ltr'><strong>magnis</strong></span> <span class='ocrx_word' id='word_1_389' title='bbox 979 4526 1010 4580; x_wconf 91' lang='lat' dir='ltr'><strong>et</strong></span> <span class='ocrx_word' id='word_1_390' title='bbox 1032 4519 1229 4594; x_wconf 90' lang='lat' dir='ltr'><strong>necessariis,</strong></span> <span class='ocrx_word' id='word_1_391' title='bbox 1259 4532 1324 4587; x_wconf 92' lang='lat' dir='ltr'><strong>tum</strong></span> <span class='ocrx_word' id='word_1_392' title='bbox 1346 4523 1384 4588; x_wconf 93' lang='lat' dir='ltr'><strong>de</strong></span> <span class='ocrx_word' id='word_1_393' title='bbox 1406 4547 1480 4611; x_wconf 92' lang='lat' dir='ltr'><strong>pro-</strong></span> 
     </span>
    </p>
   </div>
   <div class='ocr_carea' id='block_1_12' title="bbox 159 4678 1481 4960">
    <p class='ocr_par' dir='ltr' id='par_1_17' title="bbox 159 4678 1481 4960">
     <span class='ocr_line' id='line_1_44' title="bbox 232 4678 1480 4750; baseline 0.004 -18"><span class='ocrx_word' id='word_1_394' title='bbox 232 4685 259 4734; x_wconf 71' lang='grc'><strong>1.</strong></span> <span class='ocrx_word' id='word_1_395' title='bbox 276 4683 369 4747; x_wconf 81' lang='lat' dir='ltr'><strong>pburts&#39;</strong></span> <span class='ocrx_word' id='word_1_396' title='bbox 386 4681 423 4732; x_wconf 93' lang='grc' dir='ltr'><strong>Μ.</strong></span> <span class='ocrx_word' id='word_1_397' title='bbox 457 4703 488 4715; x_wconf 93' lang='lat'>-</span> <span class='ocrx_word' id='word_1_398' title='bbox 526 4679 554 4730; x_wconf 79' lang='grc'><strong>9.</strong></span> <span class='ocrx_word' id='word_1_399' title='bbox 574 4678 742 4728; x_wconf 79' lang='lat' dir='ltr'><strong>deverrols&#39;um</strong></span> <span class='ocrx_word' id='word_1_400' title='bbox 758 4678 796 4728; x_wconf 88' lang='grc' dir='ltr'><strong>Μ.</strong></span> <span class='ocrx_word' id='word_1_401' title='bbox 833 4703 861 4714; x_wconf 95' lang='grc'><strong>-</strong></span> <span class='ocrx_word' id='word_1_402' title='bbox 900 4681 944 4729; x_wconf 86' lang='lat'><strong>10.</strong></span> <span class='ocrx_word' id='word_1_403' title='bbox 963 4681 1118 4731; x_wconf 78' lang='lat' dir='ltr'><strong>contumelio</strong></span> <span class='ocrx_word' id='word_1_404' title='bbox 1134 4682 1173 4733; x_wconf 91' lang='grc' dir='ltr'><strong>Μ.</strong></span> <span class='ocrx_word' id='word_1_405' title='bbox 1203 4706 1234 4719; x_wconf 92' lang='grc'>-</span> <span class='ocrx_word' id='word_1_406' title='bbox 1269 4685 1366 4750; x_wconf 77' lang='lat' dir='ltr'><strong>inquo</strong></span> <span class='ocrx_word' id='word_1_407' title='bbox 1392 4691 1480 4738; x_wconf 80' lang='lat' dir='ltr'><strong>animo</strong></span> 
     </span>
     <span class='ocr_line' id='line_1_45' title="bbox 160 4746 1479 4816; baseline 0.007 -16"><span class='ocrx_word' id='word_1_408' title='bbox 160 4753 199 4806; x_wconf 81' lang='grc' dir='ltr'><strong>Μ.</strong></span> <span class='ocrx_word' id='word_1_409' title='bbox 222 4776 253 4790; x_wconf 90' lang='grc'>-</span> <span class='ocrx_word' id='word_1_410' title='bbox 291 4753 334 4802; x_wconf 82' lang='lat' dir='ltr'><strong>tt.</strong></span> <span class='ocrx_word' id='word_1_411' title='bbox 353 4753 435 4802; x_wconf 83' lang='lat' dir='ltr'><strong>stium</strong></span> <span class='ocrx_word' id='word_1_412' title='bbox 451 4751 516 4802; x_wconf 71' lang='lat' dir='ltr'><strong>mibi</strong></span> <span class='ocrx_word' id='word_1_413' title='bbox 533 4749 698 4799; x_wconf 76' lang='lat' dir='ltr'><strong>Lambinus:</strong></span> <span class='ocrx_word' id='word_1_414' title='bbox 728 4749 808 4799; x_wconf 80' lang='lat' dir='ltr'><strong>stium</strong></span> <span class='ocrx_word' id='word_1_415' title='bbox 825 4746 884 4797; x_wconf 84' lang='lat' dir='ltr'><strong>MR.</strong></span> <span class='ocrx_word' id='word_1_416' title='bbox 906 4773 934 4783; x_wconf 97' lang='lat'><em>-</em></span> <span class='ocrx_word' id='word_1_417' title='bbox 973 4751 1015 4801; x_wconf 82' lang='lat' dir='ltr'><strong>to.</strong></span> <span class='ocrx_word' id='word_1_418' title='bbox 1036 4751 1135 4816; x_wconf 75' lang='lat' dir='ltr'><strong>tags&#39;orw</strong></span> <span class='ocrx_word' id='word_1_419' title='bbox 1151 4751 1189 4803; x_wconf 90' lang='grc' dir='ltr'><strong>Μ.</strong></span> <span class='ocrx_word' id='word_1_420' title='bbox 1211 4777 1241 4789; x_wconf 95' lang='lat'><em>-</em></span> <span class='ocrx_word' id='word_1_421' title='bbox 1277 4755 1321 4805; x_wconf 79' lang='lat' dir='ltr'><strong>st.</strong></span> <span class='ocrx_word' id='word_1_422' title='bbox 1341 4764 1365 4806; x_wconf 86' lang='lat' dir='ltr'><strong>et</strong></span> <span class='ocrx_word' id='word_1_423' title='bbox 1384 4759 1412 4807; x_wconf 86' lang='lat' dir='ltr'><strong>id</strong></span> <span class='ocrx_word' id='word_1_424' title='bbox 1429 4758 1479 4809; x_wconf 82' lang='lat' dir='ltr'><strong>tt:</strong></span> 
     </span>
     <span class='ocr_line' id='line_1_46' title="bbox 160 4817 1481 4880; baseline 0.004 -6"><span class='ocrx_word' id='word_1_425' title='bbox 160 4831 185 4876; x_wconf 84' lang='lat' dir='ltr'><strong>st</strong></span> <span class='ocrx_word' id='word_1_426' title='bbox 203 4824 234 4873; x_wconf 82' lang='lat' dir='ltr'><strong>E.</strong></span> <span class='ocrx_word' id='word_1_427' title='bbox 256 4849 285 4860; x_wconf 92' lang='lat'>-</span> <span class='ocrx_word' id='word_1_428' title='bbox 323 4823 366 4874; x_wconf 77' lang='lat'><strong>26.</strong></span> <span class='ocrx_word' id='word_1_429' title='bbox 385 4823 444 4872; x_wconf 76' lang='lat' dir='ltr'><strong>Erit</strong></span> <span class='ocrx_word' id='word_1_430' title='bbox 463 4824 491 4872; x_wconf 77' lang='lat' dir='ltr'><strong>td</strong></span> <span class='ocrx_word' id='word_1_431' title='bbox 512 4821 567 4870; x_wconf 82' lang='lat' dir='ltr'><strong>va:</strong></span> <span class='ocrx_word' id='word_1_432' title='bbox 588 4817 698 4873; x_wconf 69' lang='lat' dir='ltr'><strong>mers,</strong></span> <span class='ocrx_word' id='word_1_433' title='bbox 717 4818 815 4868; x_wconf 71' lang='grc'><strong>1111111</strong></span> <span class='ocrx_word' id='word_1_434' title='bbox 833 4818 863 4868; x_wconf 81' lang='lat' dir='ltr'><strong>s.</strong></span> <span class='ocrx_word' id='word_1_435' title='bbox 889 4842 920 4856; x_wconf 93' lang='lat'>-</span> <span class='ocrx_word' id='word_1_436' title='bbox 955 4820 1000 4870; x_wconf 83' lang='lat'><strong>³1.</strong></span> <span class='ocrx_word' id='word_1_437' title='bbox 1018 4829 1105 4871; x_wconf 83' lang='lat' dir='ltr'><strong>oestro</strong></span> <span class='ocrx_word' id='word_1_438' title='bbox 1123 4822 1159 4873; x_wconf 91' lang='grc' dir='ltr'><strong>Μ.</strong></span> <span class='ocrx_word' id='word_1_439' title='bbox 1182 4846 1212 4858; x_wconf 95' lang='grc'>-</span> <span class='ocrx_word' id='word_1_440' title='bbox 1248 4823 1292 4874; x_wconf 84' lang='grc'><strong>11.</strong></span> <span class='ocrx_word' id='word_1_441' title='bbox 1311 4835 1481 4880; x_wconf 80' lang='lat' dir='ltr'><strong>smutosout</strong></span> 
     </span>
     <span class='ocr_line' id='line_1_47' title="bbox 159 4889 1479 4960; baseline 0.003 -19"><span class='ocrx_word' id='word_1_442' title='bbox 159 4895 278 4960; x_wconf 58' lang='grc' dir='ltr'><strong>βψω(</strong></span> <span class='ocrx_word' id='word_1_443' title='bbox 295 4893 334 4946; x_wconf 92' lang='grc' dir='ltr'><strong>Μ.</strong></span> <span class='ocrx_word' id='word_1_444' title='bbox 369 4893 444 4944; x_wconf 84' lang='lat' dir='ltr'><strong>Fort.</strong></span> <span class='ocrx_word' id='word_1_445' title='bbox 462 4898 567 4944; x_wconf 80' lang='lat' dir='ltr'><strong>sanctos</strong></span> <span class='ocrx_word' id='word_1_446' title='bbox 584 4890 648 4940; x_wconf 80' lang='lat' dir='ltr'><strong>taut</strong></span> <span class='ocrx_word' id='word_1_447' title='bbox 664 4889 822 4953; x_wconf 73' lang='lat' dir='ltr'><strong>lassoqum.</strong></span> <span class='ocrx_word' id='word_1_448' title='bbox 841 4889 922 4942; x_wconf 76' lang='lat' dir='ltr'><strong>Bur.</strong></span> <span class='ocrx_word' id='word_1_449' title='bbox 957 4890 1070 4942; x_wconf 79' lang='lat' dir='ltr'><strong>Malim:</strong></span> <span class='ocrx_word' id='word_1_450' title='bbox 1100 4899 1205 4943; x_wconf 71' lang='lat' dir='ltr'><strong>unctor</strong></span> <span class='ocrx_word' id='word_1_451' title='bbox 1221 4902 1263 4944; x_wconf 78' lang='lat' dir='ltr'><strong>sot</strong></span> <span class='ocrx_word' id='word_1_452' title='bbox 1281 4896 1408 4959; x_wconf 67' lang='lat' dir='ltr'><strong>[rem.</strong></span> <span class='ocrx_word' id='word_1_453' title='bbox 1428 4899 1479 4950; x_wconf 85' lang='lat' dir='ltr'><strong>On.</strong></span> 
     </span>
    </p>
   </div>
   <div class='ocr_carea' id='block_1_13' title="bbox 0 0 1658 5400">
    <p class='ocr_par' dir='ltr' id='par_1_18' title="bbox 0 0 1658 5400">
     <span class='ocr_line' id='line_1_48' title="bbox 0 0 1658 5400; baseline 0 0"><span class='ocrx_word' id='word_1_454' title='bbox 0 0 1658 5400; x_wconf 95' lang='lat' dir='ltr'><strong> </strong></span> 
     </span>
    </p>
   </div>
  </div>
 </body>
</html>
