<?xml version="1.0" encoding="UTF-8"?>
<!DOCTYPE html PUBLIC "-//W3C//DTD XHTML 1.0 Transitional//EN"
    "http://www.w3.org/TR/xhtml1/DTD/xhtml1-transitional.dtd">
<html xmlns="http://www.w3.org/1999/xhtml" xml:lang="en" lang="en">
 <head>
  <title>
</title>
<meta http-equiv="Content-Type" content="text/html;charset=utf-8" />
  <meta name='ocr-system' content='tesseract 3.04.00' />
  <meta name='ocr-capabilities' content='ocr_page ocr_carea ocr_par ocr_line ocrx_word'/>
</head>
<body>
  <div class='ocr_page' id='page_1' title='image "./operaquaesupers06halmgoog/operaquaesupers06halmgoog_0327.png"; bbox 0 0 3256 5400; ppageno 0'>
   <div class='ocr_carea' id='block_1_1' title="bbox 412 244 1450 313">
    <p class='ocr_par' dir='ltr' id='par_1_1' title="bbox 412 244 1450 313">
     <span class='ocr_line' id='line_1_1' title="bbox 412 244 1450 313; baseline -0.007 -1"><span class='ocrx_word' id='word_1_1' title='bbox 412 251 485 313; x_wconf 88' lang='lat' dir='ltr'><strong>LlB.</strong></span> <span class='ocrx_word' id='word_1_2' title='bbox 508 249 590 310; x_wconf 86' lang='lat' dir='ltr'><strong>xtlt.</strong></span> <span class='ocrx_word' id='word_1_3' title='bbox 634 248 692 309; x_wconf 84' lang='grc' dir='ltr'><strong>ΕΡ.</strong></span> <span class='ocrx_word' id='word_1_4' title='bbox 714 247 765 310; x_wconf 84' lang='grc'><strong>57.</strong></span> <span class='ocrx_word' id='word_1_5' title='bbox 788 247 838 308; x_wconf 86' lang='grc'><strong>58.</strong></span> <span class='ocrx_word' id='word_1_6' title='bbox 861 245 911 308; x_wconf 82' lang='grc'><strong>59.</strong></span> <span class='ocrx_word' id='word_1_7' title='bbox 933 244 984 306; x_wconf 85' lang='grc'><strong>60.</strong></span> <span class='ocrx_word' id='word_1_8' title='bbox 1006 245 1057 305; x_wconf 82' lang='lat' dir='ltr'><strong>bl.</strong></span> <span class='ocrx_word' id='word_1_9' title='bbox 1080 245 1129 305; x_wconf 74' lang='lat' dir='ltr'><strong>oa.</strong></span> <span class='ocrx_word' id='word_1_10' title='bbox 1388 246 1450 307; x_wconf 73' lang='lat'><strong>257</strong></span> 
     </span>
    </p>
   </div>
   <div class='ocr_carea' id='block_1_2' title="bbox 588 404 988 482">
    <p class='ocr_par' dir='ltr' id='par_1_2' title="bbox 588 404 988 482">
     <span class='ocr_line' id='line_1_2' title="bbox 588 404 988 482; baseline -0.008 -15"><span class='ocrx_word' id='word_1_11' title='bbox 588 407 668 467; x_wconf 80' lang='lat' dir='ltr'><strong>cm.</strong></span> <span class='ocrx_word' id='word_1_12' title='bbox 710 404 762 482; x_wconf 77' lang='lat' dir='ltr'><strong>(A.</strong></span> <span class='ocrx_word' id='word_1_13' title='bbox 790 405 821 466; x_wconf 89' lang='lat' dir='ltr'><strong>u.</strong></span> <span class='ocrx_word' id='word_1_14' title='bbox 845 406 875 467; x_wconf 82' lang='lat' dir='ltr'><strong>c.</strong></span> <span class='ocrx_word' id='word_1_15' title='bbox 899 404 988 480; x_wconf 80' lang='lat' dir='ltr'><strong>rou.)</strong></span> 
     </span>
    </p>
   </div>
   <div class='ocr_carea' id='block_1_3' title="bbox 302 524 1280 594">
    <p class='ocr_par' dir='ltr' id='par_1_3' title="bbox 302 524 1280 594">
     <span class='ocr_line' id='line_1_3' title="bbox 302 524 1280 594; baseline -0.006 0"><span class='ocrx_word' id='word_1_16' title='bbox 302 533 343 594; x_wconf 91' lang='grc' dir='ltr'><strong>Μ.</strong></span> <span class='ocrx_word' id='word_1_17' title='bbox 366 529 509 593; x_wconf 82' lang='lat' dir='ltr'>CICERO</span> <span class='ocrx_word' id='word_1_18' title='bbox 532 530 564 591; x_wconf 90' lang='lat' dir='ltr'><strong>C.</strong></span> <span class='ocrx_word' id='word_1_19' title='bbox 587 528 729 590; x_wconf 82' lang='lat' dir='ltr'>CURTIO</span> <span class='ocrx_word' id='word_1_20' title='bbox 753 524 1009 588; x_wconf 80' lang='lat' dir='ltr'><strong>PEllUCAEANO</strong></span> <span class='ocrx_word' id='word_1_21' title='bbox 1032 527 1228 590; x_wconf 75' lang='lat' dir='ltr'><strong>Punu&#39;t‘tutt</strong></span> <span class='ocrx_word' id='word_1_22' title='bbox 1250 527 1280 590; x_wconf 91' lang='lat' dir='ltr'><strong>S.</strong></span> 
     </span>
    </p>
   </div>
   <div class='ocr_carea' id='block_1_4' title="bbox 130 635 1475 917">
    <p class='ocr_par' dir='ltr' id='par_1_4' title="bbox 130 635 1475 917">
     <span class='ocr_line' id='line_1_4' title="bbox 214 635 1451 721; baseline -0.004 -14"><span class='ocrx_word' id='word_1_23' title='bbox 214 646 255 708; x_wconf 93' lang='grc' dir='ltr'><strong>Μ.</strong></span> <span class='ocrx_word' id='word_1_24' title='bbox 287 638 415 704; x_wconf 79' lang='lat' dir='ltr'><strong>Fadium</strong></span> <span class='ocrx_word' id='word_1_25' title='bbox 444 638 535 703; x_wconf 89' lang='lat' dir='ltr'><strong>unice</strong></span> <span class='ocrx_word' id='word_1_26' title='bbox 568 636 665 721; x_wconf 80' lang='lat' dir='ltr'><strong>diligo</strong></span> <span class='ocrx_word' id='word_1_27' title='bbox 695 657 877 720; x_wconf 90' lang='lat' dir='ltr'><strong>summaque</strong></span> <span class='ocrx_word' id='word_1_28' title='bbox 907 635 982 700; x_wconf 91' lang='lat' dir='ltr'><strong>mibi</strong></span> <span class='ocrx_word' id='word_1_29' title='bbox 1012 657 1081 699; x_wconf 93' lang='lat' dir='ltr'><strong>cum</strong></span> <span class='ocrx_word' id='word_1_30' title='bbox 1115 658 1155 701; x_wconf 92' lang='lat' dir='ltr'><strong>eo</strong></span> <span class='ocrx_word' id='word_1_31' title='bbox 1191 638 1383 704; x_wconf 91' lang='lat' dir='ltr'><strong>consuetudo</strong></span> <span class='ocrx_word' id='word_1_32' title='bbox 1419 647 1451 703; x_wconf 91' lang='lat' dir='ltr'><strong>et</strong></span> 
     </span>
     <span class='ocr_line' id='line_1_5' title="bbox 130 729 1449 818; baseline -0.003 -17"><span class='ocrx_word' id='word_1_33' title='bbox 130 735 323 803; x_wconf 79' lang='lat' dir='ltr'><strong>familiaritas</strong></span> <span class='ocrx_word' id='word_1_34' title='bbox 345 742 390 797; x_wconf 92' lang='lat' dir='ltr'><strong>est</strong></span> <span class='ocrx_word' id='word_1_35' title='bbox 411 740 568 818; x_wconf 89' lang='lat' dir='ltr'><strong>pervetus.</strong></span> <span class='ocrx_word' id='word_1_36' title='bbox 610 736 645 795; x_wconf 91' lang='lat' dir='ltr'><strong>ln</strong></span> <span class='ocrx_word' id='word_1_37' title='bbox 665 730 733 795; x_wconf 90' lang='lat' dir='ltr'><strong>eius</strong></span> <span class='ocrx_word' id='word_1_38' title='bbox 756 729 978 794; x_wconf 87' lang='lat' dir='ltr'><strong>controversiis</strong></span> <span class='ocrx_word' id='word_1_39' title='bbox 1000 729 1074 814; x_wconf 93' lang='lat' dir='ltr'><strong>quid</strong></span> <span class='ocrx_word' id='word_1_40' title='bbox 1097 729 1266 805; x_wconf 79' lang='lat' dir='ltr'>decernas,</span> <span class='ocrx_word' id='word_1_41' title='bbox 1289 753 1307 795; x_wconf 92' lang='lat' dir='ltr'><strong>a</strong></span> <span class='ocrx_word' id='word_1_42' title='bbox 1333 741 1363 796; x_wconf 90' lang='lat' dir='ltr'><strong>te</strong></span> <span class='ocrx_word' id='word_1_43' title='bbox 1386 753 1449 797; x_wconf 93' lang='lat' dir='ltr'><strong>non</strong></span> 
     </span>
     <span class='ocr_line' id='line_1_6' title="bbox 130 823 1475 917; baseline -0.004 -23"><span class='ocrx_word' id='word_1_44' title='bbox 130 838 206 917; x_wconf 90' lang='lat' dir='ltr'><strong>peto</strong></span> <span class='ocrx_word' id='word_1_45' title='bbox 228 863 268 874; x_wconf 92' lang='lat'><em>-</em></span> <span class='ocrx_word' id='word_1_46' title='bbox 290 824 449 899; x_wconf 89' lang='lat' dir='ltr'><strong>servabis,</strong></span> <span class='ocrx_word' id='word_1_47' title='bbox 486 838 520 891; x_wconf 93' lang='lat' dir='ltr'><strong>nt</strong></span> <span class='ocrx_word' id='word_1_48' title='bbox 541 834 594 889; x_wconf 91' lang='lat' dir='ltr'><strong>tua</strong></span> <span class='ocrx_word' id='word_1_49' title='bbox 616 824 692 888; x_wconf 85' lang='lat' dir='ltr'><strong>fides</strong></span> <span class='ocrx_word' id='word_1_50' title='bbox 714 834 744 887; x_wconf 88' lang='lat' dir='ltr'><strong>et</strong></span> <span class='ocrx_word' id='word_1_51' title='bbox 766 823 899 907; x_wconf 74' lang='lat' dir='ltr'><strong>dignitas</strong></span> <span class='ocrx_word' id='word_1_52' title='bbox 922 823 1072 907; x_wconf 88' lang='lat' dir='ltr'><strong>postulat,</strong></span> <span class='ocrx_word' id='word_1_53' title='bbox 1109 823 1244 888; x_wconf 91' lang='lat' dir='ltr'><strong>edictum</strong></span> <span class='ocrx_word' id='word_1_54' title='bbox 1276 833 1307 888; x_wconf 91' lang='lat' dir='ltr'><strong>et</strong></span> <span class='ocrx_word' id='word_1_55' title='bbox 1329 825 1475 889; x_wconf 74' lang='lat' dir='ltr'><strong>insutu-³</strong></span> 
     </span>
    </p>
   </div>
   <div class='ocr_carea' id='block_1_5' title="bbox 131 915 1450 1288">
    <p class='ocr_par' dir='ltr' id='par_1_5' title="bbox 131 915 1450 1288">
     <span class='ocr_line' id='line_1_7' title="bbox 132 915 1448 1004; baseline -0.005 -16"><span class='ocrx_word' id='word_1_56' title='bbox 132 934 198 988; x_wconf 90' lang='lat' dir='ltr'><strong>tum</strong></span> <span class='ocrx_word' id='word_1_57' title='bbox 217 930 305 987; x_wconf 89' lang='lat' dir='ltr'><strong>tuum</strong></span> <span class='ocrx_word' id='word_1_58' title='bbox 334 952 394 994; x_wconf 91' lang='lat'><strong>-,</strong></span> <span class='ocrx_word' id='word_1_59' title='bbox 416 916 472 983; x_wconf 91' lang='lat' dir='ltr'><strong>sed</strong></span> <span class='ocrx_word' id='word_1_60' title='bbox 495 927 530 983; x_wconf 94' lang='lat' dir='ltr'><strong>ut</strong></span> <span class='ocrx_word' id='word_1_61' title='bbox 555 938 647 1004; x_wconf 87' lang='lat' dir='ltr'><strong>qnam</strong></span> <span class='ocrx_word' id='word_1_62' title='bbox 672 917 835 981; x_wconf 81' lang='lat' dir='ltr'><strong>facillimos</strong></span> <span class='ocrx_word' id='word_1_63' title='bbox 861 915 898 979; x_wconf 90' lang='lat' dir='ltr'><strong>ad</strong></span> <span class='ocrx_word' id='word_1_64' title='bbox 928 927 958 981; x_wconf 92' lang='lat' dir='ltr'><strong>te</strong></span> <span class='ocrx_word' id='word_1_65' title='bbox 981 916 1083 981; x_wconf 90' lang='lat' dir='ltr'><strong>aditus</strong></span> <span class='ocrx_word' id='word_1_66' title='bbox 1103 917 1227 994; x_wconf 88' lang='lat' dir='ltr'><strong>babeat;</strong></span> <span class='ocrx_word' id='word_1_67' title='bbox 1255 938 1335 1002; x_wconf 87' lang='lat' dir='ltr'><strong>qnae</strong></span> <span class='ocrx_word' id='word_1_68' title='bbox 1357 927 1448 982; x_wconf 90' lang='lat' dir='ltr'><strong>erunt</strong></span> 
     </span>
     <span class='ocr_line' id='line_1_8' title="bbox 132 1007 1449 1101; baseline -0.005 -22"><span class='ocrx_word' id='word_1_69' title='bbox 132 1035 245 1101; x_wconf 85' lang='lat' dir='ltr'><strong>aequa,</strong></span> <span class='ocrx_word' id='word_1_70' title='bbox 280 1011 406 1079; x_wconf 90' lang='lat' dir='ltr'><strong>lubente</strong></span> <span class='ocrx_word' id='word_1_71' title='bbox 428 1022 458 1076; x_wconf 90' lang='lat' dir='ltr'><strong>te</strong></span> <span class='ocrx_word' id='word_1_72' title='bbox 480 1012 640 1096; x_wconf 92' lang='lat' dir='ltr'><strong>impetret;</strong></span> <span class='ocrx_word' id='word_1_73' title='bbox 671 1018 706 1075; x_wconf 91' lang='lat' dir='ltr'><strong>ut</strong></span> <span class='ocrx_word' id='word_1_74' title='bbox 728 1030 828 1073; x_wconf 88' lang='lat' dir='ltr'><strong>meam</strong></span> <span class='ocrx_word' id='word_1_75' title='bbox 847 1009 1013 1073; x_wconf 80' lang='lat' dir='ltr'><strong>amicitiam</strong></span> <span class='ocrx_word' id='word_1_76' title='bbox 1038 1007 1113 1083; x_wconf 89' lang='lat' dir='ltr'><strong>sibi,</strong></span> <span class='ocrx_word' id='word_1_77' title='bbox 1137 1010 1230 1074; x_wconf 90' lang='lat' dir='ltr'><strong>etiam</strong></span> <span class='ocrx_word' id='word_1_78' title='bbox 1248 1031 1318 1074; x_wconf 90' lang='lat' dir='ltr'><strong>cum</strong></span> <span class='ocrx_word' id='word_1_79' title='bbox 1342 1010 1449 1095; x_wconf 88' lang='lat' dir='ltr'><strong>procul</strong></span> 
     </span>
     <span class='ocr_line' id='line_1_9' title="bbox 131 1102 1450 1193; baseline -0.005 -20"><span class='ocrx_word' id='word_1_80' title='bbox 131 1108 248 1181; x_wconf 87' lang='lat' dir='ltr'><strong>absim,</strong></span> <span class='ocrx_word' id='word_1_81' title='bbox 271 1106 421 1193; x_wconf 83' lang='lat' dir='ltr'><strong>prodesse</strong></span> <span class='ocrx_word' id='word_1_82' title='bbox 442 1106 567 1179; x_wconf 87' lang='lat' dir='ltr'><strong>sentiat,</strong></span> <span class='ocrx_word' id='word_1_83' title='bbox 602 1103 787 1190; x_wconf 90' lang='lat' dir='ltr'><strong>praesertim</strong></span> <span class='ocrx_word' id='word_1_84' title='bbox 809 1103 891 1189; x_wconf 92' lang='lat' dir='ltr'><strong>apud</strong></span> <span class='ocrx_word' id='word_1_85' title='bbox 911 1113 951 1168; x_wconf 92' lang='lat' dir='ltr'><strong>te.</strong></span> <span class='ocrx_word' id='word_1_86' title='bbox 994 1107 1061 1169; x_wconf 88' lang='lat' dir='ltr'><strong>Hoc</strong></span> <span class='ocrx_word' id='word_1_87' title='bbox 1083 1113 1113 1168; x_wconf 92' lang='lat' dir='ltr'><strong>tc</strong></span> <span class='ocrx_word' id='word_1_88' title='bbox 1135 1102 1336 1168; x_wconf 81' lang='lat' dir='ltr'><strong>vehementer</strong></span> <span class='ocrx_word' id='word_1_89' title='bbox 1357 1102 1450 1168; x_wconf 92' lang='lat' dir='ltr'><strong>ctiam</strong></span> 
     </span>
     <span class='ocr_line' id='line_1_10' title="bbox 132 1202 1297 1288; baseline -0.003 -23"><span class='ocrx_word' id='word_1_90' title='bbox 132 1212 226 1288; x_wconf 86' lang='lat' dir='ltr'><strong>atque</strong></span> <span class='ocrx_word' id='word_1_91' title='bbox 246 1202 339 1268; x_wconf 88' lang='lat' dir='ltr'><strong>etiam</strong></span> <span class='ocrx_word' id='word_1_92' title='bbox 360 1220 450 1285; x_wconf 90' lang='lat' dir='ltr'><strong>rogo.</strong></span> <span class='ocrx_word' id='word_1_93' title='bbox 1294 1212 1297 1217; x_wconf 83' lang='lat'>&#39;</span> 
     </span>
    </p>
   </div>
   <div class='ocr_carea' id='block_1_6' title="bbox 475 1340 1489 1421">
    <p class='ocr_par' dir='ltr' id='par_1_6' title="bbox 475 1340 1489 1421">
     <span class='ocr_line' id='line_1_11' title="bbox 475 1340 1489 1421; baseline -0.022 -16"><span class='ocrx_word' id='word_1_94' title='bbox 475 1343 540 1410; x_wconf 83' lang='lat' dir='ltr'><strong>LX.</strong></span> <span class='ocrx_word' id='word_1_95' title='bbox 583 1341 741 1421; x_wconf 74' lang='lat' dir='ltr'><strong>(lotrad.</strong></span> <span class='ocrx_word' id='word_1_96' title='bbox 767 1342 799 1402; x_wconf 84' lang='lat' dir='ltr'><strong>U.</strong></span> <span class='ocrx_word' id='word_1_97' title='bbox 823 1342 854 1403; x_wconf 89' lang='lat' dir='ltr'><strong>C.</strong></span> <span class='ocrx_word' id='word_1_98' title='bbox 877 1341 948 1404; x_wconf 89' lang='grc'><strong>698.</strong></span> <span class='ocrx_word' id='word_1_99' title='bbox 971 1348 999 1402; x_wconf 85' lang='lat' dir='ltr'><strong>et</strong></span> <span class='ocrx_word' id='word_1_100' title='bbox 1019 1340 1108 1418; x_wconf 84' lang='lat'><strong>700.)</strong></span> <span class='ocrx_word' id='word_1_101' title='bbox 1464 1347 1489 1384; x_wconf 84' lang='lat' dir='ltr'><strong>m</strong></span> 
     </span>
    </p>
   </div>
   <div class='ocr_carea' id='block_1_7' title="bbox 484 1461 1106 1528">
    <p class='ocr_par' dir='ltr' id='par_1_7' title="bbox 484 1461 1106 1528">
     <span class='ocr_line' id='line_1_12' title="bbox 484 1461 1106 1528; baseline -0.005 -1"><span class='ocrx_word' id='word_1_102' title='bbox 484 1467 525 1527; x_wconf 90' lang='lat' dir='ltr'><strong>M.</strong></span> <span class='ocrx_word' id='word_1_103' title='bbox 548 1462 690 1528; x_wconf 87' lang='lat' dir='ltr'>CICERO</span> <span class='ocrx_word' id='word_1_104' title='bbox 711 1463 744 1526; x_wconf 89' lang='lat' dir='ltr'><strong>C.</strong></span> <span class='ocrx_word' id='word_1_105' title='bbox 765 1461 941 1524; x_wconf 74' lang='lat' dir='ltr'><strong>lllUllATlO</strong></span> <span class='ocrx_word' id='word_1_106' title='bbox 965 1462 997 1524; x_wconf 90' lang='lat' dir='ltr'><strong>C.</strong></span> <span class='ocrx_word' id='word_1_107' title='bbox 1019 1462 1053 1524; x_wconf 81' lang='lat' dir='ltr'><strong>F.</strong></span> <span class='ocrx_word' id='word_1_108' title='bbox 1076 1462 1106 1524; x_wconf 92' lang='lat' dir='ltr'><strong>S.</strong></span> 
     </span>
    </p>
   </div>
   <div class='ocr_carea' id='block_1_8' title="bbox 134 1569 1455 1847">
    <p class='ocr_par' dir='ltr' id='par_1_8' title="bbox 134 1569 1455 1847">
     <span class='ocr_line' id='line_1_13' title="bbox 220 1569 1452 1660; baseline -0.004 -18"><span class='ocrx_word' id='word_1_109' title='bbox 220 1581 249 1642; x_wconf 90' lang='lat'><strong>1.</strong></span> <span class='ocrx_word' id='word_1_110' title='bbox 278 1578 312 1640; x_wconf 90' lang='lat' dir='ltr'><strong>L.</strong></span> <span class='ocrx_word' id='word_1_111' title='bbox 334 1573 492 1641; x_wconf 83' lang='lat' dir='ltr'><strong>Livineius</strong></span> <span class='ocrx_word' id='word_1_112' title='bbox 518 1571 645 1660; x_wconf 77' lang='lat' dir='ltr'><strong>Trypho</strong></span> <span class='ocrx_word' id='word_1_113' title='bbox 673 1581 720 1636; x_wconf 92' lang='lat' dir='ltr'><strong>est</strong></span> <span class='ocrx_word' id='word_1_114' title='bbox 749 1571 878 1636; x_wconf 90' lang='lat' dir='ltr'><strong>omnino</strong></span> <span class='ocrx_word' id='word_1_115' title='bbox 907 1574 939 1635; x_wconf 87' lang='lat' dir='ltr'><strong>L.</strong></span> <span class='ocrx_word' id='word_1_116' title='bbox 961 1571 1088 1656; x_wconf 85' lang='lat' dir='ltr'><strong>Reguli,</strong></span> <span class='ocrx_word' id='word_1_117' title='bbox 1118 1569 1351 1636; x_wconf 81' lang='lat' dir='ltr'><strong>familiarissimi</strong></span> <span class='ocrx_word' id='word_1_118' title='bbox 1374 1571 1452 1647; x_wconf 91' lang='lat' dir='ltr'><strong>mei,</strong></span> 
     </span>
     <span class='ocr_line' id='line_1_14' title="bbox 134 1664 1455 1744; baseline -0.003 -8"><span class='ocrx_word' id='word_1_119' title='bbox 134 1669 280 1737; x_wconf 90' lang='lat' dir='ltr'><strong>libertus:</strong></span> <span class='ocrx_word' id='word_1_120' title='bbox 303 1668 392 1733; x_wconf 89' lang='lat' dir='ltr'><strong>cuins</strong></span> <span class='ocrx_word' id='word_1_121' title='bbox 412 1666 568 1732; x_wconf 88' lang='lat' dir='ltr'><strong>calamitas</strong></span> <span class='ocrx_word' id='word_1_122' title='bbox 590 1665 682 1730; x_wconf 87' lang='lat' dir='ltr'><strong>etiam</strong></span> <span class='ocrx_word' id='word_1_123' title='bbox 709 1664 932 1730; x_wconf 86' lang='lat' dir='ltr'><strong>officiosiorem</strong></span> <span class='ocrx_word' id='word_1_124' title='bbox 957 1686 1006 1729; x_wconf 92' lang='lat' dir='ltr'><strong>me</strong></span> <span class='ocrx_word' id='word_1_125' title='bbox 1027 1665 1099 1730; x_wconf 90' lang='lat' dir='ltr'><strong>lacit</strong></span> <span class='ocrx_word' id='word_1_126' title='bbox 1126 1665 1157 1730; x_wconf 93' lang='lat' dir='ltr'><strong>in</strong></span> <span class='ocrx_word' id='word_1_127' title='bbox 1180 1665 1283 1744; x_wconf 93' lang='lat' dir='ltr'><strong>illum;</strong></span> <span class='ocrx_word' id='word_1_128' title='bbox 1307 1689 1377 1731; x_wconf 89' lang='lat' dir='ltr'><strong>nam</strong></span> <span class='ocrx_word' id='word_1_129' title='bbox 1399 1667 1455 1732; x_wconf 90' lang='lat' dir='ltr'><strong>be-</strong></span> 
     </span>
     <span class='ocr_line' id='line_1_15' title="bbox 134 1759 1454 1847; baseline -0.002 -17"><span class='ocrx_word' id='word_1_130' title='bbox 134 1762 347 1834; x_wconf 84' lang='lat' dir='ltr'><strong>nevolentior,</strong></span> <span class='ocrx_word' id='word_1_131' title='bbox 370 1783 462 1847; x_wconf 90' lang='lat' dir='ltr'><strong>qnam</strong></span> <span class='ocrx_word' id='word_1_132' title='bbox 479 1781 604 1846; x_wconf 84' lang='lat' dir='ltr'><strong>semper</strong></span> <span class='ocrx_word' id='word_1_133' title='bbox 618 1759 679 1834; x_wconf 88' lang='lat' dir='ltr'><strong>sui,</strong></span> <span class='ocrx_word' id='word_1_134' title='bbox 703 1781 770 1824; x_wconf 90' lang='lat' dir='ltr'><strong>esse</strong></span> <span class='ocrx_word' id='word_1_135' title='bbox 793 1781 855 1824; x_wconf 94' lang='lat' dir='ltr'><strong>non</strong></span> <span class='ocrx_word' id='word_1_136' title='bbox 876 1780 1013 1845; x_wconf 91' lang='lat' dir='ltr'><strong>possum.</strong></span> <span class='ocrx_word' id='word_1_137' title='bbox 1058 1759 1119 1825; x_wconf 89' lang='lat' dir='ltr'><strong>Sed</strong></span> <span class='ocrx_word' id='word_1_138' title='bbox 1141 1781 1201 1843; x_wconf 90' lang='lat' dir='ltr'><strong>ego</strong></span> <span class='ocrx_word' id='word_1_139' title='bbox 1220 1759 1366 1825; x_wconf 90' lang='lat' dir='ltr'><strong>libertum</strong></span> <span class='ocrx_word' id='word_1_140' title='bbox 1386 1763 1454 1827; x_wconf 92' lang='lat' dir='ltr'><strong>eius</strong></span> 
     </span>
    </p>
   </div>
   <div class='ocr_carea' id='block_1_9' title="bbox 22 1853 1493 1944">
    <p class='ocr_par' dir='ltr' id='par_1_9' title="bbox 22 1853 1493 1944">
     <span class='ocr_line' id='line_1_16' title="bbox 22 1853 1493 1944; baseline -0.003 -21"><span class='ocrx_word' id='word_1_141' title='bbox 22 1858 30 1883; x_wconf 87' lang='lat'><em>&#39;</em></span> <span class='ocrx_word' id='word_1_142' title='bbox 134 1879 193 1944; x_wconf 90' lang='lat' dir='ltr'><strong>per</strong></span> <span class='ocrx_word' id='word_1_143' title='bbox 219 1879 253 1922; x_wconf 90' lang='lat' dir='ltr'><strong>se</strong></span> <span class='ocrx_word' id='word_1_144' title='bbox 281 1857 384 1943; x_wconf 91' lang='lat' dir='ltr'><strong>ipsum</strong></span> <span class='ocrx_word' id='word_1_145' title='bbox 412 1855 530 1940; x_wconf 92' lang='lat' dir='ltr'><strong>diligo;</strong></span> <span class='ocrx_word' id='word_1_146' title='bbox 567 1875 686 1919; x_wconf 89' lang='lat' dir='ltr'><strong>summa</strong></span> <span class='ocrx_word' id='word_1_147' title='bbox 711 1853 793 1917; x_wconf 91' lang='lat' dir='ltr'><strong>enim</strong></span> <span class='ocrx_word' id='word_1_148' title='bbox 816 1853 884 1919; x_wconf 90' lang='lat' dir='ltr'><strong>eius</strong></span> <span class='ocrx_word' id='word_1_149' title='bbox 909 1876 983 1939; x_wconf 89' lang='lat' dir='ltr'><strong>erga</strong></span> <span class='ocrx_word' id='word_1_150' title='bbox 1004 1876 1055 1919; x_wconf 91' lang='lat' dir='ltr'><strong>me</strong></span> <span class='ocrx_word' id='word_1_151' title='bbox 1081 1854 1183 1920; x_wconf 86' lang='lat' dir='ltr'><strong>officia</strong></span> <span class='ocrx_word' id='word_1_152' title='bbox 1208 1855 1394 1919; x_wconf 77' lang='lat' dir='ltr'><strong>exstiterunt</strong></span> <span class='ocrx_word' id='word_1_153' title='bbox 1415 1854 1454 1919; x_wconf 90' lang='lat' dir='ltr'><strong>iis</strong></span> <span class='ocrx_word' id='word_1_154' title='bbox 1467 1857 1493 1895; x_wconf 71' lang='lat'><strong>&#39;⁵</strong></span> 
     </span>
    </p>
   </div>
   <div class='ocr_carea' id='block_1_10' title="bbox 133 1946 1491 2484">
    <p class='ocr_par' dir='ltr' id='par_1_10' title="bbox 133 1946 1491 2484">
     <span class='ocr_line' id='line_1_17' title="bbox 133 1946 1455 2036; baseline -0.003 -20"><span class='ocrx_word' id='word_1_155' title='bbox 133 1955 251 2016; x_wconf 89' lang='lat' dir='ltr'><strong>nostris</strong></span> <span class='ocrx_word' id='word_1_156' title='bbox 271 1949 485 2036; x_wconf 83' lang='lat' dir='ltr'><strong>temporibus,</strong></span> <span class='ocrx_word' id='word_1_157' title='bbox 523 1946 638 2035; x_wconf 92' lang='lat' dir='ltr'><strong>quibus</strong></span> <span class='ocrx_word' id='word_1_158' title='bbox 660 1947 804 2012; x_wconf 77' lang='lat' dir='ltr'><strong>facillime</strong></span> <span class='ocrx_word' id='word_1_159' title='bbox 833 1946 948 2013; x_wconf 90' lang='lat' dir='ltr'><strong>bonam</strong></span> <span class='ocrx_word' id='word_1_160' title='bbox 974 1947 1221 2013; x_wconf 77' lang='lat' dir='ltr'><strong>benevolentiam</strong></span> <span class='ocrx_word' id='word_1_161' title='bbox 1242 1947 1402 2014; x_wconf 92' lang='lat' dir='ltr'><strong>bominum</strong></span> <span class='ocrx_word' id='word_1_162' title='bbox 1424 1957 1455 2013; x_wconf 91' lang='lat' dir='ltr'><strong>et</strong></span> 
     </span>
     <span class='ocr_line' id='line_1_18' title="bbox 135 2040 1453 2130; baseline 0.001 -21"><span class='ocrx_word' id='word_1_163' title='bbox 135 2044 229 2109; x_wconf 89' lang='lat' dir='ltr'><strong>lidem</strong></span> <span class='ocrx_word' id='word_1_164' title='bbox 249 2042 428 2130; x_wconf 87' lang='lat' dir='ltr'><strong>perspicere</strong></span> <span class='ocrx_word' id='word_1_165' title='bbox 453 2042 552 2128; x_wconf 93' lang='lat' dir='ltr'><strong>potui.</strong></span> <span class='ocrx_word' id='word_1_166' title='bbox 596 2045 626 2106; x_wconf 75' lang='lat'><strong>2.</strong></span> <span class='ocrx_word' id='word_1_167' title='bbox 650 2045 727 2105; x_wconf 84' lang='lat' dir='ltr'><strong>Eum</strong></span> <span class='ocrx_word' id='word_1_168' title='bbox 752 2040 808 2106; x_wconf 88' lang='lat' dir='ltr'><strong>tibi</strong></span> <span class='ocrx_word' id='word_1_169' title='bbox 834 2041 876 2106; x_wconf 87' lang='lat' dir='ltr'><strong>ita</strong></span> <span class='ocrx_word' id='word_1_170' title='bbox 905 2040 1109 2116; x_wconf 87' lang='lat' dir='ltr'><strong>commendo,</strong></span> <span class='ocrx_word' id='word_1_171' title='bbox 1146 2051 1182 2106; x_wconf 94' lang='lat' dir='ltr'><strong>ut</strong></span> <span class='ocrx_word' id='word_1_172' title='bbox 1207 2041 1349 2109; x_wconf 88' lang='lat' dir='ltr'><strong>homines</strong></span> <span class='ocrx_word' id='word_1_173' title='bbox 1374 2043 1453 2129; x_wconf 88' lang='lat' dir='ltr'><strong>grati</strong></span> 
     </span>
     <span class='ocr_line' id='line_1_19' title="bbox 135 2134 1454 2222; baseline 0 -19"><span class='ocrx_word' id='word_1_174' title='bbox 135 2148 167 2203; x_wconf 88' lang='lat' dir='ltr'><strong>et</strong></span> <span class='ocrx_word' id='word_1_175' title='bbox 189 2159 345 2203; x_wconf 87' lang='lat' dir='ltr'><strong>memores</strong></span> <span class='ocrx_word' id='word_1_176' title='bbox 363 2137 444 2202; x_wconf 90' lang='lat' dir='ltr'><strong>bene</strong></span> <span class='ocrx_word' id='word_1_177' title='bbox 468 2141 595 2201; x_wconf 89' lang='lat' dir='ltr'><strong>meritos</strong></span> <span class='ocrx_word' id='word_1_178' title='bbox 622 2135 661 2200; x_wconf 92' lang='lat' dir='ltr'><strong>de</strong></span> <span class='ocrx_word' id='word_1_179' title='bbox 690 2156 723 2199; x_wconf 90' lang='lat' dir='ltr'><strong>se</strong></span> <span class='ocrx_word' id='word_1_180' title='bbox 746 2135 965 2201; x_wconf 87' lang='lat' dir='ltr'><strong>commendare</strong></span> <span class='ocrx_word' id='word_1_181' title='bbox 991 2134 1115 2200; x_wconf 90' lang='lat' dir='ltr'><strong>debent.</strong></span> <span class='ocrx_word' id='word_1_182' title='bbox 1173 2141 1355 2222; x_wconf 79' lang='lat' dir='ltr'><strong>Pergratum</strong></span> <span class='ocrx_word' id='word_1_183' title='bbox 1378 2138 1454 2203; x_wconf 89' lang='lat' dir='ltr'><strong>mibi</strong></span> 
     </span>
     <span class='ocr_line' id='line_1_20' title="bbox 134 2229 1455 2316; baseline -0.001 -19"><span class='ocrx_word' id='word_1_184' title='bbox 134 2231 264 2307; x_wconf 86' lang='lat' dir='ltr'><strong>seceris,</strong></span> <span class='ocrx_word' id='word_1_185' title='bbox 300 2233 327 2297; x_wconf 93' lang='lat' dir='ltr'><strong>si</strong></span> <span class='ocrx_word' id='word_1_186' title='bbox 344 2232 397 2296; x_wconf 87' lang='lat' dir='ltr'><strong>ille</strong></span> <span class='ocrx_word' id='word_1_187' title='bbox 412 2230 601 2295; x_wconf 84' lang='lat' dir='ltr'><strong>intellexerit</strong></span> <span class='ocrx_word' id='word_1_188' title='bbox 619 2251 670 2303; x_wconf 88' lang='lat' dir='ltr'><strong>se,</strong></span> <span class='ocrx_word' id='word_1_189' title='bbox 693 2229 776 2315; x_wconf 94' lang='lat' dir='ltr'><strong>quod</strong></span> <span class='ocrx_word' id='word_1_190' title='bbox 803 2250 862 2316; x_wconf 92' lang='lat' dir='ltr'><strong>pro</strong></span> <span class='ocrx_word' id='word_1_191' title='bbox 888 2230 985 2295; x_wconf 87' lang='lat' dir='ltr'><strong>salute</strong></span> <span class='ocrx_word' id='word_1_192' title='bbox 1005 2251 1074 2294; x_wconf 92' lang='lat' dir='ltr'><strong>mea</strong></span> <span class='ocrx_word' id='word_1_193' title='bbox 1101 2230 1196 2294; x_wconf 90' lang='lat' dir='ltr'><strong>multa</strong></span> <span class='ocrx_word' id='word_1_194' title='bbox 1212 2230 1349 2315; x_wconf 90' lang='lat' dir='ltr'><strong>pericula</strong></span> <span class='ocrx_word' id='word_1_195' title='bbox 1371 2231 1455 2296; x_wconf 91' lang='lat' dir='ltr'><strong>adie-</strong></span> 
     </span>
     <span class='ocr_line' id='line_1_21' title="bbox 135 2321 1491 2411; baseline 0 -21"><span class='ocrx_word' id='word_1_196' title='bbox 135 2325 193 2401; x_wconf 87' lang='lat' dir='ltr'><strong>rit,</strong></span> <span class='ocrx_word' id='word_1_197' title='bbox 222 2346 315 2411; x_wconf 85' lang='lat' dir='ltr'><strong>saepe</strong></span> <span class='ocrx_word' id='word_1_198' title='bbox 341 2324 443 2389; x_wconf 89' lang='lat' dir='ltr'><strong>bieme</strong></span> <span class='ocrx_word' id='word_1_199' title='bbox 471 2345 592 2388; x_wconf 88' lang='lat' dir='ltr'><strong>summa</strong></span> <span class='ocrx_word' id='word_1_200' title='bbox 624 2322 790 2407; x_wconf 70' lang='lat' dir='ltr'><strong>navigant,</strong></span> <span class='ocrx_word' id='word_1_201' title='bbox 819 2344 878 2408; x_wconf 92' lang='lat' dir='ltr'><strong>pro</strong></span> <span class='ocrx_word' id='word_1_202' title='bbox 902 2332 954 2387; x_wconf 92' lang='lat' dir='ltr'><strong>tua</strong></span> <span class='ocrx_word' id='word_1_203' title='bbox 974 2343 1049 2408; x_wconf 90' lang='lat' dir='ltr'><strong>erga</strong></span> <span class='ocrx_word' id='word_1_204' title='bbox 1075 2344 1125 2387; x_wconf 90' lang='lat' dir='ltr'><strong>me</strong></span> <span class='ocrx_word' id='word_1_205' title='bbox 1146 2321 1362 2390; x_wconf 85' lang='lat' dir='ltr'><strong>benevolentia</strong></span> <span class='ocrx_word' id='word_1_206' title='bbox 1384 2321 1491 2411; x_wconf 66' lang='lat' dir='ltr'><strong>gra-²l</strong></span> 
     </span>
     <span class='ocr_line' id='line_1_22' title="bbox 137 2416 539 2484; baseline -0.007 0"><span class='ocrx_word' id='word_1_207' title='bbox 137 2419 317 2484; x_wconf 87' lang='lat' dir='ltr'><strong>tumeliam</strong></span> <span class='ocrx_word' id='word_1_208' title='bbox 341 2416 396 2483; x_wconf 92' lang='lat' dir='ltr'><strong>tibi</strong></span> <span class='ocrx_word' id='word_1_209' title='bbox 418 2416 539 2482; x_wconf 84' lang='lat' dir='ltr'><strong>iecisse.</strong></span> 
     </span>
    </p>
   </div>
   <div class='ocr_carea' id='block_1_11' title="bbox 601 2553 995 2642">
    <p class='ocr_par' dir='ltr' id='par_1_11' title="bbox 601 2553 995 2642">
     <span class='ocr_line' id='line_1_23' title="bbox 601 2553 995 2642; baseline 0 -22"><span class='ocrx_word' id='word_1_210' title='bbox 601 2560 681 2620; x_wconf 79' lang='lat' dir='ltr'><strong>ixi.</strong></span> <span class='ocrx_word' id='word_1_211' title='bbox 724 2553 774 2637; x_wconf 80' lang='lat' dir='ltr'><strong>(A.</strong></span> <span class='ocrx_word' id='word_1_212' title='bbox 800 2559 832 2620; x_wconf 85' lang='lat' dir='ltr'><strong>n.</strong></span> <span class='ocrx_word' id='word_1_213' title='bbox 855 2559 886 2620; x_wconf 79' lang='lat' dir='ltr'><strong>e.</strong></span> <span class='ocrx_word' id='word_1_214' title='bbox 909 2557 995 2642; x_wconf 78' lang='lat' dir='ltr'><strong>ros.)</strong></span> 
     </span>
    </p>
   </div>
   <div class='ocr_carea' id='block_1_12' title="bbox 466 2678 1128 2746">
    <p class='ocr_par' dir='ltr' id='par_1_12' title="bbox 466 2678 1128 2746">
     <span class='ocr_line' id='line_1_24' title="bbox 466 2678 1128 2746; baseline -0.006 0"><span class='ocrx_word' id='word_1_215' title='bbox 466 2684 507 2746; x_wconf 93' lang='grc' dir='ltr'><strong>Μ.</strong></span> <span class='ocrx_word' id='word_1_216' title='bbox 530 2681 672 2746; x_wconf 83' lang='lat' dir='ltr'><strong>ClCEltO</strong></span> <span class='ocrx_word' id='word_1_217' title='bbox 695 2682 726 2741; x_wconf 90' lang='lat' dir='ltr'><strong>S.</strong></span> <span class='ocrx_word' id='word_1_218' title='bbox 748 2682 785 2741; x_wconf 90' lang='lat' dir='ltr'><strong>l).</strong></span> <span class='ocrx_word' id='word_1_219' title='bbox 808 2680 841 2740; x_wconf 90' lang='lat' dir='ltr'><strong>P.</strong></span> <span class='ocrx_word' id='word_1_220' title='bbox 864 2678 966 2741; x_wconf 82' lang='lat' dir='ltr'><strong>SILIO</strong></span> <span class='ocrx_word' id='word_1_221' title='bbox 989 2679 1128 2742; x_wconf 86' lang='lat' dir='ltr'><strong>PROPR.</strong></span> 
     </span>
    </p>
   </div>
   <div class='ocr_carea' id='block_1_13' title="bbox 138 2787 1496 3606">
    <p class='ocr_par' dir='ltr' id='par_1_13' title="bbox 138 2787 1496 3606">
     <span class='ocr_line' id='line_1_25' title="bbox 222 2787 1458 2878; baseline -0.002 -20"><span class='ocrx_word' id='word_1_222' title='bbox 222 2799 256 2858; x_wconf 91' lang='lat' dir='ltr'><strong>T.</strong></span> <span class='ocrx_word' id='word_1_223' title='bbox 284 2792 395 2858; x_wconf 88' lang='lat' dir='ltr'><strong>Pinnio</strong></span> <span class='ocrx_word' id='word_1_224' title='bbox 415 2790 657 2856; x_wconf 82' lang='lat' dir='ltr'><strong>familiarissime</strong></span> <span class='ocrx_word' id='word_1_225' title='bbox 680 2810 729 2852; x_wconf 93' lang='lat' dir='ltr'><strong>me</strong></span> <span class='ocrx_word' id='word_1_226' title='bbox 751 2810 842 2853; x_wconf 85' lang='lat' dir='ltr'><strong>usum</strong></span> <span class='ocrx_word' id='word_1_227' title='bbox 865 2809 933 2853; x_wconf 90' lang='lat' dir='ltr'><strong>esse</strong></span> <span class='ocrx_word' id='word_1_228' title='bbox 956 2787 1037 2852; x_wconf 89' lang='lat' dir='ltr'><strong>scire</strong></span> <span class='ocrx_word' id='word_1_229' title='bbox 1059 2798 1089 2853; x_wconf 92' lang='lat' dir='ltr'><strong>te</strong></span> <span class='ocrx_word' id='word_1_230' title='bbox 1107 2787 1258 2867; x_wconf 81' lang='lat' dir='ltr'><strong>arbitror3</strong></span> <span class='ocrx_word' id='word_1_231' title='bbox 1281 2790 1366 2877; x_wconf 93' lang='lat' dir='ltr'><strong>qnod</strong></span> <span class='ocrx_word' id='word_1_232' title='bbox 1388 2791 1458 2878; x_wconf 87' lang='lat' dir='ltr'><strong>qui·</strong></span> 
     </span>
     <span class='ocr_line' id='line_1_26' title="bbox 138 2883 1495 2968; baseline -0.002 -14"><span class='ocrx_word' id='word_1_233' title='bbox 138 2888 209 2954; x_wconf 90' lang='lat' dir='ltr'><strong>dem</strong></span> <span class='ocrx_word' id='word_1_234' title='bbox 232 2886 284 2952; x_wconf 92' lang='lat' dir='ltr'><strong>ille</strong></span> <span class='ocrx_word' id='word_1_235' title='bbox 305 2894 491 2952; x_wconf 86' lang='lat' dir='ltr'><strong>testamento</strong></span> <span class='ocrx_word' id='word_1_236' title='bbox 513 2883 700 2955; x_wconf 84' lang='lat' dir='ltr'><strong>declaravit,</strong></span> <span class='ocrx_word' id='word_1_237' title='bbox 726 2883 780 2968; x_wconf 93' lang='lat' dir='ltr'><strong>qui</strong></span> <span class='ocrx_word' id='word_1_238' title='bbox 802 2904 852 2946; x_wconf 91' lang='lat' dir='ltr'><strong>me</strong></span> <span class='ocrx_word' id='word_1_239' title='bbox 874 2903 945 2946; x_wconf 89' lang='lat' dir='ltr'><strong>cum</strong></span> <span class='ocrx_word' id='word_1_240' title='bbox 968 2892 1123 2957; x_wconf 88' lang='lat' dir='ltr'><strong>tutorem,</strong></span> <span class='ocrx_word' id='word_1_241' title='bbox 1146 2892 1211 2947; x_wconf 92' lang='lat' dir='ltr'><strong>tum</strong></span> <span class='ocrx_word' id='word_1_242' title='bbox 1234 2885 1327 2950; x_wconf 87' lang='lat' dir='ltr'><strong>etiam</strong></span> <span class='ocrx_word' id='word_1_243' title='bbox 1348 2906 1495 2955; x_wconf 68' lang='lat' dir='ltr'><strong>secun-ss</strong></span> 
     </span>
     <span class='ocr_line' id='line_1_27' title="bbox 139 2976 1457 3047; baseline -0.002 -1"><span class='ocrx_word' id='word_1_244' title='bbox 139 2981 214 3047; x_wconf 94' lang='lat' dir='ltr'><strong>dum</strong></span> <span class='ocrx_word' id='word_1_245' title='bbox 236 2980 384 3046; x_wconf 87' lang='lat' dir='ltr'><strong>heredem</strong></span> <span class='ocrx_word' id='word_1_246' title='bbox 406 2978 583 3045; x_wconf 90' lang='lat' dir='ltr'><strong>instituerit.</strong></span> <span class='ocrx_word' id='word_1_247' title='bbox 627 2977 701 3041; x_wconf 88' lang='lat' dir='ltr'><strong>Eius</strong></span> <span class='ocrx_word' id='word_1_248' title='bbox 724 2976 788 3040; x_wconf 83' lang='lat' dir='ltr'><strong>snio</strong></span> <span class='ocrx_word' id='word_1_249' title='bbox 809 2976 889 3039; x_wconf 90' lang='lat' dir='ltr'><strong>mire</strong></span> <span class='ocrx_word' id='word_1_250' title='bbox 911 2976 1051 3041; x_wconf 89' lang='lat' dir='ltr'><strong>studioso</strong></span> <span class='ocrx_word' id='word_1_251' title='bbox 1073 2986 1104 3041; x_wconf 89' lang='lat' dir='ltr'><strong>et</strong></span> <span class='ocrx_word' id='word_1_252' title='bbox 1125 2976 1249 3043; x_wconf 91' lang='lat' dir='ltr'><strong>erudito</strong></span> <span class='ocrx_word' id='word_1_253' title='bbox 1267 2987 1299 3042; x_wconf 92' lang='lat' dir='ltr'><strong>et</strong></span> <span class='ocrx_word' id='word_1_254' title='bbox 1314 2980 1457 3046; x_wconf 89' lang='lat' dir='ltr'><strong>modesto</strong></span> 
     </span>
     <span class='ocr_line' id='line_1_28' title="bbox 141 3068 1457 3163; baseline 0 -24"><span class='ocrx_word' id='word_1_255' title='bbox 141 3075 303 3163; x_wconf 84' lang='lat' dir='ltr'><strong>pecuniam</strong></span> <span class='ocrx_word' id='word_1_256' title='bbox 325 3074 508 3138; x_wconf 88' lang='lat' dir='ltr'><strong>Nicaeenses</strong></span> <span class='ocrx_word' id='word_1_257' title='bbox 530 3070 679 3156; x_wconf 81' lang='lat' dir='ltr'><strong>grandem</strong></span> <span class='ocrx_word' id='word_1_258' title='bbox 702 3068 832 3143; x_wconf 89' lang='lat' dir='ltr'><strong>debent,</strong></span> <span class='ocrx_word' id='word_1_259' title='bbox 855 3070 893 3135; x_wconf 91' lang='lat' dir='ltr'><strong>ad</strong></span> <span class='ocrx_word' id='word_1_260' title='bbox 917 3072 986 3134; x_wconf 73' lang='lat' dir='ltr'><strong>its,</strong></span> <span class='ocrx_word' id='word_1_261' title='bbox 1003 3071 1157 3154; x_wconf 91' lang='lat' dir='ltr'><strong>octogies,</strong></span> <span class='ocrx_word' id='word_1_262' title='bbox 1181 3081 1222 3145; x_wconf 88' lang='lat' dir='ltr'><strong>et,</strong></span> <span class='ocrx_word' id='word_1_263' title='bbox 1244 3085 1279 3140; x_wconf 93' lang='lat' dir='ltr'><strong>nt</strong></span> <span class='ocrx_word' id='word_1_264' title='bbox 1300 3073 1404 3148; x_wconf 89' lang='lat' dir='ltr'><strong>audio,</strong></span> <span class='ocrx_word' id='word_1_265' title='bbox 1425 3073 1457 3139; x_wconf 91' lang='lat' dir='ltr'><strong>in</strong></span> 
     </span>
     <span class='ocr_line' id='line_1_29' title="bbox 140 3163 1457 3257; baseline -0.004 -22"><span class='ocrx_word' id='word_1_266' title='bbox 140 3169 249 3257; x_wconf 89' lang='lat' dir='ltr'><strong>primis</strong></span> <span class='ocrx_word' id='word_1_267' title='bbox 271 3168 300 3232; x_wconf 92' lang='lat' dir='ltr'><strong>ei</strong></span> <span class='ocrx_word' id='word_1_268' title='bbox 321 3167 431 3232; x_wconf 83' lang='lat' dir='ltr'><strong>volunt</strong></span> <span class='ocrx_word' id='word_1_269' title='bbox 451 3167 583 3232; x_wconf 88' lang='lat' dir='ltr'><strong>solvere.</strong></span> <span class='ocrx_word' id='word_1_270' title='bbox 641 3169 822 3248; x_wconf 86' lang='lat' dir='ltr'><strong>Pergratum</strong></span> <span class='ocrx_word' id='word_1_271' title='bbox 851 3163 947 3247; x_wconf 83' lang='lat' dir='ltr'><strong>igitur</strong></span> <span class='ocrx_word' id='word_1_272' title='bbox 967 3164 1043 3228; x_wconf 93' lang='lat' dir='ltr'><strong>mibi</strong></span> <span class='ocrx_word' id='word_1_273' title='bbox 1066 3165 1191 3240; x_wconf 86' lang='lat' dir='ltr'><strong>leceris,</strong></span> <span class='ocrx_word' id='word_1_274' title='bbox 1225 3167 1372 3253; x_wconf 85' lang='lat' dir='ltr'><strong>qnoniam</strong></span> <span class='ocrx_word' id='word_1_275' title='bbox 1394 3187 1457 3232; x_wconf 91' lang='lat' dir='ltr'><strong>non</strong></span> 
     </span>
     <span class='ocr_line' id='line_1_30' title="bbox 140 3256 1458 3347; baseline -0.003 -19"><span class='ocrx_word' id='word_1_276' title='bbox 140 3263 236 3328; x_wconf 92' lang='lat' dir='ltr'><strong>modo</strong></span> <span class='ocrx_word' id='word_1_277' title='bbox 256 3260 370 3347; x_wconf 91' lang='lat' dir='ltr'><strong>reliqui</strong></span> <span class='ocrx_word' id='word_1_278' title='bbox 392 3269 528 3333; x_wconf 88' lang='lat' dir='ltr'><strong>tutores,</strong></span> <span class='ocrx_word' id='word_1_279' title='bbox 552 3258 606 3344; x_wconf 92' lang='lat' dir='ltr'><strong>qui</strong></span> <span class='ocrx_word' id='word_1_280' title='bbox 627 3259 746 3330; x_wconf 92' lang='lat' dir='ltr'><strong>sciunt,</strong></span> <span class='ocrx_word' id='word_1_281' title='bbox 770 3256 876 3342; x_wconf 89' lang='lat' dir='ltr'><strong>quanti</strong></span> <span class='ocrx_word' id='word_1_282' title='bbox 898 3279 947 3320; x_wconf 89' lang='lat' dir='ltr'><strong>me</strong></span> <span class='ocrx_word' id='word_1_283' title='bbox 970 3257 1080 3331; x_wconf 85' lang='lat' dir='ltr'><strong>iacias,</strong></span> <span class='ocrx_word' id='word_1_284' title='bbox 1102 3257 1157 3322; x_wconf 90' lang='lat' dir='ltr'><strong>sed</strong></span> <span class='ocrx_word' id='word_1_285' title='bbox 1179 3260 1272 3323; x_wconf 91' lang='lat' dir='ltr'><strong>etiam</strong></span> <span class='ocrx_word' id='word_1_286' title='bbox 1294 3280 1374 3344; x_wconf 88' lang='lat' dir='ltr'><strong>puer</strong></span> <span class='ocrx_word' id='word_1_287' title='bbox 1392 3259 1458 3344; x_wconf 88' lang='lat' dir='ltr'><strong>ipse</strong></span> 
     </span>
     <span class='ocr_line' id='line_1_31' title="bbox 140 3349 1496 3440; baseline -0.003 -20"><span class='ocrx_word' id='word_1_288' title='bbox 140 3355 199 3421; x_wconf 86' lang='lat' dir='ltr'><strong>sibi</strong></span> <span class='ocrx_word' id='word_1_289' title='bbox 218 3353 373 3440; x_wconf 92' lang='lat' dir='ltr'><strong>persuasit</strong></span> <span class='ocrx_word' id='word_1_290' title='bbox 395 3363 425 3418; x_wconf 92' lang='lat' dir='ltr'><strong>te</strong></span> <span class='ocrx_word' id='word_1_291' title='bbox 454 3352 559 3418; x_wconf 90' lang='lat' dir='ltr'><strong>omnia</strong></span> <span class='ocrx_word' id='word_1_292' title='bbox 585 3372 653 3415; x_wconf 90' lang='lat' dir='ltr'><strong>mea</strong></span> <span class='ocrx_word' id='word_1_293' title='bbox 677 3371 770 3415; x_wconf 88' lang='lat' dir='ltr'><strong>causa</strong></span> <span class='ocrx_word' id='word_1_294' title='bbox 800 3349 953 3414; x_wconf 84' lang='lat' dir='ltr'><strong>iacturum</strong></span> <span class='ocrx_word' id='word_1_295' title='bbox 990 3370 1075 3423; x_wconf 89' lang='lat' dir='ltr'><strong>esse,</strong></span> <span class='ocrx_word' id='word_1_296' title='bbox 1109 3351 1135 3414; x_wconf 92' lang='lat' dir='ltr'><strong>si</strong></span> <span class='ocrx_word' id='word_1_297' title='bbox 1157 3351 1280 3418; x_wconf 91' lang='lat' dir='ltr'><strong>dederis</strong></span> <span class='ocrx_word' id='word_1_298' title='bbox 1312 3373 1496 3439; x_wconf 61' lang='lat' dir='ltr'><strong>operamne</strong></span> 
     </span>
     <span class='ocr_line' id='line_1_32' title="bbox 141 3443 1459 3533; baseline -0.002 -20"><span class='ocrx_word' id='word_1_299' title='bbox 141 3446 245 3533; x_wconf 87' lang='lat' dir='ltr'><strong>quoad</strong></span> <span class='ocrx_word' id='word_1_300' title='bbox 264 3457 317 3511; x_wconf 92' lang='lat' dir='ltr'><strong>tua</strong></span> <span class='ocrx_word' id='word_1_301' title='bbox 339 3445 416 3510; x_wconf 87' lang='lat' dir='ltr'><strong>lidos</strong></span> <span class='ocrx_word' id='word_1_302' title='bbox 438 3446 632 3532; x_wconf 88' lang='lat' dir='ltr'><strong>dignitasque</strong></span> <span class='ocrx_word' id='word_1_303' title='bbox 660 3444 812 3530; x_wconf 85' lang='lat' dir='ltr'><strong>patietur,</strong></span> <span class='ocrx_word' id='word_1_304' title='bbox 840 3452 875 3507; x_wconf 94' lang='lat' dir='ltr'><strong>ut</strong></span> <span class='ocrx_word' id='word_1_305' title='bbox 901 3464 994 3528; x_wconf 86' lang='lat' dir='ltr'><strong>quam</strong></span> <span class='ocrx_word' id='word_1_306' title='bbox 1015 3443 1152 3529; x_wconf 92' lang='lat' dir='ltr'><strong>primum</strong></span> <span class='ocrx_word' id='word_1_307' title='bbox 1167 3447 1297 3529; x_wconf 88' lang='lat' dir='ltr'><strong>pecunia</strong></span> <span class='ocrx_word' id='word_1_308' title='bbox 1319 3446 1459 3511; x_wconf 88' lang='lat' dir='ltr'><strong>solvatur</strong></span> 
     </span>
     <span class='ocr_line' id='line_1_33' title="bbox 141 3540 645 3606; baseline -0.008 0"><span class='ocrx_word' id='word_1_309' title='bbox 141 3542 250 3606; x_wconf 92' lang='lat' dir='ltr'><strong>Pinnio</strong></span> <span class='ocrx_word' id='word_1_310' title='bbox 271 3540 488 3605; x_wconf 86' lang='lat' dir='ltr'><strong>Nicaeensium</strong></span> <span class='ocrx_word' id='word_1_311' title='bbox 509 3540 645 3604; x_wconf 90' lang='lat' dir='ltr'><strong>nomine.</strong></span> 
     </span>
    </p>
   </div>
   <div class='ocr_carea' id='block_1_14' title="bbox 590 3678 1003 3764">
    <p class='ocr_par' dir='ltr' id='par_1_14' title="bbox 590 3678 1003 3764">
     <span class='ocr_line' id='line_1_34' title="bbox 590 3678 1003 3764; baseline 0 -22"><span class='ocrx_word' id='word_1_312' title='bbox 590 3681 687 3742; x_wconf 75' lang='lat' dir='ltr'><strong>arn.</strong></span> <span class='ocrx_word' id='word_1_313' title='bbox 729 3678 782 3755; x_wconf 79' lang='lat' dir='ltr'><strong>(A.</strong></span> <span class='ocrx_word' id='word_1_314' title='bbox 808 3680 840 3740; x_wconf 88' lang='lat' dir='ltr'><strong>u.</strong></span> <span class='ocrx_word' id='word_1_315' title='bbox 863 3679 894 3741; x_wconf 83' lang='lat' dir='ltr'><strong>c.</strong></span> <span class='ocrx_word' id='word_1_316' title='bbox 917 3679 1003 3764; x_wconf 83' lang='lat'><strong>703.)</strong></span> 
     </span>
    </p>
   </div>
   <div class='ocr_carea' id='block_1_15' title="bbox 470 3800 1126 3867">
    <p class='ocr_par' dir='ltr' id='par_1_15' title="bbox 470 3800 1126 3867">
     <span class='ocr_line' id='line_1_35' title="bbox 470 3800 1126 3867; baseline -0.003 0"><span class='ocrx_word' id='word_1_317' title='bbox 470 3806 510 3867; x_wconf 92' lang='grc' dir='ltr'><strong>Μ.</strong></span> <span class='ocrx_word' id='word_1_318' title='bbox 533 3802 675 3867; x_wconf 86' lang='lat' dir='ltr'>CICERO</span> <span class='ocrx_word' id='word_1_319' title='bbox 698 3801 728 3862; x_wconf 90' lang='lat' dir='ltr'><strong>S.</strong></span> <span class='ocrx_word' id='word_1_320' title='bbox 750 3802 786 3861; x_wconf 82' lang='lat' dir='ltr'><strong>l).</strong></span> <span class='ocrx_word' id='word_1_321' title='bbox 809 3801 841 3861; x_wconf 90' lang='lat' dir='ltr'><strong>P.</strong></span> <span class='ocrx_word' id='word_1_322' title='bbox 864 3800 967 3862; x_wconf 86' lang='lat' dir='ltr'><strong>SILIO</strong></span> <span class='ocrx_word' id='word_1_323' title='bbox 989 3802 1126 3865; x_wconf 86' lang='lat' dir='ltr'><strong>PROPR.</strong></span> 
     </span>
    </p>
   </div>
   <div class='ocr_carea' id='block_1_16' title="bbox 142 3911 1497 4558">
    <p class='ocr_par' dir='ltr' id='par_1_16' title="bbox 142 3911 1497 4558">
     <span class='ocr_line' id='line_1_36' title="bbox 225 3911 1497 3996; baseline 0.002 -16"><span class='ocrx_word' id='word_1_324' title='bbox 225 3919 264 3980; x_wconf 90' lang='lat' dir='ltr'><strong>Et</strong></span> <span class='ocrx_word' id='word_1_325' title='bbox 289 3915 321 3978; x_wconf 93' lang='lat' dir='ltr'><strong>in</strong></span> <span class='ocrx_word' id='word_1_326' title='bbox 343 3913 428 3979; x_wconf 81' lang='lat' dir='ltr'><strong>Atilii</strong></span> <span class='ocrx_word' id='word_1_327' title='bbox 449 3912 576 3996; x_wconf 91' lang='lat' dir='ltr'><strong>negotio</strong></span> <span class='ocrx_word' id='word_1_328' title='bbox 598 3925 628 3976; x_wconf 90' lang='lat' dir='ltr'><strong>te</strong></span> <span class='ocrx_word' id='word_1_329' title='bbox 651 3915 766 3977; x_wconf 78' lang='lat' dir='ltr'><strong>amavi:</strong></span> <span class='ocrx_word' id='word_1_330' title='bbox 790 3947 830 3954; x_wconf 89' lang='lat'><strong>——</strong></span> <span class='ocrx_word' id='word_1_331' title='bbox 853 3930 924 3973; x_wconf 93' lang='lat' dir='ltr'><strong>cum</strong></span> <span class='ocrx_word' id='word_1_332' title='bbox 946 3911 1029 3974; x_wconf 91' lang='lat' dir='ltr'><strong>enim</strong></span> <span class='ocrx_word' id='word_1_333' title='bbox 1052 3932 1123 3976; x_wconf 89' lang='lat' dir='ltr'><strong>sero</strong></span> <span class='ocrx_word' id='word_1_334' title='bbox 1150 3914 1319 3990; x_wconf 82' lang='lat' dir='ltr'><strong>venissem,</strong></span> <span class='ocrx_word' id='word_1_335' title='bbox 1356 3927 1497 3982; x_wconf 65' lang='lat' dir='ltr'><strong>umens</strong></span> 
     </span>
     <span class='ocr_line' id='line_1_37' title="bbox 142 4004 1460 4101; baseline 0.003 -29"><span class='ocrx_word' id='word_1_336' title='bbox 142 4007 306 4101; x_wconf 80' lang='lat' dir='ltr'><strong>honestum</strong></span> <span class='ocrx_word' id='word_1_337' title='bbox 329 4008 465 4094; x_wconf 89' lang='lat' dir='ltr'><strong>equitem</strong></span> <span class='ocrx_word' id='word_1_338' title='bbox 495 4012 666 4072; x_wconf 84' lang='lat' dir='ltr'><strong>Romanum</strong></span> <span class='ocrx_word' id='word_1_339' title='bbox 697 4004 849 4069; x_wconf 84' lang='lat' dir='ltr'><strong>beneficio</strong></span> <span class='ocrx_word' id='word_1_340' title='bbox 870 4015 925 4069; x_wconf 92' lang='lat' dir='ltr'><strong>tuo</strong></span> <span class='ocrx_word' id='word_1_341' title='bbox 947 4007 1131 4072; x_wconf 88' lang='lat' dir='ltr'><strong>conservavi</strong></span> <span class='ocrx_word' id='word_1_342' title='bbox 1152 4032 1207 4086; x_wconf 90' lang='lat'><strong>-;</strong></span> <span class='ocrx_word' id='word_1_343' title='bbox 1230 4018 1260 4073; x_wconf 93' lang='lat' dir='ltr'><strong>et</strong></span> <span class='ocrx_word' id='word_1_344' title='bbox 1281 4010 1460 4076; x_wconf 88' lang='lat' dir='ltr'><strong>mehercule</strong></span> 
     </span>
     <span class='ocr_line' id='line_1_38' title="bbox 143 4099 1461 4185; baseline 0.005 -21"><span class='ocrx_word' id='word_1_345' title='bbox 143 4122 267 4185; x_wconf 89' lang='lat' dir='ltr'><strong>semper</strong></span> <span class='ocrx_word' id='word_1_346' title='bbox 288 4101 385 4166; x_wconf 91' lang='lat' dir='ltr'><strong>sicin</strong></span> <span class='ocrx_word' id='word_1_347' title='bbox 408 4101 513 4165; x_wconf 91' lang='lat' dir='ltr'><strong>animo</strong></span> <span class='ocrx_word' id='word_1_348' title='bbox 537 4099 649 4173; x_wconf 89' lang='lat' dir='ltr'><strong>habui,</strong></span> <span class='ocrx_word' id='word_1_349' title='bbox 679 4111 708 4163; x_wconf 90' lang='lat' dir='ltr'><strong>te</strong></span> <span class='ocrx_word' id='word_1_350' title='bbox 732 4099 763 4162; x_wconf 92' lang='lat' dir='ltr'><strong>in</strong></span> <span class='ocrx_word' id='word_1_351' title='bbox 784 4118 857 4161; x_wconf 89' lang='lat' dir='ltr'><strong>meu</strong></span> <span class='ocrx_word' id='word_1_352' title='bbox 878 4118 951 4162; x_wconf 86' lang='lat' dir='ltr'><strong>aere</strong></span> <span class='ocrx_word' id='word_1_353' title='bbox 973 4119 1041 4163; x_wconf 88' lang='lat' dir='ltr'><strong>esse</strong></span> <span class='ocrx_word' id='word_1_354' title='bbox 1063 4109 1193 4185; x_wconf 91' lang='lat' dir='ltr'><strong>propter</strong></span> <span class='ocrx_word' id='word_1_355' title='bbox 1214 4104 1339 4168; x_wconf 88' lang='lat' dir='ltr'><strong>Lamiae</strong></span> <span class='ocrx_word' id='word_1_356' title='bbox 1362 4105 1461 4170; x_wconf 87' lang='lat' dir='ltr'><strong>nostri</strong></span> 
     </span>
     <span class='ocr_line' id='line_1_39' title="bbox 143 4190 1479 4282; baseline 0.004 -25"><span class='ocrx_word' id='word_1_357' title='bbox 143 4194 391 4259; x_wconf 87' lang='lat' dir='ltr'><strong>coniunctionem</strong></span> <span class='ocrx_word' id='word_1_358' title='bbox 427 4204 458 4259; x_wconf 91' lang='lat' dir='ltr'><strong>et</strong></span> <span class='ocrx_word' id='word_1_359' title='bbox 486 4193 674 4278; x_wconf 85' lang='lat' dir='ltr'><strong>singularem</strong></span> <span class='ocrx_word' id='word_1_360' title='bbox 703 4190 973 4256; x_wconf 87' lang='lat' dir='ltr'><strong>necessitudinem.</strong></span> <span class='ocrx_word' id='word_1_361' title='bbox 1022 4196 1128 4279; x_wconf 88' lang='lat' dir='ltr'><strong>ltaque</strong></span> <span class='ocrx_word' id='word_1_362' title='bbox 1156 4195 1291 4280; x_wconf 90' lang='lat' dir='ltr'><strong>primum</strong></span> <span class='ocrx_word' id='word_1_363' title='bbox 1321 4197 1378 4262; x_wconf 90' lang='lat' dir='ltr'><strong>tibi</strong></span> <span class='ocrx_word' id='word_1_364' title='bbox 1400 4198 1479 4282; x_wconf 76' lang='lat' dir='ltr'><strong>ago&#39;</strong></span> 
     </span>
     <span class='ocr_line' id='line_1_40' title="bbox 142 4283 1459 4375; baseline 0.004 -25"><span class='ocrx_word' id='word_1_365' title='bbox 142 4288 274 4371; x_wconf 84' lang='lat' dir='ltr'><strong>gratias,</strong></span> <span class='ocrx_word' id='word_1_366' title='bbox 297 4287 382 4373; x_wconf 92' lang='lat' dir='ltr'><strong>qnod</strong></span> <span class='ocrx_word' id='word_1_367' title='bbox 410 4307 460 4351; x_wconf 91' lang='lat' dir='ltr'><strong>me</strong></span> <span class='ocrx_word' id='word_1_368' title='bbox 482 4287 566 4351; x_wconf 92' lang='lat' dir='ltr'><strong>omni</strong></span> <span class='ocrx_word' id='word_1_369' title='bbox 596 4286 736 4350; x_wconf 89' lang='lat' dir='ltr'><strong>molestia</strong></span> <span class='ocrx_word' id='word_1_370' title='bbox 759 4285 887 4361; x_wconf 86' lang='lat' dir='ltr'><strong>liberas;</strong></span> <span class='ocrx_word' id='word_1_371' title='bbox 922 4283 1034 4349; x_wconf 92' lang='lat' dir='ltr'><strong>deinde</strong></span> <span class='ocrx_word' id='word_1_372' title='bbox 1056 4287 1246 4371; x_wconf 86' lang='lat' dir='ltr'><strong>impudentia</strong></span> <span class='ocrx_word' id='word_1_373' title='bbox 1267 4310 1459 4375; x_wconf 89' lang='lat' dir='ltr'><strong>prosequor,</strong></span> 
     </span>
     <span class='ocr_line' id='line_1_41' title="bbox 143 4379 1497 4469; baseline -0.001 -26"><span class='ocrx_word' id='word_1_374' title='bbox 143 4380 198 4443; x_wconf 89' lang='lat' dir='ltr'><strong>sed</strong></span> <span class='ocrx_word' id='word_1_375' title='bbox 220 4380 303 4444; x_wconf 89' lang='lat' dir='ltr'><strong>idem</strong></span> <span class='ocrx_word' id='word_1_376' title='bbox 324 4381 464 4446; x_wconf 88' lang='lat' dir='ltr'><strong>sarciam.</strong></span> <span class='ocrx_word' id='word_1_377' title='bbox 519 4386 562 4444; x_wconf 87' lang='lat' dir='ltr'><strong>Te</strong></span> <span class='ocrx_word' id='word_1_378' title='bbox 584 4379 667 4443; x_wconf 91' lang='lat' dir='ltr'><strong>enim</strong></span> <span class='ocrx_word' id='word_1_379' title='bbox 689 4400 812 4464; x_wconf 90' lang='lat' dir='ltr'><strong>semper</strong></span> <span class='ocrx_word' id='word_1_380' title='bbox 834 4379 878 4443; x_wconf 90' lang='lat' dir='ltr'><strong>sic</strong></span> <span class='ocrx_word' id='word_1_381' title='bbox 899 4379 998 4443; x_wconf 91' lang='lat' dir='ltr'><strong>colam</strong></span> <span class='ocrx_word' id='word_1_382' title='bbox 1027 4389 1058 4443; x_wconf 89' lang='lat' dir='ltr'><strong>et</strong></span> <span class='ocrx_word' id='word_1_383' title='bbox 1079 4380 1192 4446; x_wconf 91' lang='lat' dir='ltr'><strong>tuebor</strong></span> <span class='ocrx_word' id='word_1_384' title='bbox 1221 4393 1256 4446; x_wconf 94' lang='lat' dir='ltr'><strong>ut</strong></span> <span class='ocrx_word' id='word_1_385' title='bbox 1276 4404 1369 4469; x_wconf 91' lang='lat' dir='ltr'><strong>quem</strong></span> <span class='ocrx_word' id='word_1_386' title='bbox 1393 4385 1497 4448; x_wconf 80' lang='lat' dir='ltr'><strong>dili-tc</strong></span> 
     </span>
     <span class='ocr_line' id='line_1_42' title="bbox 143 4472 1460 4558; baseline 0.004 -22"><span class='ocrx_word' id='word_1_387' title='bbox 143 4474 332 4557; x_wconf 86' lang='lat' dir='ltr'><strong>gentissirue.</strong></span> <span class='ocrx_word' id='word_1_388' title='bbox 390 4474 539 4551; x_wconf 82' lang='lat' dir='ltr'><strong>Quintum</strong></span> <span class='ocrx_word' id='word_1_389' title='bbox 568 4472 697 4536; x_wconf 77' lang='lat' dir='ltr'><strong>fratrem</strong></span> <span class='ocrx_word' id='word_1_390' title='bbox 726 4494 849 4546; x_wconf 89' lang='lat' dir='ltr'><strong>meum,</strong></span> <span class='ocrx_word' id='word_1_391' title='bbox 886 4472 913 4537; x_wconf 91' lang='lat' dir='ltr'><strong>si</strong></span> <span class='ocrx_word' id='word_1_392' title='bbox 942 4494 992 4536; x_wconf 89' lang='lat' dir='ltr'><strong>me</strong></span> <span class='ocrx_word' id='word_1_393' title='bbox 1015 4473 1133 4558; x_wconf 93' lang='lat' dir='ltr'><strong>diligis,</strong></span> <span class='ocrx_word' id='word_1_394' title='bbox 1172 4497 1211 4539; x_wconf 94' lang='lat' dir='ltr'><strong>eo</strong></span> <span class='ocrx_word' id='word_1_395' title='bbox 1232 4498 1364 4541; x_wconf 90' lang='lat' dir='ltr'><strong>numero</strong></span> <span class='ocrx_word' id='word_1_396' title='bbox 1386 4500 1460 4541; x_wconf 88' lang='lat' dir='ltr'><strong>cura</strong></span> 
     </span>
    </p>
   </div>
   <div class='ocr_carea' id='block_1_17' title="bbox 144 4662 1461 4939">
    <p class='ocr_par' dir='ltr' id='par_1_17' title="bbox 144 4662 1461 4939">
     <span class='ocr_line' id='line_1_43' title="bbox 214 4662 1461 4715; baseline 0.001 -1"><span class='ocrx_word' id='word_1_397' title='bbox 214 4664 240 4714; x_wconf 83' lang='lat'><strong>³.</strong></span> <span class='ocrx_word' id='word_1_398' title='bbox 261 4665 374 4713; x_wconf 81' lang='lat' dir='ltr'><strong>Fadium</strong></span> <span class='ocrx_word' id='word_1_399' title='bbox 391 4663 525 4714; x_wconf 83' lang='lat' dir='ltr'><strong>Orellius:</strong></span> <span class='ocrx_word' id='word_1_400' title='bbox 545 4663 654 4712; x_wconf 81' lang='lat' dir='ltr'><strong>Fabium</strong></span> <span class='ocrx_word' id='word_1_401' title='bbox 672 4662 732 4712; x_wconf 82' lang='lat' dir='ltr'><strong>ME.</strong></span> <span class='ocrx_word' id='word_1_402' title='bbox 754 4686 784 4697; x_wconf 94' lang='lat'>-</span> <span class='ocrx_word' id='word_1_403' title='bbox 811 4662 854 4711; x_wconf 91' lang='grc'><strong>11.</strong></span> <span class='ocrx_word' id='word_1_404' title='bbox 875 4662 903 4712; x_wconf 85' lang='lat' dir='ltr'><strong>C.</strong></span> <span class='ocrx_word' id='word_1_405' title='bbox 922 4662 1044 4712; x_wconf 79' lang='lat' dir='ltr'><strong>Munatio</strong></span> <span class='ocrx_word' id='word_1_406' title='bbox 1061 4663 1104 4712; x_wconf 81' lang='lat' dir='ltr'><strong>bl:</strong></span> <span class='ocrx_word' id='word_1_407' title='bbox 1124 4665 1245 4714; x_wconf 74' lang='lat' dir='ltr'><strong>blurtotio</strong></span> <span class='ocrx_word' id='word_1_408' title='bbox 1263 4665 1292 4714; x_wconf 79' lang='lat' dir='ltr'><strong>li.</strong></span> <span class='ocrx_word' id='word_1_409' title='bbox 1316 4692 1343 4701; x_wconf 96' lang='lat'>-</span> <span class='ocrx_word' id='word_1_410' title='bbox 1366 4667 1407 4715; x_wconf 85' lang='lat'><strong>15.</strong></span> <span class='ocrx_word' id='word_1_411' title='bbox 1427 4668 1461 4715; x_wconf 78' lang='lat' dir='ltr'><strong>tta</strong></span> 
     </span>
     <span class='ocr_line' id='line_1_44' title="bbox 144 4732 1461 4797; baseline 0.002 -14"><span class='ocrx_word' id='word_1_412' title='bbox 144 4735 308 4784; x_wconf 86' lang='lat' dir='ltr'><strong>Lambinus:</strong></span> <span class='ocrx_word' id='word_1_413' title='bbox 327 4735 366 4783; x_wconf 79' lang='lat' dir='ltr'><strong>bis</strong></span> <span class='ocrx_word' id='word_1_414' title='bbox 384 4734 444 4783; x_wconf 79' lang='lat' dir='ltr'><strong>ME.</strong></span> <span class='ocrx_word' id='word_1_415' title='bbox 467 4757 494 4767; x_wconf 96' lang='lat'>-</span> <span class='ocrx_word' id='word_1_416' title='bbox 532 4732 576 4781; x_wconf 70' lang='lat'><strong>26.</strong></span> <span class='ocrx_word' id='word_1_417' title='bbox 596 4733 667 4782; x_wconf 86' lang='lat' dir='ltr'><strong>Fert.</strong></span> <span class='ocrx_word' id='word_1_418' title='bbox 687 4733 741 4797; x_wconf 73' lang='lat' dir='ltr'><strong>fillo</strong></span> <span class='ocrx_word' id='word_1_419' title='bbox 759 4734 808 4781; x_wconf 80' lang='lat' dir='ltr'><strong>mat</strong></span> <span class='ocrx_word' id='word_1_420' title='bbox 824 4734 889 4781; x_wconf 79' lang='lat' dir='ltr'><strong>mira</strong></span> <span class='ocrx_word' id='word_1_421' title='bbox 907 4733 1033 4782; x_wconf 80' lang='lat' dir='ltr'><strong>studioso.</strong></span> <span class='ocrx_word' id='word_1_422' title='bbox 1054 4733 1104 4782; x_wconf 80' lang='lat' dir='ltr'><strong>On.</strong></span> <span class='ocrx_word' id='word_1_423' title='bbox 1134 4757 1164 4766; x_wconf 90' lang='lat'>-</span> <span class='ocrx_word' id='word_1_424' title='bbox 1200 4736 1243 4784; x_wconf 72' lang='grc'><strong>17.</strong></span> <span class='ocrx_word' id='word_1_425' title='bbox 1263 4737 1298 4783; x_wconf 86' lang='lat' dir='ltr'><strong>ad</strong></span> <span class='ocrx_word' id='word_1_426' title='bbox 1316 4737 1461 4785; x_wconf 79' lang='lat' dir='ltr'><strong>sestertium</strong></span> 
     </span>
     <span class='ocr_line' id='line_1_45' title="bbox 144 4801 1460 4869; baseline 0 -15"><span class='ocrx_word' id='word_1_427' title='bbox 144 4807 274 4869; x_wconf 80' lang='lat' dir='ltr'><strong>octoqicm</strong></span> <span class='ocrx_word' id='word_1_428' title='bbox 291 4804 329 4854; x_wconf 90' lang='grc' dir='ltr'><strong>Μ.</strong></span> <span class='ocrx_word' id='word_1_429' title='bbox 357 4829 390 4837; x_wconf 90' lang='grc'>-</span> <span class='ocrx_word' id='word_1_430' title='bbox 424 4803 469 4852; x_wconf 77' lang='lat'><strong>⁶28.</strong></span> <span class='ocrx_word' id='word_1_431' title='bbox 489 4805 512 4852; x_wconf 82' lang='lat' dir='ltr'><strong>et</strong></span> <span class='ocrx_word' id='word_1_432' title='bbox 529 4804 619 4851; x_wconf 77' lang='lat' dir='ltr'><strong>uolunt</strong></span> <span class='ocrx_word' id='word_1_433' title='bbox 645 4803 689 4852; x_wconf 82' lang='lat' dir='ltr'><strong>tt:</strong></span> <span class='ocrx_word' id='word_1_434' title='bbox 721 4801 811 4850; x_wconf 79' lang='lat' dir='ltr'><strong>uolunt</strong></span> <span class='ocrx_word' id='word_1_435' title='bbox 840 4803 864 4850; x_wconf 84' lang='lat' dir='ltr'><strong>ei</strong></span> <span class='ocrx_word' id='word_1_436' title='bbox 892 4801 921 4849; x_wconf 81' lang='lat' dir='ltr'><strong>li.</strong></span> <span class='ocrx_word' id='word_1_437' title='bbox 956 4825 985 4834; x_wconf 98' lang='lat'>-</span> <span class='ocrx_word' id='word_1_438' title='bbox 1022 4806 1145 4865; x_wconf 77' lang='lat' dir='ltr'><strong>quonium</strong></span> <span class='ocrx_word' id='word_1_439' title='bbox 1174 4805 1218 4854; x_wconf 82' lang='lat' dir='ltr'><strong>tt:</strong></span> <span class='ocrx_word' id='word_1_440' title='bbox 1246 4808 1351 4867; x_wconf 81' lang='lat' dir='ltr'><strong>quondo</strong></span> <span class='ocrx_word' id='word_1_441' title='bbox 1377 4807 1407 4855; x_wconf 81' lang='lat' dir='ltr'><strong>li.</strong></span> <span class='ocrx_word' id='word_1_442' title='bbox 1426 4832 1460 4840; x_wconf 90' lang='lat'><em>-</em></span> 
     </span>
     <span class='ocr_line' id='line_1_46' title="bbox 144 4870 1423 4939; baseline -0.001 -14"><span class='ocrx_word' id='word_1_443' title='bbox 144 4874 187 4925; x_wconf 81' lang='lat'><strong>³1.</strong></span> <span class='ocrx_word' id='word_1_444' title='bbox 205 4875 294 4938; x_wconf 85' lang='lat' dir='ltr'><strong>quood</strong></span> <span class='ocrx_word' id='word_1_445' title='bbox 311 4873 355 4924; x_wconf 84' lang='lat' dir='ltr'><strong>bl:</strong></span> <span class='ocrx_word' id='word_1_446' title='bbox 375 4875 444 4938; x_wconf 78' lang='lat' dir='ltr'><strong>quod</strong></span> <span class='ocrx_word' id='word_1_447' title='bbox 463 4872 492 4922; x_wconf 84' lang='grc'><strong>8.</strong></span> <span class='ocrx_word' id='word_1_448' title='bbox 516 4895 547 4907; x_wconf 97' lang='grc'>-</span> <span class='ocrx_word' id='word_1_449' title='bbox 585 4886 664 4936; x_wconf 83' lang='lat' dir='ltr'><strong>quam</strong></span> <span class='ocrx_word' id='word_1_450' title='bbox 678 4872 821 4934; x_wconf 67' lang='lat' dir='ltr'><strong>marimum</strong></span> <span class='ocrx_word' id='word_1_451' title='bbox 836 4873 961 4934; x_wconf 66' lang='lat' dir='ltr'><strong>pennus</strong></span> <span class='ocrx_word' id='word_1_452' title='bbox 978 4870 1016 4922; x_wconf 90' lang='grc' dir='ltr'><strong>Μ.</strong></span> <span class='ocrx_word' id='word_1_453' title='bbox 1037 4896 1068 4908; x_wconf 94' lang='grc'>-</span> <span class='ocrx_word' id='word_1_454' title='bbox 1103 4873 1148 4923; x_wconf 77' lang='lat' dir='ltr'><strong>tt.</strong></span> <span class='ocrx_word' id='word_1_455' title='bbox 1169 4875 1303 4936; x_wconf 66' lang='lat' dir='ltr'><strong>vultuum]</strong></span> <span class='ocrx_word' id='word_1_456' title='bbox 1322 4891 1369 4939; x_wconf 84' lang='lat' dir='ltr'><strong>que</strong></span> <span class='ocrx_word' id='word_1_457' title='bbox 1388 4875 1423 4926; x_wconf 90' lang='grc' dir='ltr'><strong>Μ.</strong></span> 
     </span>
    </p>
   </div>
   <div class='ocr_carea' id='block_1_18' title="bbox 229 4963 1294 5033">
    <p class='ocr_par' dir='ltr' id='par_1_18' title="bbox 229 4963 1294 5033">
     <span class='ocr_line' id='line_1_47' title="bbox 229 4963 1294 5033; baseline -0.008 -2"><span class='ocrx_word' id='word_1_458' title='bbox 229 4992 301 5033; x_wconf 63' lang='grc' dir='ltr'><strong>ω...</strong></span> <span class='ocrx_word' id='word_1_459' title='bbox 315 4991 337 5030; x_wconf 84' lang='grc' dir='ltr'><strong>τ.</strong></span> <span class='ocrx_word' id='word_1_460' title='bbox 353 4992 387 5030; x_wconf 89' lang='lat' dir='ltr'><strong>m.</strong></span> <span class='ocrx_word' id='word_1_461' title='bbox 1256 4963 1294 5023; x_wconf 90' lang='grc'><strong>17</strong></span> 
     </span>
    </p>
   </div>
   <div class='ocr_carea' id='block_1_19' title="bbox 0 0 1649 5400">
    <p class='ocr_par' dir='ltr' id='par_1_19' title="bbox 0 0 1649 5400">
     <span class='ocr_line' id='line_1_48' title="bbox 0 0 1649 5400; baseline 0 0"><span class='ocrx_word' id='word_1_462' title='bbox 0 0 1649 5400; x_wconf 95' lang='lat' dir='ltr'><strong> </strong></span> 
     </span>
    </p>
   </div>
  </div>
 </body>
</html>
