3256 5400
174 223 236 287 460
646 220 704 284 ΕΡ.
726 212 779 283 Ab
801 219 973 283 arriduit

176 379 289 454 erevit,
318 389 353 444 ut
383 377 508 442 tacitum
535 373 684 439 iudicium
712 384 782 438 ante
810 374 934 440 comitia
956 373 1055 439 lieret.
1098 372 1145 438 nh
1166 373 1205 440 iis
1226 375 1386 449 consiliis,
1417 395 1502 460 quae

176 483 266 537 erant
287 469 468 552 †omnibus
490 469 600 533 sortita
621 469 653 533 in
681 467 820 552 singulos
842 466 1040 543 candidatos,
1072 487 1202 552 magnus
1229 468 1325 533 timor
1351 467 1503 534 eandida-

177 576 292 630 torum.
335 564 396 628 Sed
418 561 543 649 quidam
565 562 698 635 iudices,
728 561 760 625 in
782 561 830 625 his
853 561 1009 647 Opimius,
1032 561 1180 636 Veiento,
1201 562 1328 636 Antius,
1352 561 1502 627 tribunos

177 659 218 745 pl.
240 656 449 743 appellarunt,
472 676 510 719 ne
532 653 652 720 iniussu
674 655 782 741 populi
802 654 986 720 iudicarent.
1030 661 1090 720 Res
1111 654 1203 720 cedit
1247 655 1380 722 Comitia
1404 655 1500 720 dilata

154 772 217 815 sex
244 760 367 815 senatus
395 749 552 823 consulto,
582 747 658 814 dum
686 749 739 814 lex
765 749 804 813 de
834 748 927 814 tacito
957 747 1079 814 'iudicio
1108 749 1256 814 serretur.
1313 754 1406 816 Venit
1436 748 1500 833 legi

176 844 257 920 dies;
295 843 459 907 Terentius
481 842 663 907 intercessit.
718 842 888 916 Consules,
925 843 981 928 qui
1007 841 1084 907 illud
1113 842 1175 907 levi
1194 842 1323 909 brachio
1345 844 1499 929 egissent,

175 957 243 1002 rem
272 936 311 1001 ad
344 946 485 1001 senatum
517 935 704 1001 detulerunt.
763 937 820 1001 Hie
853 934 992 1008 Abdera,
1027 957 1090 1000 non
1120 946 1240 1001 tacente
1270 959 1331 1001 me.
1386 937 1498 1013 Dices,

176 1034 292 1094 Tamen
319 1038 354 1093 tu
374 1051 438 1094 non
467 1029 622 1113 quiescis?
657 1034 803 1114 Ignosce,
833 1031 888 1093 vix
909 1050 1048 1114 possum.
1091 1035 1314 1095 Verumtamen
1335 1032 1412 1117 quid
1436 1039 1500 1096 tam

176 1124 363 1189 ridiculum?
391 1127 521 1188 Senatus
543 1123 740 1197 decreverat,
771 1145 810 1187 ne
833 1122 921 1208 prius
944 1123 1070 1188 comitia
1092 1123 1296 1199 haberentur,
1326 1147 1420 1211 quam
1444 1127 1498 1191 lex

141 1219 236 1284 relata
264 1227 359 1295 esset;
392 1217 419 1282 si
452 1216 506 1303 qui
534 1216 774 1291 intercessisset,
804 1237 856 1280 res
883 1216 1004 1300 integra
1032 1216 1218 1285 referretur.
1268 1222 1384 1304 Coepta
1417 1219 1499 1284 lerri

176 1313 302 1390 leviter3
332 1312 533 1376 intercessum
563 1331 627 1375 non
649 1310 771 1387 inuitis3
809 1330 861 1373 res
883 1308 924 1373 nd
944 1318 1102 1375 senatum:
1127 1311 1165 1376 de
1188 1333 1224 1376 ea
1246 1313 1344 1377 reita
1367 1333 1500 1377 censue-

176 1418 262 1482 runt,
285 1405 410 1471 comitia
431 1405 533 1490 primo
555 1424 681 1489 quoque
704 1412 844 1488 tempore
866 1400 976 1467 baberi
999 1424 1067 1468 esse
1090 1425 1157 1469 ere
1172 1404 1304 1490 publica.
1348 1408 1379 1471 7.
1402 1410 1500 1470 Scau·

175 1521 243 1574 rus,
279 1501 331 1586 qui
362 1507 429 1564 erat
449 1498 556 1584 paucis
578 1496 689 1562 diebus
710 1497 770 1561 illis
792 1495 968 1570 absolutus,
998 1518 1069 1561 cum
1092 1519 1151 1583 ego
1173 1509 1292 1584 partem
1316 1503 1382 1563 eius
1404 1520 1500 1563 orna-

177 1593 293 1659 tissime
315 1592 538 1666 defendissem,
568 1588 857 1656 obnuntiationibus
878 1611 936 1676 per
959 1592 1139 1656 Scaevolam
1161 1592 1368 1677 interpositis,
1390 1593 1500 1677 singu·

141 1707 167 1745 ¹³
177 1686 215 1751 lis
241 1686 351 1752 diebus
377 1707 476 1772 usque
505 1683 544 1748 ad
573 1684 674 1769 pridie
703 1685 770 1749 Kal.
804 1683 948 1756 Octobr..
985 1706 1049 1774 quo
1080 1706 1140 1769 ego
1168 1684 1245 1749 baec
1281 1687 1332 1751 die
1370 1686 1498 1771 scripsi,

177 1780 318 1855 sublatis,
340 1780 458 1866 populo
480 1776 621 1844 tributim
643 1777 727 1843 domi
741 1799 815 1843 suae
830 1776 1031 1844 satisfecerat.
1074 1779 1136 1844 Sed
1151 1788 1270 1854 tamen,
1293 1781 1350 1845 etsi
1365 1779 1500 1845 uberior

177 1872 347 1938 liberalitas
368 1872 475 1949 buius,
507 1873 627 1957 gratior
649 1894 718 1937 esse
740 1870 906 1937 videbatur
927 1893 1054 1948 eorum,
1077 1873 1131 1960 qui
1153 1884 1351 1960 occuparant.
1395 1879 1498 1959 Cupe-

176 1987 245 2032 rem
266 1967 385 2032 vultum
408 1966 516 2031 videre
538 1977 642 2042 tuum,
665 1987 736 2031 cum
751 1965 828 2030 baec
840 1966 972 2050 legeres.
1014 1970 1091 2031 Nam
1112 1966 1255 2052 profecto
1277 1970 1377 2049 †rem
1399 1966 1499 2032 babes

177 2069 212 2126 ut
232 2061 363 2134 nullam,
385 2060 461 2125 baec
482 2061 607 2144 negotia
628 2060 795 2125 multarum
817 2059 1028 2135 nundinarum
1049 2059 1129 2130 lore.
1172 2062 1234 2127 Sed
1255 2072 1380 2127 senatus
1401 2061 1500 2126 hodie

139 2155 279 2220 soluerat
299 2153 435 2229 iuturus,
471 2153 589 2229 idest,
619 2154 686 2218 Kal.
709 2152 908 2218 Octobribus.
951 2159 1018 2219 Iam
1039 2154 1121 2220 enim
1143 2155 1274 2220 luciscit.
1316 2154 1364 2220 lbi
1386 2155 1497 2240 loque·

178 2258 229 2312 tur
249 2257 374 2334 praeter
394 2249 519 2313 Antium
542 2258 573 2312 et
594 2251 765 2312 Favonium
787 2247 887 2312 libere
908 2267 1012 2313 nemo.
1054 2252 1130 2313 Nam
1154 2253 1230 2314 Cato
1252 2258 1402 2333 aegrotat.
1449 2254 1499 2312 De

176 2362 227 2405 me
248 2340 324 2405 nibil
345 2342 503 2420 timueris;
534 2341 589 2407 sed
611 2352 712 2406 tamen
734 2345 883 2426 promitto
905 2342 992 2406 nihil.
1037 2346 1066 2406 8.
1090 2341 1190 2419 Quid,
1225 2344 1364 2434 quaeris,
1391 2341 1498 2407 aliud?

176 2435 307 2508 Iudicia,
337 2434 442 2500 credo.
485 2440 647 2511 ,‚Drusus,
677 2439 811 2500 Scaurus
837 2457 900 2500 non
921 2434 1033 2500 fecisse
1055 2435 1229 2501 videntur.''
1281 2443 1357 2501 Tres
1390 2435 1499 2500 eandi-

178 2530 240 2594 dati
261 2529 329 2594 sore
359 2530 407 2593 rei
434 2527 638 2614 putabantur,
668 2529 823 2593 Domitius
845 2551 862 2593 a
884 2528 1048 2604 Memmio,
1082 2530 1212 2593 Messala
1242 2552 1260 2594 a
1284 2533 1321 2606 Q.
1345 2530 1498 2615 Pompeio

140 2623 275 2697 riuulo,
309 2628 443 2689 Scaurus
464 2645 482 2687 a
503 2623 626 2688 Triario
648 2631 701 2687 aut
723 2626 798 2686 aL.
820 2625 961 2687 Caesare.
1005 2622 1091 2700 Quid
1113 2629 1246 2707 poteris,
1274 2623 1412 2709 inquies,
1437 2646 1498 2710 pro

178 2717 216 2781 iis
238 2718 365 2782 diceret
397 2723 441 2780 Ne
464 2716 579 2790 vivam,
616 2716 642 2780 si
664 2716 740 2780 scio.
788 2720 823 2779 In
851 2717 912 2781 illis
934 2717 1060 2803 quidem
1091 2715 1191 2781 tribus
1214 2717 1321 2789 libris,
1359 2738 1439 2803 quos
1462 2728 1498 2782 tu

179 2810 334 2887 dilaudas,
365 2810 440 2874 nibil
473 2811 609 2895 reperio.
632 2816 643 2840 *
666 2815 713 2840 **
763 2813 792 2873 9.
820 2814 922 2884 Nunc,
954 2820 989 2874 ui
1016 2811 1197 2895 opinionem
1228 2809 1342 2875 babeas
1370 2829 1497 2882 rerum,

179 2904 342 2971 serendum
374 2913 428 2972 est.
481 2904 628 2980 Quaeris,
667 2925 725 2988 ego
754 2924 803 2966 me
836 2911 870 2966 ut
903 2904 1075 2987 gesserim?
1108 2908 1291 2969 Constanter
1324 2912 1354 2966 et
1388 2902 1498 2967 libere.

181 2998 285 3075 Quid?
312 3000 379 3071 ille,
409 2997 545 3082 inquies,
579 3007 613 3063 ut
635 2996 774 3061 serebat?
801 2999 1001 3072 immaniter,
1025 3019 1176 3083 meaeque
1198 2997 1369 3083 dignitatis,
1393 2997 1497 3082 quoad

142 3091 256 3154 ³⁰mibi
285 3093 472 3155 satisfactum
502 3101 598 3165 esset,
636 3090 807 3155 habendam
836 3090 896 3155 sibi
926 3092 1081 3155 rationem
1111 3091 1247 3177 putabat.
1300 3095 1371 3169 Quo
1401 3091 1498 3156 modo

180 3205 256 3269 ergo
289 3184 468 3249 absoluturi
502 3186 637 3249 Omnino
665 3185 869 3264 worm
898 3188 1089 3253 IIYMNA:
1126 3196 1340 3250 accusatorum
1363 3185 1499 3249 incredi-

180 3277 252 3342 bilis
275 3278 417 3351 infantia,
441 3279 473 3342 id
495 3288 560 3353 est,
582 3283 617 3343 L.
639 3279 779 3353 Lentuli,
802 3283 836 3343 L.
859 3283 907 3356 F.;
932 3301 1026 3365 quem
1048 3279 1185 3343 fremunt
1207 3301 1315 3344 ornnes
1337 3280 1499 3365 praevari-

251 3499 403 3548 1111111.
438 3523 464 3532 -
503 3500 530 3548 2.
560 3506 635 3549 erant
654 3499 770 3548 omnibus
787 3496 893 3560 sortita]
922 3501 993 3549 Fert.
1020 3507 1096 3550 erant
1122 3501 1238 3549 omnibns
1257 3501 1372 3549 tribubus
1390 3503 1496 3549 sortita·

180 3568 231 3618 On.
251 3591 283 3602 -
319 3569 345 3617 3.
376 3570 494 3624 Veiento.
527 3571 619 3619 Antius
637 3570 775 3629 Orethus,
807 3569 870 3618 coll.
899 3571 932 3618 ad
958 3572 1012 3619 1111.
1039 3572 1070 3627 7,
1099 3571 1129 3623 3.
1158 3571 1174 3619 5
1199 3576 1225 3619 et
1245 3571 1322 3618 buius
1343 3571 1390 3632 Ep.
1412 3568 1440 3631 δ.
1460 3571 1496 3619 7:

184 3640 298 3694 l'eietor,
328 3639 421 3687 Antius
440 3654 493 3700 mg.
514 3640 676 3697 Cratandri,
707 3640 913 3689 Veientaruntius
931 3640 970 3698 Z,
1002 3641 1211 3688 Veientaraueius
1230 3641 1250 3687 R
1269 3646 1295 3688 et
1314 3655 1354 3702 pr.
1374 3640 1419 3698 Μ,
1444 3642 1498 3689 i'ie-

180 3710 311 3758 teruntios
329 3721 398 3757 corr.
418 3709 459 3768 Μ,
479 3712 648 3758 neieterauius
666 3710 695 3769 1,
725 3710 837 3759 VEIEN.
860 3710 934 3757 TRO-
953 3711 1045 3757 Antius
1064 3717 1173 3757 auctore
1193 3711 1272 3758 bosio
1292 3711 1322 3758 E.
1346 3734 1372 3743 -
1410 3710 1437 3759 4.
1457 3724 1498 3759 rer

179 3780 241 3828 cidit
262 3791 301 3839 pr.
321 3777 366 3837 Μ,
386 3778 539 3827 resciditltl
559 3785 673 3828 eteorr.
693 3778 730 3829 Μ.
767 3777 957 3837 (Emendatum
977 3785 1065 3827 estex
1085 3779 1289 3841 Ctdltlatasp.)
1315 3804 1340 3812 -
1378 3781 1403 3828 5.
1423 3779 1497 3842 dam]

179 3863 236 3898 eum
254 3847 327 3897 Mlti.
350 3870 378 3880 -
415 3848 439 3897 7.
460 3855 553 3909 aptera
576 3848 623 3908 1.-
643 3843 763 3919 dureque)
799 3862 852 3907 mg.
873 3849 1022 3897 Cratandri.
1045 3874 1072 3882 -
1111 3850 1137 3895 8.
1158 3851 1287 3911 iquorcere
1307 3850 1325 3897 l.
1346 3874 1375 3884 -
1397 3852 1438 3898 10.
1452 3853 1498 3913 qui

179 3922 202 3968 si
220 3918 294 3967 ntttt.
325 3939 352 3948 -
390 3915 464 3979 ferri]
492 3918 549 3980 fieri
567 3918 639 3966 billi.
672 3940 703 3953 -
739 3919 780 3966 12.
797 3932 863 3970 ,esse
881 3931 893 3965 e
911 3918 1058 3979 republica
1077 3917 1187 3966 linitus:
1220 3920 1370 3976 cessaret,
1398 3934 1497 3969 censere

179 3990 246 4047 llllt,
278 4000 395 4036 enituere
414 3987 440 4045 1,
472 4000 522 4035 esre
541 4001 553 4036 e
573 4002 599 4037 re
618 3988 696 4036 bosio
716 3995 825 4034 auctare
845 3988 873 4035 Ε.
906 4010 932 4017 -
971 3988 1097 4036 Scaurum
1117 3989 1146 4035 n.
1166 4013 1197 4021 -
1238 3991 1279 4037 13.
1298 3997 1400 4050 patrem
1420 3989 1494 4038 nittt.

181 4056 351 4119 (Emendavit
371 4053 530 4117 Manutius.)
552 4081 581 4090 -
620 4058 661 4106 15.
682 4058 742 4106 baec
761 4058 883 4117 descripsi
901 4056 958 4115 llll,
983 4059 1044 4106 baec
1062 4059 1152 4118 scripsi
1170 4059 1199 4105 li.
1225 4081 1251 4090 -
1291 4059 1333 4108 17.
1354 4061 1497 4110 liberalitas

181 4129 281 4177 buiuree
300 4128 371 4175 ratio
389 4142 458 4176 corr.
480 4128 506 4175 in
522 4140 614 4177 rasura
626 4127 662 4186 Μ,
682 4127 847 4176 liberalitatis
860 4127 960 4175 buiusee
970 4129 1040 4175 ratio
1051 4125 1094 4174 tit.
1117 4128 1304 4187 (Emendatum
1319 4135 1357 4176 cst
1371 4131 1397 4176 in
1412 4132 1495 4179 tjodd.

184 4197 252 4245 lunii
271 4196 306 4257 (t)
325 4203 350 4244 et
369 4211 383 4244 a
404 4197 544 4253 Victoria.)
566 4221 595 4231 -
630 4197 673 4245 18.
692 4194 801 4257 uultum]
820 4203 848 4244 ut
867 4211 923 4243 eum
944 4211 983 4258 pr.
1003 4197 1039 4244 Μ.
1062 4222 1088 4231 -
1129 4212 1181 4246 rein
1200 4200 1275 4247 bauer
1294 4206 1321 4247 ut
1341 4201 1439 4247 nullam
1459 4202 1496 4249 Y:

184 4278 236 4312 rent
253 4267 326 4314 babes
344 4267 445 4316 nullam
463 4266 610 4323 xzitutu,
629 4281 697 4328 spem
714 4280 767 4314 non
785 4267 861 4314 tubes
878 4266 978 4314 auitam
996 4267 1141 4315 Lambinus
1161 4282 1190 4315 ex
1210 4270 1322 4317 Munatii
1339 4285 1345 4317 ι
1372 4284 1426 4318 rem
1444 4285 1498 4319 non

186 4333 259 4381 babes
275 4335 382 4384 nullam.
420 4337 534 4386 Malim:
566 4351 636 4398 rpem
654 4337 729 4384 babes
746 4337 855 4384 nuttam.
875 4336 926 4384 On.
951 4360 973 4368 -
1015 4337 1058 4384 21).
1079 4340 1145 4384 enim
1163 4339 1249 4386 tucisri
1267 4341 1315 4387 tibi
1333 4340 1497 4401 loquerentur

187 4400 253 4462 MR,
277 4404 340 4453 enim
363 4406 412 4455 tibi
438 4409 536 4455 Lueisci
562 4407 708 4469 loqueretur
736 4405 756 4454 1.
794 4407 965 4463 (Emendavit
984 4404 1138 4464 Victorius.)
1160 4431 1186 4438 -
1225 4410 1269 4456 21.
1290 4410 1353 4456 iiber
1370 4409 1443 4458 blltl.
1466 4436 1493 4446 -

187 4469 233 4518 23.
262 4471 358 4522 Dium
387 4483 412 4525 ct
439 4476 552 4526 Scaurus
580 4477 599 4524 1.
633 4500 663 4511 -
699 4477 821 4524 eiicientur
844 4490 906 4524 eum
934 4475 1011 4524 libris
1029 4476 1081 4524 iil:
1120 4477 1275 4526 rudebantur
1298 4479 1445 4529 Ernestius.
1465 4502 1498 4512 -

186 4539 230 4588 25.
251 4541 379 4605 111111οΜ.
409 4570 438 4581 -
476 4544 729 4595 sunamitin.
762 4571 789 4580 -
828 4561 878 4607 quo
896 4548 982 4595 studio
1000 4545 1094 4593 laudas
1112 4546 1185 4595 11111.
1223 4549 1498 4599 (EmendavitVieto-

187 4605 266 4669 rius.)
294 4636 323 4646 -
356 4613 400 4663 27.
432 4613 515 4677 Nune]
548 4615 602 4664 llas
632 4615 700 4663 alius
727 4615 774 4676 Ep.
804 4615 931 4677 reliquias
960 4630 1020 4667 esso
1049 4616 1148 4676 primus
1179 4618 1245 4665 vidit
1274 4619 1434 4681 blataspiua.
1468 4642 1495 4651 -

186 4679 229 4727 28.
262 4679 400 4744 termium]
428 4687 572 4747 faciendum
604 4685 720 4733 malebat
748 4686 895 4734 Ernestius.
926 4712 956 4720 —
993 4687 1108 4735 cesserim
1138 4686 1188 4734 itti.
1219 4714 1248 4722 -
1295 4689 1338 4735 31.
1368 4687 1498 4738 florient

186 4746 315 4797 ΠΓΜΝΑ
332 4749 371 4800 Y:
389 4753 635 4804 HOPHAHTMNA
653 4755 714 4808 zai.
746 4761 867 4825 γοργεῖα
888 4752 986 4820 γυμνά
1004 4762 1113 4803 auctore
1134 4757 1212 4804 llusio
1233 4758 1270 4811 it,
1290 4773 1344 4804 orn.
1367 4759 1411 4806 ltl.
1449 4757 1498 4805 Ln-

188 4822 224 4866 tet
242 4816 355 4868 sortasse
372 4825 531 4894 nepuepeiu.
552 4826 602 4873 tiu.
626 4848 655 4858 -
675 4826 717 4874 32.
738 4827 765 4874 id
783 4833 819 4874 ert
840 4832 994 4887 suspectum
1013 4826 1188 4875 bruenio·
1209 4828 1239 4875 1..
1252 4829 1281 4876 Τ.
1295 4831 1336 4887 Μ,
1357 4828 1496 4878 L.1'er.l.
