3256 5400
665 253 740 317 Lm.
760 252 786 316 1.
826 252 887 317 ΕΡ.
906 251 938 315 d.
1057 246 1066 271 ⁸
1424 255 1463 320 ta

143 407 203 473 bis.
246 407 399 475 Vatinium
428 416 532 472 autem
561 408 640 472 scire
662 419 693 474 te
714 408 794 473 velle
816 407 953 473 ostendis
974 406 1088 494 quibus
1115 406 1209 472 rebus
1236 407 1386 475 adductus
1407 408 1463 475 de-

144 499 297 566 fenderim
312 509 343 565 ct
358 500 519 566 landarim.
550 501 643 577 Quod
655 500 710 565 tibi
722 511 756 566 nt
769 499 889 586 planius
903 521 1073 587 exponam,
1089 501 1180 567 altius
1192 502 1296 587 paullo
1309 503 1461 569 rationem

141 595 346 661 consiliorum
360 614 504 658 meorum
518 604 658 678 repetam
673 615 799 659 necesse
810 602 867 659 est.
910 599 976 679 Ego
992 616 1060 671 me,
1084 595 1229 671 Lentule,
1251 595 1339 662 initio
1353 618 1462 663 rerum

143 698 236 775 atque
264 687 420 753 actionum
449 696 572 752 tuarum
595 709 657 751 non
679 687 780 752 solum
802 687 879 752 meis
901 687 955 753 sed
978 687 1070 752 etiam
1091 687 1139 753 rei
1165 686 1307 774 publicae
1334 690 1461 756 restitu-

143 793 209 847 tum
231 779 394 866 putabam,
417 788 461 854 et,
484 780 631 868 quoniam
653 779 707 845 tibi
729 779 944 845 incredibilem
965 780 1120 867 quendam
1141 802 1282 848 amorem
1304 792 1335 848 et
1356 784 1484 849 omnies
1529 814 1533 823 ·

143 876 174 940 in
197 875 349 959 teipsum
371 894 490 938 summa
513 894 549 937 ac
571 873 738 958 singularia
759 873 861 938 studia
882 873 1045 946 deberem,
1075 872 1306 961 reipublicae,
1328 887 1461 964 quaele

142 968 174 1033 in
196 990 246 1032 me
261 966 454 1032 restituendo
469 967 598 1031 multum
618 966 802 1039 adiuvisset,
825 987 897 1031 eum
911 975 997 1031 certe
1011 988 1061 1030 me
1075 967 1212 1032 animum
1229 969 1343 1035 merito
1363 969 1461 1057 ipsius

142 1061 259 1127 debere
276 1059 464 1135 arbitrabar,
489 1082 581 1147 quem
603 1070 692 1126 antea
714 1059 928 1126 tantummodo
944 1060 1102 1125 communi
1121 1061 1223 1127 otlicio
1245 1063 1375 1138 civium,
1397 1086 1461 1129 non

141 1155 233 1220 alicui
255 1175 329 1241 erga
349 1172 399 1219 me
417 1153 566 1239 singulari
587 1153 740 1219 beneficio
762 1152 900 1218 debitum
921 1155 1155 1240 praestitissem.
1198 1159 1264 1220 Hac
1285 1179 1335 1223 me
1358 1168 1461 1225 mente

142 1248 236 1314 luisse
268 1258 300 1313 et
324 1259 449 1314 senatus
478 1269 519 1311 ex
547 1268 598 1311 me
620 1258 650 1313 te
672 1247 800 1315 consule
821 1246 939 1312 audivit
968 1258 998 1313 et
1020 1257 1054 1312 tu
1074 1247 1106 1312 iu
1128 1248 1243 1312 nostris
1264 1251 1461 1316 sermonibus
1471 1271 1498 1314 so

140 1340 461 1428 collocutionibnsqne
481 1341 547 1428 ipse
569 1341 681 1407 vidisti.
725 1345 755 1407 5.
777 1340 842 1407 Etsi
860 1340 920 1405 iam
942 1340 1051 1427 primis
1073 1338 1266 1427 temporibus
1281 1340 1341 1407 illis
1356 1343 1460 1409 multis

140 1433 236 1499 rebus
255 1456 343 1499 meus
358 1434 575 1502 offendebatur
586 1435 723 1511 animus,
745 1455 816 1499 cum
833 1444 863 1500 te
877 1443 988 1519 agente
1003 1433 1042 1499 de
1057 1434 1177 1521 reliqna
1192 1446 1298 1500 nostra
1313 1434 1460 1521 dignitate

140 1538 194 1594 aut
215 1528 336 1592 occulta
358 1529 580 1595 nonnullorum
601 1527 673 1592 odia
694 1536 747 1592 aut
768 1525 903 1593 obscura
924 1526 956 1591 in
977 1548 1028 1592 me
1050 1527 1151 1592 studia
1173 1526 1349 1593 cernebam.
1382 1535 1460 1595 Nam

141 1642 243 1707 neque
266 1620 304 1685 de
327 1622 535 1688 monumentis
557 1621 634 1686 meis
662 1619 760 1685 abiis
782 1620 904 1687 adiutus
927 1641 976 1695 es,
1005 1619 1160 1707 aquibus
1185 1619 1333 1697 debuisti,
1356 1644 1460 1711 neque

142 1716 180 1780 do
203 1714 232 1778 vi
255 1714 387 1788 nefaria,
410 1738 472 1802 qua
492 1736 563 1780 eum
583 1714 679 1780 fratre
701 1734 788 1778 eram
809 1712 904 1778 domo
927 1713 1094 1799 expulsus,
1117 1735 1219 1800 ucqne
1234 1714 1407 1782 herculeio
1423 1716 1498 1781 iisse

142 1809 215 1894 ipsis
236 1807 347 1884 rebus,
377 1830 458 1895 quae
477 1829 666 1895 quamquam
689 1816 778 1872 erant
800 1805 875 1871 mihi
896 1815 1026 1893 proptor
1050 1806 1098 1871 rei
1119 1806 1276 1873 familiaris
1297 1808 1461 1894 naufragia

142 1902 349 1978 necessariae,
372 1912 474 1966 tamen
495 1924 514 1966 a
535 1922 585 1965 me
607 1898 725 1965 minimi
746 1897 950 1986 putabantur,
972 1899 1004 1964 in
1026 1900 1102 1964 meis
1122 1899 1241 1966 damnis
1264 1922 1304 1966 ex
1326 1902 1462 1969 auctori·

142 2005 202 2062 tate
231 2004 356 2061 senatus
391 1993 560 2059 sarciendis
589 2014 658 2058 eam
680 1993 886 2067 voluntatem,
918 2014 1012 2080 quam
1039 2004 1270 2080 exspectaram,
1298 1996 1461 2081 praestite-

141 2099 223 2154 runt.
272 2091 361 2166 Quae
392 2109 463 2153 cnm
497 2087 635 2152 viderem
663 2122 703 2133 -
731 2107 832 2173 neque
854 2096 943 2153 erant
968 2083 1103 2152 obscura
1126 2118 1165 2131 -
1187 2107 1250 2154 non
1271 2098 1375 2154 tamen
1396 2100 1461 2156 tam

141 2179 252 2267 acerbe
283 2181 357 2247 mihi
383 2181 459 2247 haec
490 2180 685 2255 accidebant,
721 2201 816 2268 mam
848 2191 937 2247 erant
967 2178 1019 2245 illa
1047 2191 1159 2266 mata,
1195 2201 1277 2268 quae
1311 2181 1498 2249 lecerantso

141 2281 171 2341 6.
193 2268 300 2362 lta'qne
323 2297 511 2361 quamquam
533 2286 564 2341 et
585 2273 734 2361 Pompeio
755 2272 939 2361 plurimum,
962 2283 992 2339 te
1014 2272 1140 2361 quidem
1161 2273 1230 2360 ipso
1243 2274 1460 2361 praedicatore

140 2390 176 2434 ac
198 2380 292 2442 teste,
316 2366 467 2433 debebam
490 2379 521 2434 et
541 2389 614 2435 eum
636 2388 699 2433 non
720 2366 821 2432 solum
838 2364 1008 2442 beneficio,
1030 2366 1085 2431 sed
1098 2387 1208 2432 amore
1229 2366 1321 2433 etiam
1340 2380 1370 2436 et
1388 2391 1461 2457 pcr-

142 2474 235 2549 petuo
267 2460 403 2548 quodam
429 2461 546 2526 indicio
575 2482 647 2526 meo
676 2458 859 2544 diligebam,
890 2468 992 2525 tamen
1024 2480 1088 2525 non
1120 2471 1282 2546 reputans,
1311 2452 1386 2548 qnid
1408 2462 1459 2529 ille

141 2557 256 2628 vellet,
284 2555 315 2619 in
342 2555 486 2620 omnibus
514 2555 591 2621 meis
619 2552 777 2619 sententiis
804 2553 843 2617 de
864 2574 900 2617 re
921 2552 1045 2639 publica
1067 2552 1205 2640 pristinis
1225 2555 1459 2639 permanebam.

141 2653 170 2714 7.
192 2653 259 2731 Ego
281 2648 407 2715 sedente
429 2652 484 2715 Cn.
506 2646 670 2733 Pompeio,
694 2667 782 2720 cum,
805 2655 839 2711 nt
859 2645 1002 2712 laudaret
1022 2650 1055 2711 P.
1076 2645 1230 2721 Sestium,
1253 2647 1410 2714 introisset
1427 2648 1497 2713 ines

141 2742 251 2808 urbem
274 2741 462 2828 dixissetque
485 2740 568 2806 testis
590 2738 729 2807 Vatinius
751 2760 799 2803 me
821 2737 947 2804 fortuna
962 2749 994 2805 et
1007 2737 1150 2804 felicitate
1166 2743 1199 2805 C.
1220 2739 1358 2805 Caesaris
1374 2761 1460 2806 conr-

141 2845 261 2901 motum
290 2834 332 2899 illi
354 2835 488 2899 astricum
510 2854 579 2899 esse
601 2831 756 2919 coepisse,
785 2831 851 2896 dixi
873 2853 922 2897 mc
945 2853 1014 2896 eam
1035 2831 1137 2898 Bibuli
1159 2830 1331 2907 fortunam,
1364 2854 1459 2920 qnam

140 2930 191 2994 ille.
212 2928 354 2994 afflictam
375 2937 516 3013 putaret,
549 2926 687 2991 omnium
711 2924 874 3012 triumphis
895 2924 1095 3013 victoriisque
1124 2924 1294 3004 anteferre3
1331 2924 1458 3013 dixique

141 3022 252 3087 eodem
284 3032 375 3096 teste,
404 3021 465 3085 alio
487 3020 573 3093 loco,
601 3017 729 3085 eosdem
751 3040 836 3093 esse,
868 3018 922 3105 qui
948 3017 1094 3085 Bibulum
1122 3019 1209 3084 exire
1236 3018 1331 3084 donro
1353 3018 1460 3107 prohi-

140 3114 279 3181 buissent
310 3126 341 3181 et
370 3114 424 3201 qni
453 3134 502 3178 me
530 3113 719 3198 coegissent:
753 3123 816 3179 tota
839 3133 916 3177 vero
937 3110 1141 3197 interrogatio
1163 3132 1232 3177 mea
1254 3110 1330 3176 nibil
1352 3110 1496 3178 habuitne

140 3209 198 3273 nisi
220 3207 497 3295 reprehensionem
518 3205 599 3271 illius
622 3205 810 3282 tribunatus;
855 3205 886 3269 in
909 3226 970 3291 qna
991 3205 1096 3271 omnia
1117 3204 1197 3271 dicta
1224 3216 1295 3272 sunt
1316 3204 1459 3272 libertate

140 3302 307 3387 animoque
322 3301 459 3366 maximo
474 3301 513 3366 de
527 3300 575 3374 vi,
598 3299 637 3364 de
652 3299 812 3385 auspiciis,
835 3297 873 3362 de
895 3297 1063 3363 donatione
1077 3319 1258 3384 regnorum.
1302 3303 1332 3364 8.
1349 3305 1458 3387 Neque

140 3416 217 3459 vero
239 3393 296 3459 hac
316 3392 348 3459 in
383 3416 476 3459 cansa
500 3393 611 3467 modo,
643 3392 697 3458 sed
719 3402 896 3457 constanter
917 3412 1010 3477 saepe
1030 3392 1062 3457 in
1092 3401 1210 3457 senatu.
1265 3393 1459 3472 Quinetiam

140 3486 319 3554 Marcellino
340 3497 371 3552 et
388 3487 530 3574 Philippo
546 3486 726 3552 consulibus
748 3485 842 3550 Nonis
862 3484 1021 3571 Aprilibus
1041 3484 1115 3550 mihi
1139 3497 1186 3552 est
1205 3497 1328 3552 senatus
1354 3508 1459 3552 assen-

140 3604 209 3655 sus,
232 3593 267 3647 ut
288 3580 326 3645 de
346 3602 423 3665 agro
442 3585 600 3666 Canrpano
623 3579 777 3666 frequenti
799 3588 908 3643 senatu
930 3576 1036 3643 ldibus
1053 3578 1139 3644 Maiis
1162 3579 1343 3646 referretur.
1376 3586 1496 3646 Numae

138 3675 227 3762 potui
250 3674 346 3759 magis
365 3674 396 3739 in
418 3695 522 3739 arcem
541 3673 624 3738 illius
641 3693 753 3737 causae
774 3670 923 3737 invadere·
936 3682 989 3739 aut
1005 3671 1102 3757 magis
1122 3671 1262 3738 oblivisci
1280 3686 1458 3760 temporum

140 3791 301 3843 meorum,
323 3767 499 3831 meminisse
517 3766 695 3833 actionum?
723 3768 788 3829 Hac
808 3786 827 3829 a
848 3786 898 3829 me
920 3763 1069 3829 sententia
1091 3764 1169 3830 dieta
1189 3787 1319 3851 magnus
1341 3768 1459 3833 animo·

139 3884 210 3928 rum
231 3873 333 3927 motus
358 3872 405 3926 est
426 3860 524 3926 sactus
546 3879 766 3932 cumeorum,
788 3879 925 3945 quorum
947 3858 1099 3943 oportuit,
1123 3870 1190 3925 tum
1211 3859 1336 3926 illorum
1355 3861 1457 3935 etiam,

139 3976 276 4043 qnorum
297 3975 455 4040 nunquam
473 3962 626 4040 putaram.
668 3955 699 4016 9.
720 3957 797 4017 Nam
820 3951 880 4017 hoc
900 3963 1025 4018 senatus
1044 3952 1187 4017 consulto
1208 3950 1240 4017 in
1262 3975 1364 4019 meam
1389 3975 1459 4019 sen-

139 4049 265 4117 tentiam
288 4047 368 4114 sacto
390 4046 575 4133 Pompeius,
597 4067 669 4111 cum
692 4044 766 4109 mihi
785 4044 860 4110 nihil
877 4044 1064 4110 ostendisset
1080 4066 1114 4109 se
1137 4065 1207 4110 csse
1233 4046 1403 4122 offensum,
1425 4047 1496 4112 ino

139 4142 311 4209 Sardiniam
330 4152 360 4208 et
385 4141 417 4204 in
438 4139 573 4206 Africam
598 4136 757 4225 proiectus
779 4150 826 4204 est
847 4157 949 4224 eoque
968 4137 1079 4203 itinere
1096 4143 1211 4204 Lucam
1230 4140 1268 4205 ad
1294 4144 1458 4207 Caesarem

140 4237 232 4305 venit.
275 4233 322 4299 lbi
343 4234 439 4299 multa
462 4231 502 4298 de
526 4253 595 4297 mea
617 4230 912 4319 sententiaquestus
931 4235 1126 4306 estensem,
1150 4231 1266 4320 qnippe
1288 4232 1342 4320 qni
1363 4232 1457 4298 etiam

139 4337 302 4397 Ravennae
324 4332 469 4394 Crassum
491 4336 561 4392 ante
589 4324 716 4392 vidisset
743 4325 782 4389 ab
805 4345 908 4411 eoque
932 4325 965 4390 in
997 4346 1046 4390 me
1072 4334 1155 4391 esset
1179 4325 1333 4392 incensus.
1377 4331 1457 4392 Sane

140 4424 269 4489 moleste
291 4419 474 4507 Pompeium
495 4418 527 4484 id
544 4418 628 4483 serre
648 4417 823 4496 constabat;
846 4417 933 4504 quod
947 4438 1025 4504 ego,
1048 4439 1120 4484 cum
1142 4418 1299 4486 audissem
1320 4441 1360 4484 ex
1378 4418 1456 4492 aliis,

206 4617 234 4667 9.
249 4616 328 4664 altem
338 4612 472 4663 Orellins:
488 4611 577 4675 nltquo
591 4607 621 4674 (t.
635 4623 660 4660 e.
674 4609 783 4674 otgunt)
795 4609 855 4660 llll.
870 4634 901 4646 -
917 4609 960 4660 st.
970 4605 1013 4673 tta]
1024 4610 1064 4660 tte
1078 4609 1117 4664 11.
1131 4633 1162 4646 -
1175 4612 1219 4662 19.
1229 4625 1309 4676 new
1327 4617 1401 4661 orum
1412 4607 1455 4659 ld:

138 4701 217 4750 neque
239 4687 307 4736 enlm
336 4690 411 4733 erum
434 4682 465 4732 ll.
488 4705 518 4717 -
537 4681 581 4730 10.
601 4677 690 4745 wem]
710 4694 767 4729 eum
791 4693 833 4743 pr.
852 4679 890 4730 Μ.
912 4700 945 4714 -
962 4680 1007 4730 93.
1028 4679 1138 4730 Sestium
1157 4681 1203 4733 bl:
1231 4681 1347 4731 Sextium
1373 4680 1403 4730 e.
1425 4699 1456 4712 -

139 4757 182 4806 97.
202 4770 242 4805 nse
259 4755 297 4804 11.
316 4753 404 4804 stoue
421 4751 506 4802 Codd.
525 4751 638 4814 nltqnot.
655 4751 729 4801 Fert.
747 4763 787 4800 me
804 4763 861 4800 enm
879 4749 917 4801 11.
937 4750 1033 4800 nnete
1054 4749 1105 4801 0¹.
1139 4774 1169 4787 -
1205 4751 1249 4801 31.
1277 4764 1330 4815 qun
1347 4757 1457 4803 anctore

140 4827 260 4877 Munatio
280 4824 337 4873 Vb:
357 4835 408 4886 quo
427 4822 532 4872 113-
571 4821 616 4871 33.
635 4827 785 4871 contentu
811 4833 842 4870 ne
868 4832 943 4882 saepe
970 4820 1221 4884 flerunt-Legunt.
1242 4844 1273 4856 -
1309 4820 1352 4870 ³8.
1372 4829 1458 4872 motus

138 4906 173 4946 eat
194 4897 280 4956 tecnas
299 4893 346 4942 ll:
366 4894 450 4955 tatus
469 4898 506 4940 est
523 4898 610 4940 notes
629 4891 659 4942 11.
690 4916 723 4926 -
759 4889 803 4940 39.
820 4896 943 4952 morsm
960 4904 1003 4954 pr.
1021 4889 1059 4941 11.
