3256 5400
445 290 517 352 un.
540 290 623 352 lllll.
664 288 723 352 ΕΡ.
745 288 796 350 20.
819 289 870 351 21.
891 287 942 349 22.
964 287 1015 349 m.
1037 286 1089 348 et.

564 450 663 513 uma
707 446 755 530 (s.
781 449 813 511 o.
836 449 867 511 c.
890 447 974 528 ros.)

585 572 727 637 CICERO
750 570 895 636 SERVIO
918 572 949 632 S.

193 690 221 752 1.
243 690 278 751 T.
299 681 470 756 hlanlium,
504 681 558 768 qui
579 682 757 766 negotiatur
778 680 936 766 Thespiis,
969 681 1170 749 vehementer
1191 684 1297 770 diligo.
1351 691 1427 751 Nam

107 789 140 846 et
168 799 296 865 semper
328 797 379 841 me
406 775 504 841 coluit
535 774 835 861 diligentissimeque
863 773 1043 840 observavit
1070 786 1101 841 et
1127 798 1144 841 a
1170 778 1282 844 studiis
1313 780 1429 846 nostris

109 893 174 940 non
194 871 354 939 abhorret
397 868 525 935 Accedit
545 890 601 943 eo,
625 867 712 954 quod
732 874 835 934 Varro
855 873 986 934 Murena
1008 890 1121 953 magno
1142 892 1240 956 opere
1255 873 1323 938 eius
1337 888 1452 939 causa-⁵

110 966 177 1032 vult
197 965 318 1043 omuia;
354 963 409 1050 qui
429 973 534 1028 tamen
563 962 769 1036 existimavit,
792 962 862 1027 etsi
882 962 948 1027 suis
969 962 1096 1035 litteris,
1132 964 1246 1050 quibus
1267 965 1323 1031 tihi
1345 973 1431 1031 Man-

110 1059 189 1126 lium
211 1056 467 1132 commendabat,
490 1057 579 1123 valde
600 1056 794 1130 confideret,
817 1065 919 1121 tamen
940 1076 1009 1121 mea
1031 1058 1299 1125 commendatione
1313 1061 1430 1147 aliquid

111 1152 300 1219 accessionis
319 1152 400 1219 fore.
442 1156 492 1217 hle
514 1150 640 1238 quidem
662 1171 733 1215 cum
755 1149 860 1216 hlanlii
881 1148 1093 1224 familiaritas,
1115 1160 1181 1217 tum
1202 1155 1353 1219 Varronis
1367 1164 1433 1219 stu-

112 1247 201 1314 dium
230 1245 419 1318 commovit,
452 1255 487 1311 ut
513 1244 554 1309 ad
581 1255 610 1309 te
632 1265 726 1331 quam
748 1243 978 1309 accuratissime
999 1243 1181 1311 scriberem.
1237 1250 1268 1311 2.
1291 1248 1432 1313 Gratissi-

114 1364 199 1406 mum
220 1342 316 1426 igitur
337 1339 412 1404 mihi
434 1338 566 1414 feceris,
600 1338 627 1403 si
648 1337 722 1403 huic
743 1337 1004 1404 commendationi
1026 1358 1114 1403 meae
1136 1348 1253 1404 tantum
1275 1341 1433 1415 tribueris,
1447 1351 1472 1390 ¹⁰

114 1444 265 1522 quantum
296 1433 348 1498 cui
375 1432 511 1499 tribuisti
539 1431 723 1518 plurimum,
745 1429 779 1497 id
801 1440 864 1505 est,
887 1435 913 1497 si
935 1435 971 1496 T.
993 1432 1142 1497 Manlium
1163 1453 1258 1518 quam
1280 1434 1434 1508 maxime,

115 1527 355 1615 quibuscunque
376 1527 472 1593 rebus
494 1529 624 1593 honeste
645 1546 683 1591 ac
703 1546 762 1612 pro
783 1534 836 1591 tua
858 1523 1006 1610 dignitate
1034 1524 1166 1612 poteris,
1203 1526 1321 1592 iuveris
1342 1536 1436 1614 atquc

116 1621 305 1700 ornaveris3
348 1642 389 1687 ex
416 1621 577 1708 ipsiusque
601 1628 765 1706 praeterea
786 1619 969 1705 gratissimis
991 1630 1022 1685 et
1042 1619 1273 1685 humanissimis
1293 1618 1436 1687 moribus

116 1713 271 1782 confirmo
291 1714 349 1783 tibi
382 1725 412 1780 te
440 1736 533 1788 enm,
562 1734 655 1800 quem
682 1713 764 1778 soles
785 1712 923 1779 fructum
944 1735 962 1778 a
983 1712 1140 1778 bonorum
1161 1712 1304 1778 virorum
1325 1713 1437 1778 officiis

117 1818 319 1896 exspectare,
341 1829 411 1874 esse
432 1817 605 1894 capturum.
1451 1818 1477 1856 ¹⁵

501 2028 506 2039 .
561 1977 677 2041 amir.
718 1976 767 2060 (A.
793 1979 826 2042 u.
849 1979 882 2042 o.
902 1975 988 2059 ros.)

597 2101 739 2165 CICERO
761 2100 906 2165 SERVIO
928 2102 960 2165 S.

207 2215 236 2276 1.
262 2213 298 2275 l..
320 2209 479 2284 Cossinio,
516 2210 617 2275 amico
639 2220 670 2275 et
691 2209 797 2276 tribuli
819 2219 888 2286 tuo,
910 2209 1000 2276 valde
1022 2209 1216 2276 familiariter
1237 2220 1320 2276 utor.
1363 2215 1439 2274 h'am

123 2317 155 2372 et
182 2305 265 2371 inter
293 2313 416 2369 nosmet
443 2302 528 2390 ipsos
560 2314 649 2369 vetus
675 2325 751 2370 usus
780 2304 945 2370 intercedit
965 2314 996 2369 et
1018 2304 1138 2370 Atticus
1160 2313 1267 2369 noster
1287 2305 1439 2368 maiorem

123 2398 217 2464 etiam
246 2396 321 2462 mihi
350 2418 421 2462 cum
444 2397 586 2464 Cossinio
607 2397 863 2464 consuetudinem
884 2397 968 2464 fecit.
1015 2403 1123 2485 ltaque
1145 2406 1209 2463 tota
1231 2397 1364 2464 Cossinii
1386 2397 1479 2463 do-a»

124 2514 195 2558 mus
216 2512 266 2556 me
287 2490 388 2575 diligit
408 2491 441 2555 in
461 2491 634 2577 primisque
655 2490 787 2557 libertus
808 2492 893 2566 eius,
915 2495 951 2558 L.
973 2493 1131 2559 Cossinius
1151 2490 1326 2565 Anchialus,
1349 2490 1443 2557 homo

125 2596 157 2650 et
177 2594 312 2672 patrono
333 2594 364 2649 et
385 2584 509 2670 patroni
531 2585 731 2659 necessariis,
761 2605 825 2672 quo
854 2585 887 2650 in
909 2606 1042 2651 numero
1063 2605 1123 2668 ego
1144 2606 1230 2659 sum,
1263 2584 1443 2670 probatissi-

125 2700 206 2744 mus.
249 2682 279 2742 2.
301 2681 392 2743 llunc
413 2677 469 2743 tibi
491 2681 534 2743 ita
556 2678 759 2753 commendo,
781 2689 831 2753 ut,
854 2679 882 2745 si
902 2700 992 2744 meus
1013 2677 1144 2744 libertus
1166 2687 1248 2743 esset
1269 2679 1444 2765 eodemque

130 2771 214 2858 apud
245 2791 296 2836 me
325 2772 397 2837 loco
428 2783 526 2847 esset,
562 2794 626 2859 quo
653 2782 685 2837 et
706 2782 753 2838 est
773 2771 856 2859 apud
877 2795 968 2839 suum
989 2781 1172 2860 patronum,
1200 2771 1320 2838 maiore
1341 2771 1446 2837 studio

127 2864 348 2930 commendare
375 2887 438 2930 uon
465 2886 600 2952 possem.
654 2869 760 2944 Quare
790 2877 970 2954 pergratum
999 2866 1074 2931 mihi
1097 2864 1226 2938 feceris,
1256 2865 1284 2930 si
1311 2884 1383 2929 eum
1413 2863 1445 2928 in
1455 2888 1483 2926 aa

127 2959 296 3024 amicitiam
318 2969 402 3025 tuam
424 2961 583 3046 receperis
604 2970 697 3047 atque
713 2982 802 3036 eum,
825 2961 910 3048 quod
932 2960 999 3026 sine
1020 2959 1162 3025 molestia
1184 2967 1237 3024 tua
1251 2957 1317 3031 fiat,
1339 2956 1366 3022 si
1384 2978 1446 3043 qua

128 3053 163 3118 in
183 3073 220 3118 rc
241 3073 321 3139 opus
342 3054 372 3118 ei
394 3052 503 3126 fuerit,
526 3053 654 3119 iuveris.
697 3052 733 3120 ld
754 3066 786 3120 et
807 3055 884 3120 mihi
905 3053 1108 3119 vehementer
1127 3062 1250 3138 gratum
1265 3050 1326 3115 erit
1342 3059 1374 3114 et
1388 3048 1445 3114 tibi

129 3155 239 3231 postea
260 3146 440 3213 iucundum.
483 3148 649 3213 Hominem
675 3149 759 3214 enim
788 3168 909 3215 summa
929 3146 1105 3234 probitate,
1128 3144 1317 3211 humanitate
1338 3142 1449 3207 ohser-

131 3239 296 3326 vantiaque
317 3261 496 3326 cognosces.

578 3396 686 3457 sura.
729 3391 778 3477 (A.
804 3396 837 3459 u.
859 3395 892 3458 c.
912 3390 998 3474 ros.)
1460 3414 1487 3451 2..

611 3516 754 3581 CICERO
776 3515 920 3581 SERVlO
943 3516 974 3578 S.

223 3630 252 3691 1.
284 3628 361 3692 Cum
383 3635 473 3690 antea
494 3623 655 3712 capiebam
677 3647 717 3691 ex
739 3625 842 3692 officio
864 3645 936 3691 meo
957 3624 1163 3711 voluptatem,
1194 3624 1279 3711 quod
1301 3623 1452 3688 memine-

134 3740 217 3794 ram,
239 3740 334 3805 quam
356 3718 413 3784 tibi
434 3718 600 3803 diligenter
615 3725 784 3809 Lysonem,
807 3718 961 3805 hospitem
975 3727 1007 3784 et
1020 3718 1204 3785 familiarem
1220 3738 1345 3791 meum,
1367 3736 1453 3780 com·

136 3813 346 3889 mendassem;
369 3820 434 3877 tum
457 3834 535 3879 vero
556 3825 758 3900 posteaquam
779 3833 820 3877 ex
840 3812 954 3878 litteris
975 3812 1044 3878 eius
1065 3812 1199 3897 cognovi
1213 3810 1269 3876 tibi
1284 3830 1356 3875 eum
1375 3808 1452 3873 falso

137 3916 314 3992 suspectum
334 3905 447 3981 fuisse,
469 3906 739 3973 vehementissime
760 3907 890 3973 laetatus
910 3928 980 3972 sum
1001 3926 1052 3970 me
1074 3915 1136 3970 tam
1158 3905 1337 3990 diligentem
1359 3902 1391 3966 in
1414 3917 1491 3965 eoae

138 3998 385 4066 commendando
415 4000 525 4066 fnisse.
575 4006 620 4066 lta
641 4002 724 4066 enim
745 4001 869 4087 scripsit
894 3999 934 4065 ad
954 4021 1021 4075 me,
1054 3998 1114 4065 sibi
1136 4020 1236 4063 meam
1258 3994 1455 4062 commenda-

138 4094 255 4160 tionem
277 4093 415 4159 maximo
436 4095 616 4161 adiumento
636 4094 752 4170 fuisse,
775 4093 861 4182 quod
882 4092 922 4159 ad
943 4105 973 4161 te
995 4094 1130 4160 delatum
1152 4093 1270 4159 diceret
1290 4111 1359 4157 sese
1380 4110 1454 4155 con·

139 4197 186 4253 tra
217 4188 396 4273 dignitatem
426 4199 510 4254 tuam
539 4195 655 4255 Romae
683 4189 722 4254 de
750 4196 781 4253 te
809 4188 898 4275 loqui
925 4187 1051 4255 solitum
1072 4208 1150 4254 esse.
1192 4191 1224 4252 2.
1245 4192 1291 4252 De
1313 4204 1377 4271 quo
1398 4181 1455 4248 etsi

140 4302 199 4368 pro
238 4291 290 4346 tua
309 4281 457 4349 facilitate
484 4292 515 4347 et
541 4283 730 4349 humanitate
758 4290 925 4369 purgatum
953 4304 987 4348 se
1013 4280 1069 4347 tihi
1097 4280 1205 4346 scribit
1233 4301 1319 4354 esse,
1352 4287 1457 4342 tamen

141 4375 293 4462 primum,
315 4385 349 4442 ut
370 4375 489 4451 debeo,
511 4376 568 4441 tihi
588 4376 742 4442 maximas
770 4374 886 4460 gratias
906 4394 982 4459 ago,
1011 4395 1083 4440 cum
1098 4383 1216 4439 tautum
1231 4373 1353 4439 litterae
1366 4383 1494 4436 meae⁴⁰

142 4477 326 4554 potuerunt,
359 4479 393 4535 ut
414 4470 452 4535 iis
474 4470 561 4535 lectis
581 4490 707 4535 omnem
728 4468 934 4533 offensionem
956 4468 1158 4554 suspicionis,
1188 4488 1282 4555 quam
1303 4464 1456 4530 habueras

142 4562 182 4628 de
204 4567 342 4651 Lysone,
364 4563 555 4650 deponeres;
578 4563 691 4629 deinde
712 4561 822 4627 credas
842 4561 920 4626 mihi
941 4561 1106 4627 affirmanti
1127 4562 1219 4627 velim
1240 4581 1291 4626 me
1312 4559 1373 4625 hoc
1395 4578 1456 4623 non

212 4783 239 4833 7.
266 4785 461 4833 commendaret
488 4788 597 4833 anctore
624 4780 745 4831 Ernestlo
772 4780 921 4830 Schhtzius.
951 4805 979 4817 -
1017 4780 1062 4831 21.
1081 4795 1131 4845 quo
1148 4789 1186 4831 est
1204 4780 1234 4829 B·
1256 4802 1286 4814 -
1321 4792 1395 4829 acum
1411 4793 1460 4841 pu-

145 4861 252 4904 tronum
269 4853 306 4904 hl:
323 4861 469 4917 patronam
484 4867 559 4902 rursm
578 4853 607 4903 B.
637 4877 669 4888 -·
704 4851 748 4901 32.
772 4852 931 4900 meminerim
957 4849 994 4900 hl.
1015 4873 1046 4887 -
1081 4850 1124 4901 40.
1144 4852 1276 4900 metatos
1293 4851 1396 4914 gratior
1414 4848 1459 4900 nl:

145 4926 248 4989 gratim
265 4923 296 4973 u.
315 4950 348 4959 -
383 4938 455 4974 meos
473 4923 576 4974 litterae
593 4922 642 4972 Va.
679 4921 720 4972 Ite
737 4919 765 4972 tt
783 4933 839 4970 non
857 4925 971 4971 constat.
985 4946 1018 4955 -
1053 4920 1098 4971 41.
1115 4922 1151 4971 lta
1166 4918 1299 4971 Orethus:
1319 4921 1359 4970 hta
1375 4920 1435 4971 llll.
