3256 5400
663 251 739 316 tm.
759 248 785 316 l.
825 248 887 314 ΕΡ.
907 246 938 311 9.
1425 245 1464 308 15

139 421 207 480 tum
227 407 403 477 humanitas
421 407 489 476 elus
508 426 544 474 ac
564 405 733 474 liberalitas
753 403 844 472 brevi
863 414 1006 492 tempore
1026 413 1058 472 et
1074 403 1184 471 litteris
1206 412 1238 469 et
1259 401 1368 469 officiis
1392 421 1465 488 per-

140 524 246 603 specta
267 510 358 579 nobis
377 519 410 577 et
431 511 565 596 cognita.
607 509 817 577 Vehementer
837 509 931 574 etiam
956 529 1009 574 res
1038 508 1105 595 ipsa
1132 505 1256 594 publiea
1277 529 1328 575 me
1348 507 1463 580 movit,

140 628 222 698 quse
242 606 319 672 mibi
340 603 505 672 ridebatur
526 605 772 679 contentionem,
794 603 981 689 praesertim
1002 602 1147 668 maximis
1171 601 1268 667 rebus
1290 623 1309 667 a
1330 605 1465 672 Caesare

139 701 251 789 gestis,
272 719 347 769 cum
376 698 438 764 illis
468 697 545 766 viris
577 697 662 764 nolle
695 696 765 762 lieri
795 706 845 771 et,
876 718 917 762 ne
938 695 1044 770 lieret,
1073 695 1277 761 vehementer
1304 714 1464 761 recusare.

141 793 457 866 ammonentem
480 791 585 857 mein
612 790 694 856 banc
716 799 853 855 mentem
874 789 997 876 impulit
1018 799 1049 856 et
1069 789 1211 875 Pompeii
1239 788 1337 865 fides,
1369 809 1489 878 mam.

141 889 182 956 de
202 910 253 954 me
274 885 400 954 Caesari
419 884 565 960 dederat,
588 893 621 951 et
638 883 743 949 fratris
765 884 842 959 mei,
865 905 959 971 quam
977 883 1138 970 Pompeio.
1181 887 1277 949 Erant
1299 893 1466 969 praeterea

140 983 219 1049 baec
234 978 508 1047 animadvertenda
529 978 560 1042 in
578 977 718 1051 civitate,
740 997 821 1064 quae
836 988 908 1044 sunt
920 977 1004 1063 apud
1018 976 1179 1042 Platonem
1192 987 1335 1044 nostrum
1351 979 1467 1065 scripta

143 1076 307 1142 diviniuss:
354 1072 487 1160 ,quales
512 1072 545 1137 in
566 1070 748 1159 republica
776 1070 932 1158 principes
956 1080 1075 1146 essent,
1098 1069 1174 1137 tales
1196 1070 1337 1159 reliquos
1361 1072 1466 1137 solere

142 1188 212 1236 esse
233 1168 347 1234 oves!
387 1164 545 1232 Tenebam
565 1165 717 1232 memoria
737 1162 828 1231 nobis
850 1164 1030 1231 oonsulibus
1053 1184 1090 1230 ea
1103 1163 1305 1232 fundamenta
1324 1166 1404 1232 iacta
1424 1186 1466 1231 ex

143 1260 290 1329 Kalendis
318 1260 471 1326 Ianuariis
502 1258 707 1325 confirmandi
734 1269 876 1334 mustus,
914 1269 951 1326 ut
976 1259 1133 1325 neminem
1154 1259 1262 1325 mnari
1284 1269 1505 1346 oporteret,n

142 1355 239 1423 Nonis
264 1353 493 1420 Decembribus
519 1363 640 1420 tantum
665 1353 715 1419 vel
743 1351 836 1419 animi
864 1352 961 1419 luisse
988 1353 1021 1417 in
1043 1352 1097 1419 illo
1116 1352 1228 1419 ordine
1257 1353 1307 1419 vel
1330 1356 1469 1420 auctori-

142 1449 224 1517 tatis.
265 1446 415 1534 ldemqne
435 1448 640 1512 memineram
659 1445 752 1512 nobis
771 1446 901 1532 privatis
923 1467 1025 1533 usque
1039 1444 1080 1512 ad
1094 1450 1259 1513 Caesarem
1273 1454 1306 1514 et
1320 1447 1468 1515 Bibulum

143 1542 303 1617 consules,
337 1561 409 1607 cnm
430 1543 601 1608 sententiae
628 1549 755 1606 nostrae
781 1558 928 1626 magnum
957 1540 991 1606 in
1019 1538 1128 1605 senatu
1154 1540 1278 1628 pondus
1297 1539 1467 1618 baberent,

143 1656 242 1703 annm
261 1635 329 1700 sere
350 1654 477 1701 sensnm
497 1634 595 1701 luisse
610 1632 769 1700 bonorum
783 1633 934 1699 omnium.
978 1638 1028 1699 13.
1054 1637 1180 1710 Postea,
1208 1654 1280 1699 cnm
1301 1642 1336 1701 tn
1355 1637 1467 1722 Hispa·

143 1733 227 1797 niam
247 1728 428 1795 citeriorem
448 1749 520 1795 cum
540 1728 675 1815 imperio
697 1726 856 1793 obtineres
873 1747 977 1814 neqm
997 1726 1190 1813 respublica
1209 1729 1353 1796 consules
1372 1729 1507 1798 babo-ss

144 1833 206 1898 ret,
228 1823 284 1890 sed
303 1830 496 1888 mercatores
516 1821 751 1909 provinciarum
771 1828 803 1886 et
817 1818 1008 1886 seditionum
1022 1841 1131 1886 servos
1146 1841 1182 1886 ac
1196 1821 1373 1899 ministros,
1394 1823 1469 1889 iecit

144 1917 271 2005 quidam
292 1936 382 1983 casus
403 1923 497 2002 caput
516 1934 622 1981 meum
648 1915 738 2003 quasi
758 1913 936 1981 certaminis
957 1934 1051 1980 cause
1072 1913 1106 1979 in
1132 1913 1268 1980 mediam
1295 1917 1469 1983 contentio-

144 2033 215 2077 nem
238 2009 528 2097 dissensionemqne
548 2008 683 2075 civilem.
735 2010 808 2086 Quo
825 2009 859 2073 in
880 2007 1061 2073 discrimine
1081 2029 1154 2074 cum
1174 2007 1306 2074 mirifica
1327 2018 1468 2087 senatus,

146 2103 337 2170 incredibilis
365 2102 471 2169 ltaliae
499 2102 611 2178 totius,
648 2100 815 2189 singularis
836 2101 977 2168 omnium
997 2100 1155 2168 bonorum
1176 2103 1342 2168 consensio
1364 2105 1397 2169 in
1417 2124 1470 2170 me

144 2198 263 2264 tuendo
284 2196 467 2273 exstitisset,
503 2216 568 2262 non
588 2195 704 2272 dicam,
740 2193 817 2283 qnid
838 2194 988 2260 acciderit
1009 2224 1051 2239 -
1070 2194 1243 2260 multorum
1264 2207 1312 2261 est
1333 2197 1417 2263 enim
1437 2205 1508 2265 ets·

146 2292 232 2358 varia
252 2291 344 2377 culpa
372 2325 413 2338 -
439 2297 559 2355 tantum
580 2288 682 2355 dicam
702 2288 807 2366 brevi,
839 2308 904 2354 non
923 2287 1002 2355 mibi
1022 2288 1197 2355 exereitum
1224 2288 1279 2353 sed
1300 2289 1397 2357 duces
1414 2289 1470 2356 de-

146 2384 253 2452 inisse.
303 2389 337 2449 ln
359 2403 438 2473 qno,
470 2390 508 2449 ut
525 2383 591 2448 iam
610 2383 651 2448 sit
670 2382 704 2448 in
724 2382 764 2448 iis
785 2381 891 2469 culpa,
926 2382 982 2469 qui
1002 2402 1054 2448 me
1074 2402 1140 2448 non
1160 2381 1383 2460 defenderunt,
1404 2404 1471 2454 non

146 2478 251 2544 minor
271 2486 318 2543 est
338 2476 371 2542 in
392 2477 445 2551 iis,
466 2475 522 2564 qui
535 2475 746 2562 reliquerunt3
768 2483 814 2551 et,
836 2475 864 2541 si
884 2473 1051 2542 accusandi
1065 2484 1150 2552 sunt,
1178 2476 1205 2541 si
1225 2477 1281 2564 qni
1299 2478 1471 2564 pertimue-

146 2582 236 2647 runt,
266 2572 366 2657 magis
392 2571 486 2636 etiam
515 2567 783 2656 reprehendendi,
819 2568 922 2656 siqui
944 2588 978 2633 se
999 2568 1110 2633 timere
1137 2568 1333 2636 simularunt
1388 2571 1470 2638 lllnd

146 2665 274 2753 quidem
295 2675 380 2730 certe
405 2672 548 2731 nostrum
569 2661 735 2728 consilium
754 2660 825 2727 inre
846 2661 1037 2727 laudandum
1057 2669 1120 2738 est,
1147 2662 1203 2749 qui
1223 2684 1311 2729 meos
1333 2665 1417 2732 cives
1439 2676 1509 2733 etss

146 2781 166 2825 a
185 2780 237 2825 me
252 2766 454 2824 conservatos
465 2765 497 2822 et
510 2777 561 2822 me
575 2776 703 2822 servare
715 2755 891 2843 cupientes,
913 2755 1064 2842 spoliatos
1078 2754 1210 2821 ducibus
1226 2758 1326 2824 servis
1342 2763 1470 2827 armatis

146 2851 242 2919 obiici
263 2852 420 2918 noluerim
440 2849 655 2936 declararique
675 2847 858 2925 maluerim,
880 2857 996 2937 quauta
1017 2848 1065 2914 vis
1086 2869 1156 2914 esse
1175 2850 1329 2936 potuisset
1344 2853 1378 2918 in
1397 2875 1473 2921 con-

147 2966 242 3011 sensu
263 2944 435 3020 bonorum,
472 2943 499 3009 si
526 2942 567 3008 iis
595 2961 656 3029 pro
681 2962 733 3007 me
754 2950 854 3008 stante
874 2962 1016 3030 pugnare
1041 2942 1194 3018 licuisset,
1231 2964 1303 3011 cum
1324 2946 1472 3015 afflictum

148 3041 286 3105 excitare
306 3038 491 3125 potuissent
534 3039 679 3115 Quorum
699 3034 828 3122 quidem
848 3035 987 3102 animum
1008 3043 1043 3102 tu
1064 3056 1127 3102 non
1148 3039 1337 3125 perspexisti
1358 3041 1472 3119 solum,

148 3154 220 3200 cum
251 3132 292 3199 de
318 3153 368 3197 me
394 3150 524 3217 ageres,
550 3128 723 3196 sedetiam
743 3127 936 3195 confirmasti
961 3136 1056 3217 atque
1081 3131 1218 3198 tenenti.
1275 3138 1324 3200 14.
1348 3138 1418 3214 Qun
1439 3137 1511 3203 inse

149 3248 241 3293 eausa
263 3262 303 3274 -
324 3245 389 3291 non
404 3223 500 3292 modo
521 3243 586 3289 non
606 3220 744 3309 negabo,
766 3221 822 3288 sed
837 3221 931 3287 etiam
945 3243 1070 3309 semper
1089 3230 1121 3289 et
1137 3226 1311 3293 meminero
1332 3237 1364 3294 et
1382 3251 1474 3318 prae·

149 3318 262 3385 dicabo
283 3318 418 3385 libenter
437 3349 479 3362 -
500 3337 577 3383 usus
597 3335 632 3382 es
653 3313 842 3403 quibusdam
861 3315 1066 3382 nobilissimis
1086 3316 1266 3386 bominibus
1287 3321 1474 3391 fortioribus

149 3413 182 3478 in
202 3434 253 3477 me
273 3411 488 3487 restituendo,
523 3430 617 3498 quam
637 3408 763 3475 lucrant
783 3408 879 3475 iidem
900 3409 933 3474 in
954 3409 1113 3488 tenendo;
1135 3433 1198 3500 qua
1219 3414 1252 3478 in
1273 3418 1426 3483 sententia
1447 3418 1475 3484 si

149 3514 293 3571 constare
313 3504 499 3580 voluissent,
528 3524 618 3569 suam
638 3502 854 3568 auctoritatem
875 3501 968 3568 simul
988 3523 1061 3569 cum
1081 3503 1180 3570 salute
1201 3527 1271 3572 mea
1291 3530 1476 3597 recuperas-

150 3606 229 3665 sent
281 3599 440 3665 Recreatis
462 3597 546 3664 enim
566 3595 659 3663 bouis
685 3595 763 3663 viris
789 3596 953 3662 consulatu
973 3603 1029 3663 tuo
1051 3605 1083 3661 et
1103 3600 1360 3667 constantissimis
1381 3612 1513 3691 atquess

150 3691 277 3780 optimis
298 3690 473 3757 actionibus
494 3690 557 3756 tuis
577 3688 735 3766 excitatis,
764 3692 819 3757 Cn.
839 3689 989 3777 Pompeio
1009 3694 1196 3777 praesertim
1216 3693 1256 3759 ad
1274 3715 1399 3762 eausam
1421 3697 1477 3764 ad·

151 3786 272 3857 iuncto,
308 3805 380 3850 cnm
406 3784 500 3849 etiam
522 3786 637 3851 Caesar
657 3780 754 3848 rebus
774 3782 920 3848 maximis
941 3784 1036 3869 gestis
1063 3784 1273 3870 singularibus
1295 3797 1423 3856 omatus
1444 3800 1477 3858 et

151 3877 242 3943 novis
263 3876 438 3943 bonoribus
458 3897 495 3942 ae
513 3875 641 3942 iudiciis
661 3883 786 3942 senatus
806 3874 846 3941 ad
862 3875 1078 3943 metoritatem
1101 3879 1169 3944 eius
1185 3880 1307 3947 ordinis
1326 3884 1477 3972 adiunge·

151 3979 258 4046 rctnr,
285 3970 363 4036 nulli
384 3969 533 4057 improbo
554 3968 617 4036 ciri
636 3968 726 4036 locus
747 3967 877 4034 adrem
898 3967 1055 4055 publicam
1076 3971 1253 4039 violandam
1274 3995 1342 4041 esse
1357 3978 1478 4064 potuis-

151 4073 209 4132 set
253 4068 303 4130 15.
325 4063 388 4130 Sed
414 4062 555 4140 attende,
588 4082 725 4151 quaeso,
755 4082 837 4150 quae
858 4061 920 4128 sint
940 4073 1117 4132 consecuta.
1158 4069 1299 4135 Primum
1319 4071 1373 4137 illa
1394 4072 1516 4140 innuas

153 4157 355 4225 muliebrium
381 4158 586 4242 religionum,
619 4155 675 4244 qui
694 4174 759 4221 non
777 4156 878 4244 pluris
899 4154 1017 4222 iecerat
1037 4163 1156 4225 Bonam
1176 4166 1274 4228 Deam
1296 4185 1391 4253 quam
1412 4174 1477 4233 tres

153 4272 295 4327 sorores,
316 4251 533 4338 impunitatem
554 4259 602 4315 est
626 4248 756 4315 illorum
777 4249 938 4315 sententiis
959 4262 1133 4330 assecutus,
1163 4256 1218 4344 qni
1239 4277 1311 4324 eum
1333 4259 1479 4329 tribunus

222 4482 266 4533 aa.
286 4480 467 4532 mansos
484 4478 530 4529 us
560 4479 705 4530 mentm
730 4477 761 4528 o.
796 4501 827 4514 -
863 4477 909 4528 ts.
935 4479 1049 4545 ncesse
1064 4505 1075 4518 -
1093 4505 1104 4518 ·
1121 4488 1254 4536 emanso
1280 4478 1478 4554 nespouun'a:

153 4549 539 4618 nentem-mmm,
570 4551 907 4614 mirificus-wemmam
933 4548 963 4598 E.
993 4574 1024 4586 -
1059 4552 1104 4604 Ι.
1133 4555 1223 4605 etas.
1253 4555 1297 4622 tta]
1323 4561 1363 4610 bis
1387 4560 1426 4612 Μ.
1445 4587 1479 4600 -

153 4622 198 4673 15.
228 4619 285 4686 qut]
310 4621 382 4685 qood
413 4621 462 4670 vu.
492 4642 527 4654 —
569 4620 615 4669 28.
642 4622 665 4669 at
683 4621 717 4668 tta
733 4643 744 4654 ·
762 4645 772 4655 ·
789 4631 910 4682 mucra
927 4618 1039 4672 1111111111
1057 4629 1167 4675 auctore
1196 4625 1314 4679 tinctorio
1340 4630 1381 4680 ll:
1411 4634 1435 4682 st
1452 4630 1481 4682 tet

154 4704 301 4756 umere
317 4691 481 4754 reliquissent
498 4689 541 4748 bl,
567 4690 636 4739 1111
653 4714 664 4725 -
681 4713 693 4726 ·
708 4701 829 4752 mucre
846 4689 986 4740 coluissent
1005 4689 1099 4741 Ambr.
1119 4696 1162 4745 15.
1183 4722 1216 4732 -
1251 4698 1295 4750 33,
1314 4697 1404 4764 mm]
1422 4714 1481 4752 sum

156 4775 196 4826 pr.
215 4761 254 4812 bl.
274 4784 305 4798 -
332 4761 427 4811 tundo
446 4759 596 4815 Graevius,
615 4759 751 4809 nttnsndo
770 4761 882 4807 anctore
900 4757 1024 4809 Ernestio
1037 4762 1287 4829 bierunt-baguas.
1309 4794 1337 4806 -
1357 4770 1403 4821 do.
1427 4770 1481 4823 rint

154 4831 205 4883 11
223 4838 284 4881 unt
305 4830 336 4880 ll.
358 4854 389 4867 -
424 4829 473 4880 tllo
489 4831 563 4895 forto
580 4835 693 4879 auctore
712 4826 876 4878 Bandlnetlc
893 4827 960 4879 vs:
984 4830 1033 4880 illo
1049 4834 1125 4895 {orto
1141 4835 1192 4892 st,
1210 4837 1255 4887 tlte
1270 4840 1316 4901 {ur
1333 4839 1481 4894 Lambinus

156 4902 184 4952 tn
202 4914 290 4964 marg.
311 4898 390 4950 1581.
418 4922 447 4937 -
484 4898 530 4949 li.
550 4912 607 4948 eum
626 4900 749 4949 strennua
764 4896 856 4960 potue
874 4896 987 4949 eatotm
1001 4914 1102 4963 poam
1119 4904 1157 4956 bl.
