3256 5400
490 251 566 314 hlll.
586 251 654 315 vlt.
695 250 756 314 BP.
778 249 830 315 15.
859 249 910 315 14.
933 251 982 315 15.
1005 252 1055 316 to.
1370 254 1429 318 115

115 425 207 471 musa
227 404 355 482 cadent3
387 404 414 469 si
435 406 534 470 nostri
556 402 671 470 oblitus
693 425 742 480 es,
773 402 856 470 dabo
878 424 1021 490 operam,
1058 415 1093 472 ut
1113 407 1193 472 istuc
1214 409 1335 473 veniam
1357 420 1429 475 ante

114 520 208 586 quam
229 498 320 585 plane
341 497 507 563 exanimo
529 506 584 562 tuo
605 497 713 575 elllu03
749 497 798 561 sin
818 501 1010 562 aestivorum
1031 500 1126 565 timor
1147 512 1177 566 tc
1198 501 1350 575 debilitat,
1373 505 1429 569 ali·

114 591 189 683 quid
210 591 370 676 excogita,
392 600 428 656 ut
447 590 547 655 fecisti
561 589 600 655 de
618 589 785 654 Britannia.
828 594 858 654 2.
880 589 959 655 Illud
974 592 1099 678 quidem
1114 594 1305 680 perlibenter
1323 597 1428 662 andivi

114 707 154 752 ex
175 684 289 752 eodem
311 683 500 774 Chrysippo,
532 692 563 748 te
586 703 654 748 esse
677 681 802 748 Caesari
822 680 1019 749 familiarem.
1068 686 1130 751 Sed
1151 688 1330 754 mehercule
1352 690 1428 755 rnal-

113 781 190 855 lem,
225 778 259 844 id
280 778 456 867 quoderat
476 776 627 865 aequius,
663 776 702 841 de
723 775 784 840 tuis
805 774 900 840 rebus
921 796 962 841 ex
984 783 1044 843 tuis
1065 779 1175 845 litteris
1197 804 1290 869 quam
1312 785 1453 870 saepis-s

113 873 192 938 sime
212 893 447 958 cognoscerem.
491 870 585 949 Quod
606 879 691 935 certe
709 869 752 934 ita
774 866 879 941 fieret,
907 868 934 932 si
955 879 990 934 tn
1011 871 1172 938 maluisses
1193 874 1428 944 benevolentiae

113 987 207 1053 quam
232 966 334 1032 litium
354 965 425 1031 inra
453 964 642 1050 perdiscere.
700 960 763 1028 Sed
794 961 872 1026 haec
899 963 993 1027 iocati
1020 985 1126 1031 snmus
1153 976 1185 1031 et
1211 978 1266 1034 tuo
1288 992 1377 1035 more
1399 983 1430 1036 et

113 1058 256 1124 nonnihil
281 1059 376 1124 etiam
406 1067 525 1125 nostro.
567 1061 612 1123 Te
633 1053 724 1121 valde
752 1075 892 1120 amamus
910 1075 1072 1146 nosquea
1107 1067 1139 1124 te
1160 1061 1258 1126 amari
1278 1083 1350 1129 cum
1374 1085 1431 1130 vo·

113 1154 232 1229 lumus,
253 1160 320 1219 bun
341 1150 435 1217 etiam
455 1149 651 1216 confidimns.

573 1291 638 1354 rr.
687 1285 737 1372 (A.
762 1286 957 1373 uc.701.)
1441 1323 1469 1365 ..

590 1402 732 1467 uouno
754 1401 961 1466 rnnnlno.

197 1529 227 1591 l.
250 1527 352 1603 Quam
373 1524 435 1590 sint
451 1521 588 1596 morosi,
614 1519 670 1609 qui
690 1528 809 1594 amant,
838 1520 889 1585 vel
908 1541 948 1584 ox
969 1519 1030 1588 hoc
1045 1522 1177 1610 intelligi
1193 1534 1311 1612 potest:
1333 1530 1429 1594 mole·

113 1628 160 1686 ste
174 1616 314 1684 ferebam
335 1626 425 1683 antea
445 1627 476 1681 te
497 1614 629 1680 invitum
651 1613 721 1681 istic
741 1634 829 1691 esse3
856 1616 967 1701 pungit
988 1637 1039 1681 me
1056 1638 1181 1694 marsus,
1209 1620 1296 1706 quod
1318 1621 1431 1687 scribis

81 1766 86 1779 .
113 1735 182 1780 esse
203 1722 235 1779 te
255 1712 325 1778 istic
345 1709 495 1788 hbenter;
531 1707 738 1795 nequeenim
759 1727 830 1771 mea
853 1708 1122 1777 commendatione
1144 1721 1173 1776 te
1198 1734 1262 1779 non
1282 1714 1430 1781 delectari

113 1807 203 1874 facile
230 1805 373 1892 patiebar
398 1814 431 1871 et
455 1824 539 1870 nune
569 1823 668 1888 angor
701 1800 872 1888 quidquam
895 1799 950 1865 tibi
974 1801 1042 1867 sine
1070 1825 1120 1868 me
1153 1826 1222 1871 esse
1249 1808 1430 1875 iucundum.
1443 1834 1470 1874 ιι

113 1901 176 1969 Sed
192 1901 254 1966 hoc
272 1909 374 1965 tamen
393 1899 476 1964 molo
497 1897 582 1962 lerre
600 1917 658 1961 nos
682 1893 875 1961 desiderium
891 1914 985 1980 quam
1008 1904 1039 1960 te
1058 1918 1121 1962 non
1141 1919 1193 1974 ea,
1216 1921 1297 1986 qnae
1318 1922 1429 1987 spero,

113 1993 274 2080 consequi.
317 1997 348 2058 9..
379 1990 474 2071 Quod
492 2012 570 2056 vero
591 1990 623 2054 in
647 1993 679 2055 C.
699 1987 801 2062 blatii,
824 1987 1001 2052 suavissimi
1022 1988 1258 2078 doctissimique
1281 1992 1430 2065 hominis,

112 2086 351 2154 familiaritatem
377 2084 504 2161 venisti,
535 2105 599 2149 non
627 2080 690 2146 dici
712 2088 834 2166 potest,
871 2100 965 2165 quam
989 2082 1078 2148 valde
1099 2084 1267 2168 gandeam;
1305 2086 1360 2172 qni
1383 2085 1431 2150 lae

113 2189 148 2247 ut
168 2192 200 2247 te
220 2202 314 2268 quam
334 2179 471 2245 maxime
492 2178 610 2263 diligat.
663 2173 738 2240 Mihi
759 2171 869 2253 crede,
903 2171 981 2238 nihil
1004 2195 1045 2239 ex
1065 2175 1125 2241 ista
1143 2177 1306 2264 provincia
1326 2188 1430 2264 potes,

113 2273 198 2363 qnod
217 2273 383 2340 iucundius
404 2270 459 2348 sit,
481 2269 660 2358 deportare.
703 2272 798 2339 Cura,
820 2273 855 2330 ut
876 2264 989 2332 valeas.
1440 2299 1468 2338 η

574 2412 655 2474 ru.
698 2406 747 2491 (A.
774 2408 807 2470 u.
829 2408 862 2471 c.
884 2405 970 2489 τοο.)

497 2525 538 2588 u.
560 2520 703 2587 cronno
726 2521 757 2583 s.
778 2521 816 2582 n.
839 2520 1045 2584 reuolue.

197 2648 226 2711 1.
248 2650 284 2711 ln
298 2647 390 2730 Equo
411 2641 549 2707 Troiano
572 2645 633 2706 scis
650 2659 719 2704 esse
741 2637 774 2702 in
794 2646 957 2712 extremo,
991 2661 1057 2703 sero
1078 2646 1209 2724 sapiunt.
1251 2649 1298 2709 Tu
1318 2655 1429 2721 tamen,

113 2738 158 2804 mi
174 2736 293 2811 vetule,
316 2757 379 2801 non
398 2755 480 2800 sero.
523 2733 643 2800 Primas
661 2731 730 2796 illas
749 2729 925 2795 rabiosulas
945 2742 992 2797 sat
1012 2732 1113 2799 latnas
1137 2735 1268 2811 dedisti;
1295 2737 1429 2815 deinde,

114 2831 198 2921 qnod
217 2830 250 2896 in
272 2829 431 2896 Britannia
447 2849 510 2894 non
527 2825 620 2892 nimis
643 2832 846 2907 φιλοθέωρον
864 2832 895 2887 te
919 2823 1111 2910 praebuisti,
1133 2829 1224 2915 plane
1243 2852 1306 2895 non
1323 2853 1470 2919 repre-m

114 2924 232 2991 hendo:
265 2943 347 2989 nuno
373 2921 505 2988 veroin
525 2919 666 2987 hibernis
686 2917 820 2984 intectus
841 2915 917 2981 mihi
941 2918 1076 2999 videris3
1109 2921 1215 3008 itaque
1237 2934 1268 2988 te
1292 2945 1431 2994 conmo-

114 3038 188 3083 rere
209 3037 273 3082 non
294 3036 396 3081 curas.

241 3140 449 3220 Usquequaque
469 3155 572 3217 supere
593 3143 723 3217 oportet:
746 3134 778 3197 id
798 3134 856 3195 erit
878 3134 968 3196 telum
988 3139 1179 3201 marimum.

113 3263 144 3325 2.
164 3263 232 3345 Ego
261 3258 289 3323 si
312 3256 391 3322 loris
412 3256 619 3328 comitatem,
651 3258 705 3319 Cn.
726 3252 874 3323 Octavio,
896 3251 1043 3318 familiari
1060 3264 1131 3331 tuo,
1154 3278 1218 3322 non
1240 3257 1429 3340 dehrissem3
1499 3319 1513 3340 ,

113 3352 164 3418 cni
189 3361 292 3417 tamen
313 3348 401 3423 dixi,
437 3370 509 3413 cum
531 3369 581 3412 me
605 3344 771 3432 aliquoties
793 3345 959 3410 invitaret:
992 3350 1088 3422 „Oro
1111 3358 1160 3424 te,
1197 3352 1268 3437 quis
1293 3361 1326 3418 tu
1347 3359 1469 3420 est''u

114 3445 175 3511 Sed
192 3441 403 3517 mehercules,
427 3451 516 3506 extra
533 3441 658 3514 iocum.
680 3438 776 3503 homo
797 3436 897 3504 bellos
923 3447 990 3517 est;
1012 3440 1124 3507 vellem
1145 3463 1218 3508 eum
1244 3454 1347 3510 tecum
1376 3446 1433 3511 ab·

113 3538 268 3605 duxisses.
310 3540 341 3601 3.
369 3533 453 3617 Quid
479 3534 577 3618 agatis
602 3541 634 3597 et
650 3530 771 3617 ecquid
793 3531 825 3595 in
849 3532 970 3598 ltaliam
991 3535 1116 3600 venturi
1139 3535 1207 3601 sitis
1231 3535 1288 3602 hac
1306 3537 1428 3614 hieme,

113 3631 161 3696 lac
179 3630 270 3716 plane
288 3626 394 3692 sciam.
437 3625 550 3691 Balbus
572 3624 648 3690 mihi
662 3624 858 3690 confirmavit
881 3635 911 3690 te
929 3626 1058 3692 divitem
1076 3627 1227 3693 futurum.
1269 3629 1304 3694 ld
1325 3640 1429 3698 utrum

115 3731 253 3791 Romano
274 3742 363 3786 more
388 3721 510 3785 locutus
532 3719 592 3793 sit,
631 3716 712 3783 bene
735 3727 928 3782 nummatum
951 3728 980 3783 te
998 3720 1156 3795 loturum,
1192 3742 1247 3795 an,
1270 3724 1429 3809 quomodo

114 3817 211 3883 Stoici
239 3816 365 3888 dicunt,
398 3833 535 3888 „omnes
562 3833 631 3877 esse
664 3811 792 3884 divites,
830 3811 885 3898 qui
908 3814 995 3879 caelo
1024 3821 1055 3878 et
1079 3824 1162 3879 terra
1183 3813 1247 3878 lrui
1270 3816 1470 3901 possint,''ss

113 3920 221 3998 postea
253 3908 375 3974 videro.
419 3907 482 3985 Qui
511 3906 603 3971 istinc
631 3905 778 3979 veniunt,
811 3904 990 3991 superbiam
1024 3915 1107 3973 tuam
1141 3919 1308 3982 accusant,
1344 3911 1428 3996 quod

114 4012 227 4088 negent
260 4010 290 4067 te
323 3999 578 4088 percontantibus
613 3996 817 4083 respondere.
873 3998 935 4063 Sed
968 4008 1070 4064 mmen
1100 4009 1148 4066 est
1176 4001 1261 4086 quod
1286 4004 1433 4086 gaudeas.

115 4101 240 4163 Constat
261 4095 345 4161 enim
370 4095 452 4160 inter
477 4113 586 4159 omnes
611 4091 768 4156 neminem
792 4100 824 4155 te
850 4111 914 4156 uno
935 4092 1176 4159 Samarobrivae
1198 4094 1277 4160 iuris
1301 4097 1434 4181 peritio-

114 4210 180 4255 rem
202 4209 282 4254 esse.

181 4401 207 4450 1.
233 4412 327 4449 cusum
342 4398 433 4449 51.-
458 4399 485 4446 et
499 4396 541 4448 ht:
567 4397 609 4444 stu
626 4394 658 4444 tt.
687 4417 718 4429 -
753 4392 780 4442 o.
800 4405 976 4456 sequetem
993 4395 1038 4445 u:
1062 4410 1213 4461 eoqnoscm
1230 4399 1261 4449 u.
1297 4399 1370 4451 l‘ort.
1391 4413 1433 4449 eo-

113 4482 232 4533 quoacere
247 4483 298 4519 me.
318 4468 370 4519 On.
390 4491 422 4503 -
458 4467 503 4519 17.
524 4466 599 4528 Quod
616 4464 701 4515 Codd.
720 4461 912 4512 Ambrosiam:
931 4478 1010 4527 quom
1027 4465 1073 4528 hl,
1092 4467 1175 4529 Quum
1195 4468 1225 4517 li.
1248 4493 1273 4504 -
1308 4469 1354 4519 at.
1373 4470 1432 4518 Pri-

113 4552 183 4588 mum
205 4539 267 4588 illos
294 4539 388 4588 Ambr.
416 4537 459 4586 tt.
490 4561 516 4573 -
556 4536 601 4585 25.
628 4527 715 4593 motis]
734 4533 820 4581 minus
837 4531 875 4581 hl.
895 4532 1055 4585 Emendavit
1073 4535 1230 4587 Politianus.
1251 4563 1280 4575 -
1306 4538 1431 4600 philotec-

114 4620 172 4658 Μ
188 4608 226 4660 tt.
255 4632 283 4644 -
320 4607 365 4658 hd.
383 4609 493 4658 urtactus
510 4604 667 4656 Schttzlnse
692 4603 800 4652 mutus
817 4601 878 4652 ΜΕ.
904 4627 933 4639 -
971 4603 1016 4654 ³2.
1035 4608 1140 4670 opatu,
1165 4608 1254 4672 ecquid
1272 4607 1429 4657 Lambtnos.

114 4676 169 4730 Cir.
189 4677 269 4730 fland
287 4677 369 4728 Ture.
389 4677 425 4728 11.
445 4690 472 4743 p.
491 4675 553 4728 555.
574 4698 605 4712 -
641 4672 686 4726 35.
704 4673 780 4723 uideo
796 4671 833 4725 lt-
852 4695 883 4708 ·
921 4672 966 4724 ³7.
984 4683 1082 4740 aequat
1098 4675 1193 4728 Amba.
1211 4675 1239 4727 5.
