3256 5400
696 893 849 955 lemma
891 895 923 954 1.

490 1085 580 1159 Al)
623 1086 665 1161 Ρ.
709 1087 1128 1164 LENTULUM.

709 1305 912 1316 —...-

548 1453 584 1553 ιι.
626 1427 735 1530 (asu
759 1454 791 1516 c.
814 1454 887 1517 ess.
913 1451 1054 1536 uarro.)

426 1595 469 1658 n.
490 1593 634 1659 oceno
657 1593 688 1655 s.
709 1595 748 1655 u.
769 1594 803 1656 r.
824 1594 1005 1656 nmruno
1027 1595 1194 1659 crocos.

151 1783 178 1842 1.
221 1761 306 1865 Ego
327 1777 414 1842 omui
435 1774 541 1840 officio
562 1797 598 1840 ac
623 1776 728 1863 potius
755 1775 872 1863 pietate
894 1797 969 1862 erga
990 1786 1021 1842 te
1043 1778 1157 1843 ceteris
1184 1779 1341 1847 satisfacio
1368 1783 1470 1848 omui·

147 1873 222 1946 bus,
252 1873 327 1937 mibi
357 1871 424 1956 ipse
446 1890 604 1956 nunquam
632 1869 799 1935 satisfacio.
848 1876 943 1936 Tanta
966 1870 1049 1936 enim
1070 1872 1252 1957 magnitudo
1275 1885 1321 1940 est
1342 1886 1469 1942 tuorum

147 1987 222 2052 erga
243 1987 294 2031 me
315 1965 514 2038 meritorum,
537 1972 587 2038 ut,
609 1964 757 2050 quoniam
779 1972 828 2040 tu,
855 1966 916 2030 uisi
937 1964 1075 2051 perfecta
1096 1987 1132 2031 re
1155 1966 1282 2043 deme,
1310 1991 1373 2034 non
1395 1992 1494 2038 con-s

147 2060 277 2146 quiesti‚
300 2079 376 2143 ego,
399 2057 472 2144 quia
493 2078 558 2122 nou
577 2056 661 2122 idem
675 2057 708 2122 iu
723 2066 775 2122 tua
789 2079 883 2124 causa
897 2058 1017 2134 efficio,
1039 2059 1135 2123 vitam
1149 2059 1226 2124 mibi
1240 2082 1309 2126 esse
1324 2063 1469 2129 acerbam

146 2162 264 2240 putem.
306 2158 342 2218 lu
362 2172 456 2217 causa
481 2151 556 2216 baec
577 2160 659 2218 suot.
701 2152 902 2228 Ammonius,
930 2153 1015 2237 regis
1041 2153 1178 2238 legatus,
1208 2164 1316 2239 aperte
1337 2159 1470 2241 pecunia

147 2268 205 2312 nos
231 2255 399 2333 oppugnat.
455 2250 516 2312 lles
543 2246 646 2330 agitur
673 2266 731 2332 per
758 2245 886 2312 eosdem
914 2245 1103 2321 creditores,
1133 2267 1191 2332 per
1212 2269 1308 2333 quos,
1342 2271 1412 2314 cum
1435 2260 1470 2317 tu

146 2340 273 2415 aderas,
306 2338 466 2424 agebatur.
519 2338 611 2423 llegis
632 2359 726 2404 causa
747 2339 774 2404 si
796 2341 850 2426 qui
871 2349 943 2404 suot
964 2339 1019 2426 qui
1041 2340 1150 2413 vebat,
1184 2340 1239 2426 qui
1259 2343 1352 2427 pauci
1373 2353 1468 2420 suut,

146 2457 255 2502 omnes
275 2455 345 2501 rem
366 2432 406 2498 ad
426 2433 609 2518 Pompeium
631 2431 749 2498 deferri
771 2433 890 2498 volunt.
946 2437 1077 2498 Senatus
1098 2433 1261 2518 religionis
1282 2436 1469 2503 calumniam
1479 2468 1507 2508 m

146 2551 209 2595 uon
230 2528 399 2614 religione,
432 2526 489 2592 sed
509 2526 726 2593 malevolentia
748 2535 779 2592 et
799 2526 883 2591 illius
907 2527 1014 2612 regiae
1039 2526 1214 2611 largitionis
1240 2526 1358 2592 invidia
1384 2550 1470 2594 com-

146 2622 268 2710 probat.
322 2626 352 2688 2.
380 2621 574 2708 Pompeium·
591 2628 623 2685 et
650 2619 771 2685 hortari
800 2628 832 2684 et
858 2641 951 2684 orare
981 2630 1013 2684 et
1032 2619 1095 2685 iam
1115 2618 1247 2685 liberius
1268 2642 1415 2689 accusare
1438 2635 1470 2689 et
1570 2678 1575 2685 .

145 2738 291 2792 monere,
312 2725 348 2782 ut
360 2735 504 2800 maguam
517 2713 676 2778 infamiam
690 2713 803 2798 fugiat,
825 2734 888 2778 oon
902 2713 1090 2779 desistimus.
1133 2712 1195 2778 Sed
1208 2713 1300 2799 plane
1319 2737 1377 2780 nec
1398 2738 1471 2803 pre

145 2811 235 2878 cibus
255 2811 371 2877 nostris
393 2830 451 2875 uec
471 2806 736 2873 admonitionibus
757 2807 907 2894 relinquit
926 2808 1042 2872 locum.
1084 2812 1161 2872 Nam
1183 2828 1254 2873 cum
1275 2808 1308 2875 iu
1323 2831 1469 2884 sermone

146 2905 344 2993 quotidiano,
376 2911 442 2969 tum
463 2902 496 2968 in
518 2911 628 2966 senatu
649 2901 750 2987 palam
772 2902 818 2967 sic
840 2901 904 2985 egit
925 2922 1050 2966 causam
1071 2909 1179 2976 tuam,
1212 2909 1247 2965 ut
1273 2923 1376 2989 neque
1402 2905 1507 2974 elo-rs

145 3000 272 3086 quentia
291 2999 412 3063 maiore
433 2996 598 3082 quisquam
620 3015 678 3060 uec
704 2995 855 3080 gravitate
877 3015 934 3059 uec
954 2993 1058 3059 studio
1078 3015 1136 3058 nec
1154 2995 1352 3060 contentione
1373 3018 1468 3082 agere

144 3092 299 3178 potuerit,
332 3113 404 3157 cum
432 3110 553 3154 summa
582 3087 797 3154 testificatione
826 3096 954 3153 tuorum
985 3087 1018 3152 in
1043 3109 1077 3153 se
1099 3086 1277 3153 officiorum
1299 3097 1331 3153 et
1351 3092 1468 3156 amoris

146 3207 221 3271 erga
246 3195 277 3250 te
307 3184 367 3250 sui.
419 3181 633 3249 Marcellinum
664 3180 721 3247 tibi
749 3202 819 3246 esse
846 3181 960 3247 iratum
988 3180 1059 3245 scis.
1102 3185 1152 3255 Is,
1181 3181 1239 3247 bac
1267 3183 1355 3269 regia
1376 3206 1469 3250 causa

145 3287 294 3365 excepta,
327 3277 439 3343 ceteris
466 3277 500 3342 iu
528 3274 625 3341 rebus
651 3295 686 3341 se
714 3275 903 3340 acerrimum
931 3274 977 3339 tui
1003 3273 1203 3349 defensorem
1229 3275 1300 3341 fore
1322 3277 1468 3344 ostendit

146 3372 240 3450 Quod
260 3371 333 3445 dat,
362 3369 548 3456 accipimffl:
582 3368 669 3455 quod
694 3368 828 3434 instituit
852 3367 975 3433 referre
1004 3367 1044 3433 dc
1064 3369 1218 3454 religione
1239 3379 1271 3434 et
1291 3392 1384 3457 saepe
1405 3371 1504 3440 iamne

144 3466 278 3539 rettulit,
299 3463 339 3530 ab
367 3484 407 3530 eo
436 3462 549 3528 deduci
578 3482 641 3528 nou
668 3470 781 3549 potest.
829 3467 859 3528 3.
889 3467 950 3527 Res
971 3469 1042 3526 aute
1064 3461 1137 3527 Idus
1158 3471 1226 3527 acta
1247 3464 1292 3529 sic
1313 3474 1361 3530 est
1382 3466 1467 3549 (uam

144 3559 219 3624 baec
248 3557 357 3624 ldibus
381 3577 473 3622 mane
501 3555 645 3642 scripsi):
674 3555 836 3622 Hortensii
864 3564 895 3620 et
923 3576 993 3620 mea
1014 3564 1046 3621 et
1066 3555 1187 3621 Luculli
1213 3557 1365 3623 sententia
1386 3559 1469 3625 cedit

143 3652 291 3737 religioni
306 3651 345 3718 de
362 3651 520 3724 exercitu,
542 3686 584 3697 —
602 3651 702 3715 teneri
721 3650 804 3714 enim
825 3671 878 3715 res
892 3650 984 3716 aliter
1005 3670 1068 3715 oon
1082 3658 1202 3736 potest,
1224 3687 1265 3697 —
1287 3651 1344 3717 sed
1357 3674 1398 3718 ex
1412 3654 1467 3721 illo

143 3757 269 3813 senatus
290 3746 449 3820 consulto,
482 3743 567 3830 quod
588 3752 619 3808 te
640 3743 797 3809 referente
818 3742 934 3808 factum
956 3752 1016 3818 cst,
1039 3743 1096 3808 tibi
1119 3742 1274 3820 decernit,
1303 3754 1338 3810 ut
1359 3769 1467 3833 regem

143 3840 290 3915 reducas,
313 3838 399 3927 quod
420 3837 587 3904 commodo
608 3837 657 3901 rei
678 3836 821 3923 publicae
842 3835 946 3902 facere
964 3837 1080 3923 possis;
1102 3845 1138 3902 ut
1158 3838 1331 3905 exercitum
1353 3841 1467 3926 religio
1476 3869 1505 3908 rs

143 3934 246 4009 tollat,
274 3942 305 3998 te
327 3941 489 3999 auctorem
510 3939 634 3996 senatus
655 3931 797 3996 retineat
848 3934 977 3997 Crassus
999 3939 1062 4004 tres
1083 3930 1202 4015 legatos
1224 3932 1380 4008 deceruit,
1409 3956 1467 4000 nec

142 4027 282 4093 excludit
308 4027 510 4112 Pompeium;
542 4032 648 4089 censet
673 4024 758 4089 euim
788 4024 882 4090 etiam
914 4045 955 4090 cx
975 4024 1029 4098 iis,
1049 4024 1117 4111 ·qui
1139 4046 1210 4089 cum
1231 4025 1365 4111 imperio
1387 4028 1465 4094 sint:

142 4118 272 4185 Bibulus
294 4127 358 4184 tres
379 4120 516 4204 legatos,
540 4139 581 4182 ex
603 4118 658 4193 iis,
680 4118 735 4205 qui
756 4117 871 4204 privati
893 4125 974 4183 sunt.
1017 4118 1098 4182 Huic
1118 4119 1331 4185 assentiuntur
1352 4121 1467 4207 reliqui

142 4212 323 4279 consuleres
344 4221 471 4299 praeter
492 4210 680 4286 Servilium,
702 4210 758 4298 qui
777 4211 906 4276 omuino
927 4210 1037 4276 reduci
1054 4219 1145 4294 negat
1164 4222 1322 4298 oportere,
1342 4223 1374 4278 et
1392 4215 1468 4280 Vol-

209 4405 237 4456 1.
256 4406 312 4468 ipsc
330 4405 376 4455 ll:
401 4405 455 4467 tort
470 4404 502 4455 ll.
522 4425 557 4439 -
589 4403 617 4454 5.
635 4405 760 4466 quontom
776 4403 815 4452 B:
843 4405 889 4466 qut
907 4403 955 4459 11,
975 4405 1039 4466 quio
1056 4403 1087 4452 ll.
1107 4426 1138 4438 ··
1168 4404 1416 4470 coenerosam,
1435 4409 1467 4457 ds

141 4487 182 4524 ute
199 4489 254 4525 nou
272 4475 351 4525 B.-
368 4475 395 4525 8.
417 4472 596 4539 egoquiobla
615 4473 752 4537 19011-
771 4473 798 4522 7.
819 4473 994 4522 Hammonius
1007 4473 1044 4523 bl.
1060 4496 1090 4508 -
1109 4473 1141 4523 9:
1156 4473 1285 4536 agebatur
1295 4479 1364 4539 regis
1376 4491 1465 4528 causo.

141 4544 170 4594 St
187 4545 225 4595 ll.
246 4569 277 4580 -
298 4546 342 4596 18.
361 4553 386 4597 ct
403 4541 469 4607 mm]
488 4546 569 4594 etium
586 4543 790 4593 1111111111.-
811 4543 854 4592 to.
873 4557 919 4593 nec
936 4545 1069 4608 gravitate
1082 4542 1128 4591 ll:
1146 4557 1227 4605 neque
1245 4548 1378 4607 qrouttote
1391 4547 1421 4595 ll.
1432 4573 1465 4582 -

141 4615 185 4664 18.
206 4612 263 4680 rtet]
283 4616 338 4680 regi
356 4615 448 4667 Criticl
476 4613 547 4677 apud
574 4613 734 4664 corradum.
783 4613 839 4663 Cfr.
867 4614 1007 4664 llermauu
1038 4613 1166 4676 Scbufth.
1194 4614 1271 4664 1829.
1302 4630 1328 4678 p.
1359 4617 1464 4666 732.-

140 4684 185 4735 25.
205 4686 316 4735 mensos
334 4686 372 4736 ll.
405 4710 437 4719 -
473 4685 665 4734 commederet
680 4684 798 4746 publicae
824 4685 909 4745 socero
936 4685 1073 4732 Romana:
1102 4685 1236 4732 commodo
1253 4696 1307 4735 roan
1324 4687 1409 4749 [acm
1427 4687 1464 4745 bl,

140 4757 270 4806 commode
288 4757 372 4820 fecere
385 4755 416 4805 ll.
454 4753 509 4805 Cfr.
528 4756 562 4803 ud
582 4755 657 4803 Fam.
677 4755 703 4809 ³,
723 4755 750 4809 5,
769 4754 797 4803 1.
818 4754 867 4817 llo.
887 4755 962 4804 Bruti
984 4754 1085 4803 etssic.
1110 4752 1137 4802 5.
1174 4777 1205 4788 -
1242 4754 1395 4805 8111188.
1416 4759 1466 4806 crta

140 4825 178 4875 ll.
200 4849 230 4861 -
248 4826 293 4875 87.
312 4825 401 4876 1188.
419 4823 464 4888 tte]
483 4827 523 4875 tte
541 4824 579 4874 ll.
601 4848 631 4860 -
651 4824 695 4872 28.
715 4824 823 4873 Bibulus
842 4824 889 4874 lle
914 4825 953 4877 11.
972 4823 1080 4872 Btbutos
1098 4822 1129 4872 E.
1152 4846 1182 4858 —
1201 4823 1302 4887 legemr
1320 4826 1364 4876 bl:
1395 4827 1466 4892 tego·

140 4895 418 4947 cumn.-
452 4893 699 4946 suntllzatntll.
