3256 5400
613 261 889 329 EPISTOLARUM
910 263 961 326 ΑΙ)
983 261 1073 325 ssu.

642 425 734 486 nne.
778 422 831 503 (A.
858 424 891 485 o.
914 424 946 484 a.
968 422 1060 501 ⁷11.)

619 556 761 620 emano
793 557 825 618 s.
860 552 1082 618 o.sonn10.

279 702 307 764 1.
336 696 370 762 si
397 697 540 772 interest,
574 695 605 760 id
634 693 719 783 quod
745 691 887 758 homines
914 684 1122 766 arbitfdntur,
1157 695 1205 759 rei
1233 693 1377 781 publicae
1398 705 1447 774 te,
1475 707 1512 763 ut

193 791 354 858 instituisti
380 798 472 877 atque
495 790 611 865 iecisti,
643 786 759 854 navtre
780 788 909 873 operasti
930 785 1089 873 rebusque
1109 788 1268 863 maximis,
1292 811 1373 876 quae
1394 790 1432 855 ad
1455 812 1512 856 ex·

170 885 390 970 astingueadas
424 885 574 971 reliquias
604 882 678 948 belli
704 881 873 967 pertinent,
916 880 1083 957 interesse,
1120 881 1197 947 nibil
1238 882 1355 949 videris
1398 885 1512 950 melius

193 1000 295 1066 neque
323 977 508 1044 laudabilius
535 998 637 1063 neque
658 974 819 1042 honestius
845 971 949 1040 iacere
975 994 1073 1060 posse
1089 975 1242 1062 istamque
1264 994 1393 1063 operam
1414 988 1511 1053 tuam,

193 1073 378 1146 navitatem,
408 1077 544 1136 animum
575 1071 607 1135 in
635 1091 703 1135 rem
726 1069 881 1156 publicam
902 1071 1054 1137 celeritati
1075 1081 1240 1159 praeturae
1261 1070 1512 1158 anteponendam

192 1185 316 1233 censeo.
364 1166 444 1231 Nolo
472 1165 554 1230 enim
577 1176 606 1231 te
628 1165 791 1250 ignorare,
824 1172 971 1251 quantam
996 1164 1121 1230 laudem
1143 1174 1327 1232 consecutus
1349 1164 1410 1242 sis;
1432 1162 1511 1228 mibi

173 1259 301 1336 crede,
322 1258 499 1346 proximam
520 1257 650 1332 Planco,
672 1255 766 1343 idque
787 1257 885 1343 ipsius
905 1258 1008 1324 Planci
1024 1258 1221 1332 testimonio,
1243 1267 1405 1344 praeterea
1427 1257 1511 1322 lama

158 1381 184 1425 n
194 1354 383 1441 scientiaque
404 1346 554 1418 omnium.
610 1355 641 1417 2.
675 1349 888 1430 Quamobrem
910 1350 936 1416 si
959 1351 1035 1438 quid
1056 1351 1162 1438 operis
1183 1349 1241 1418 tibi
1262 1352 1439 1417 etiamnunc
1459 1371 1513 1414 re·

194 1456 269 1520 stat,
304 1446 337 1512 id
361 1446 499 1511 maximo
526 1466 623 1531 opere
654 1465 767 1510 censeo
791 1445 1054 1531 persequendum.
1109 1445 1193 1523 Quid
1215 1445 1298 1510 euim
1323 1445 1511 1510 honestius?

194 1550 249 1606 aut
275 1539 350 1627 quid
378 1539 510 1605 bonesto
542 1537 814 1626 anteponendum?
857 1538 912 1603 Sin
942 1547 1045 1603 autem
1071 1537 1259 1605 satisfactum
1286 1539 1335 1603 rei
1366 1536 1512 1625 publicae

193 1644 301 1721 putas,
337 1633 481 1699 celeriter
509 1630 548 1697 ad
575 1631 716 1706 comitia,
753 1630 900 1717 quoniam
930 1642 1051 1697 mature
1079 1630 1185 1696 lutura
1210 1640 1298 1705 sunt,
1322 1630 1510 1696 veniendum

194 1746 327 1804 censeo;
348 1725 518 1792 dummodo
543 1746 582 1790 ne
615 1723 691 1812 quid
707 1723 784 1788 baec
808 1723 971 1790 ambitiosa
991 1723 1147 1791 festinatio
1172 1720 1318 1814 'saliquid
1344 1725 1510 1790 imminuat

160 1820 262 1888 secius
285 1819 418 1904 gloriae,
441 1839 534 1904 mam
556 1817 715 1884 comecuti
736 1837 854 1882 sumus.
895 1817 984 1884 blulti
1002 1817 1166 1884 clarissimi
1189 1819 1266 1894 viri,
1288 1840 1360 1885 cum
1385 1819 1433 1883 rei
1454 1839 1513 1903 pu·

195 1911 293 1977 blicae
312 1912 422 1976 darent
453 1930 597 1996 operam,
632 1929 748 1975 annum
772 1909 929 1995 petitionis
960 1932 1035 1976 suae
1068 1931 1131 1977 uon
1153 1909 1310 1978 obierunt.
1354 1910 1448 1989 Quod
1471 1930 1512 1974 eo

194 2004 314 2070 facilius
335 2003 427 2070 nobis
447 2013 512 2079 est,
550 2002 635 2090 quod
654 2022 718 2068 non
736 2011 783 2067 est
800 2023 899 2068 annus
916 2003 968 2068 bic
987 2003 1045 2070 tibi
1063 2004 1247 2080 destinatus,
1270 2014 1324 2078 ut,
1347 2004 1374 2068 'si
1400 2002 1512 2068 aedilis

194 2096 322 2172 misses,
343 2104 415 2182 post
435 2096 594 2163 biennium
611 2105 684 2163 tuus
701 2116 801 2162 annus
822 2103 913 2162 esset
959 2103 1047 2163 Nunc
1062 2098 1139 2163 nibil
1153 2098 1403 2184 praetermittere
1424 2097 1512 2162 vide·

194 2189 270 2257 bere
284 2191 389 2257 usitati
409 2201 440 2257 et
453 2190 542 2278 quasi
557 2190 686 2276 legitimi
706 2190 858 2279 temporis
874 2188 914 2255 ad
930 2191 1109 2276 petendum.
1151 2191 1251 2259 Video
1272 2201 1377 2257 autetn
1397 2191 1512 2256 Planco

154 2283 343 2360 escomule,
375 2284 433 2349 etsi
455 2284 549 2350 etiam
572 2284 639 2349 sine
662 2303 701 2350 eo
729 2283 867 2349 rationes
893 2283 1054 2371 expedites
1081 2285 1228 2362 haberes,
1249 2294 1354 2351 tamea
1375 2282 1514 2370 splendi-

196 2377 317 2444 diorem
341 2376 522 2463 petitionem
559 2385 661 2453 mam,
698 2377 726 2442 sl
760 2376 856 2442 modo
888 2377 947 2443 ista
972 2399 1013 2443 ex
1047 2383 1197 2445 sententia
1227 2377 1367 2445 contecta
1398 2385 1512 2443 essent

195 2475 227 2537 8.
249 2473 385 2536 Omnino
404 2472 496 2556 plara
518 2490 570 2535 me
589 2469 745 2546 scribere,
767 2491 838 2536 aum
859 2480 946 2536 tuum
968 2480 1087 2537 mutum
1112 2471 1275 2538 consilium
1296 2471 1513 2558 iudiciumque

195 2566 249 2639 sit,
282 2584 345 2629 nou
372 2563 415 2628 ita
436 2583 563 2630 necesse
583 2562 780 2643 arbitrabar3
817 2563 873 2629 sed
891 2572 995 2629 tamen
1013 2566 1197 2631 senteutiam
1217 2583 1320 2631 meam
1341 2563 1398 2630 tibl
1423 2565 1514 2650 igno-

91 2655 93 2658 ’
194 2662 257 2724 tam
279 2662 347 2723 ‘esse
362 2656 522 2736 nolebam;
563 2658 652 2724 cuius
672 2666 719 2725 est
739 2657 817 2722 baec
839 2677 973 2734 summa,
995 2667 1030 2724 nt
1052 2659 1155 2723 omnia
1178 2670 1208 2725 te
1233 2659 1336 2725 metiri
1362 2658 1513 2745 dignitate

158 2775 186 2818 es
200 2753 305 2819 malim
332 2768 424 2840 quam
454 2749 641 2827 ambitione,
677 2752 893 2836 maioremque
924 2749 1060 2816 fructum
1094 2772 1213 2837 ponere
1240 2757 1274 2818 ia
1303 2753 1513 2839 perpetuitate

196 2845 296 2914 laudis
332 2865 425 2934 qnam
457 2844 490 2909 ia
521 2845 680 2911 celeritate
710 2854 889 2930 praeturae.
945 2849 1031 2910 llaec
1055 2845 1165 2911 eadem
1185 2846 1308 2912 loeutus
1330 2864 1400 2912 sum
1426 2846 1514 2912 domi

195 2958 301 3015 meae,
334 2937 472 3004 adhibito
494 2938 624 3016 Quinto,
660 2937 758 3004 fratre
781 2959 870 3014 meo,
903 2946 934 3002 et
952 2938 1081 3004 Caecina
1099 2949 1130 3005 et
1151 2938 1300 3014 Calvisio,
1322 2938 1512 3006 studiosissi-

195 3033 255 3098 mis
272 3033 332 3108 tui,
355 3030 614 3108 cumllardanus,
635 3030 766 3098 libertus
782 3041 871 3107 tuus,
896 3036 1070 3097 interesset
1113 3031 1266 3098 Omnibus
1280 3031 1410 3119 probari
1424 3031 1513 3099 vide-

197 3123 290 3193 batur
310 3125 413 3192 oratio
434 3145 522 3205 mea;
543 3124 599 3191 sed
619 3135 654 3192 tu
674 3123 792 3212 optime
813 3123 975 3191 iudicabis.

158 3324 187 3366 a
467 3270 468 3273 ‘
635 3305 744 3369 xru.
794 3303 848 3385 (A.
873 3306 905 3368 a.
927 3307 960 3370 a.
981 3306 1071 3386 711.)

579 3435 621 3501 bi
636 3428 785 3536 'clcsno
807 3435 839 3499 S.
860 3437 898 3498 D.
921 3437 954 3500 C.
975 3437 1130 3501 FURNlO.

285 3559 313 3621 1.
335 3554 436 3620 Lectis
461 3552 523 3622 tuis
543 3553 673 3631 litteris,
705 3553 819 3640 quibus
843 3552 1022 3621 declarabas
1048 3562 1101 3620 ant
1122 3556 1309 3623 omittendos
1330 3556 1514 3624 Narbonen-

198 3670 248 3716 ses
268 3656 412 3714 anteum
434 3644 576 3734 periculo
597 3646 827 3723 dimicandum,
848 3646 926 3713 illud
946 3647 1046 3733 magis
1070 3650 1174 3729 timui;
1197 3651 1283 3737 quod
1298 3651 1426 3717 vitatum
1449 3671 1514 3718 uon

199 3744 328 3810 moleste
356 3742 435 3809 iero.
489 3741 582 3819 Quod
610 3740 649 3807 de
676 3741 781 3806 Planci
813 3749 845 3807 et
877 3742 966 3808 Bruti
989 3743 1157 3809 eoncordia
1183 3744 1309 3821 scribis,
1341 3746 1373 3811 in
1402 3767 1442 3811 eo
1463 3746 1514 3812 vel

162 3837 368 3907 semaximam
399 3856 488 3921 spem
513 3854 598 3922 pono
628 3834 791 3903 victoriae.
846 3839 893 3900 De
928 3837 1093 3902 Gallorum
1120 3838 1224 3904 studio
1252 3858 1310 3904 nos
1342 3838 1514 3926 aliquando

199 3948 441 4013 cognoscemus,
477 3936 513 3994 ut
538 3927 667 4004 scribis,
703 3933 792 3995 cuius
818 3926 850 3993 id
878 3949 975 4016 opera
1006 3930 1142 3995 maxime
1169 3932 1338 3997 excitatum
1357 3933 1407 3999 sit
1451 3932 1514 3999 Sed

199 4022 277 4097 iam,
314 4020 522 4098 mihicrede,
554 4021 769 4109 cognovimus.
811 4027 919 4109 ltaque
934 4022 1165 4090 iucundissimis
1184 4025 1245 4090 tuis
1269 4025 1380 4092 litteris
1400 4036 1515 4092 stoma-

200 4115 308 4181 chatus
325 4137 394 4180 sum
413 4115 447 4180 in
473 4124 626 4180 extremo.
679 4112 801 4181 'Scribis
824 4116 923 4192 enim,
945 4115 972 4181 si
991 4121 1023 4181 iu
1045 4119 1193 4183 Sextilem
1217 4120 1359 4196 comitia,
1381 4121 1443 4185 cito
1466 4131 1513 4198 te;

200 4209 249 4275 siu
275 4208 336 4273 iam
361 4205 520 4283 coniecta,
549 4207 656 4285 citius,
678 4229 717 4273 ne
742 4207 858 4274 diutius
883 4229 954 4274 cum
974 4210 1115 4295 periculo
1141 4211 1245 4277 fatuus
1271 4212 1325 4278 sis.
1367 4217 1397 4278 2.
1421 4215 1447 4279 0
1469 4212 1515 4277 mi

163 4306 313 4377 nFurui,
347 4322 439 4388 quam
461 4309 496 4365 tu
513 4309 597 4365 tuam
618 4321 741 4390 causam
766 4321 829 4367 non
854 4301 955 4376 nosti,
993 4303 1048 4390 qni
1066 4303 1182 4370 alienas
1201 4315 1264 4370 tam
1284 4305 1375 4372 facile
1395 4305 1514 4372 discasl

201 4401 249 4464 Tu
280 4415 363 4462 nunc
390 4392 586 4458 madidatum
620 4400 650 4458 te
674 4402 765 4480 putas
787 4401 818 4459 et
841 4393 874 4459 id
904 4396 1038 4480 cogitas,
1065 4406 1102 4463 ut
1117 4406 1170 4463 aut
1190 4398 1231 4463 ad
1253 4399 1380 4466 comitia
1404 4419 1515 4466 curras

270 4614 298 4665 ³1.
316 4613 483 4663 nativitatem
500 4610 539 4663 bl.
562 4635 595 4649 -
619 4610 662 4662 1⁰.
680 4613 855 4678 sententiaque
872 4612 981 4665 Ambrr.
1001 4620 1064 4666 trae.
1084 4616 1157 4670 Part.
1177 4619 1391 4682 conscientiaque.
1411 4619 1462 4670 Oa.
1487 4644 1514 4655 -

202 4687 246 4736 11.
262 4682 469 4748 persequendum
486 4680 524 4733 bl.
554 4705 582 4718 -
622 4680 665 4731 13.
684 4682 807 4745 wentam
822 4682 865 4735 bl:
892 4685 997 4748 quando
1015 4685 1046 4736 E.
1066 4708 1097 4723 -
1132 4686 1176 4736 11.
1195 4686 1295 4751 aliquid
1310 4689 1451 4739 imminuat
1468 4688 1514 4740 lde

200 4758 340 4807 imminuat
365 4752 396 4801 ll.
415 4752 538 4802 Fertne
555 4751 619 4816 quid
634 4775 646 4787 ·
663 4775 675 4788 ·
690 4750 833 4815 auquando
849 4754 999 4804 imminuat.
1018 4755 1069 4807 Οι.
1099 4783 1131 4793 -
1167 4755 1211 4805 ⁴2³.
1230 4758 1341 4808 nonita
1357 4773 1454 4809 necesse
1471 4772 1516 4809 ar·

202 4825 321 4876 burabae
338 4822 382 4874 u:
401 4820 558 4872 arbitrabar
573 4834 629 4872 non
644 4821 684 4872 tta
700 4833 796 4874 necem
813 4822 845 4874 li.
876 4848 909 4860 ·-
946 4824 990 4875 33.
1009 4821 1089 4890 wad]
1108 4827 1156 4876 noe
1175 4826 1290 4877 Raetias.
1312 4851 1342 4865 -·
1378 4829 1422 4879 io.
1442 4836 1516 4880 tuan

202 4909 308 4947 masam
325 4894 369 4946 st:
388 4904 494 4943 maen
512 4896 585 4943 tuan
602 4889 635 4944 B.
