3256 5400
637 242 712 307 Llll.
732 245 802 310 ΧΠ.
843 244 903 309 ΕΡ.
925 243 977 308 lb.
1402 251 1466 316 219

142 421 222 491 que,
255 402 342 488 quod
362 420 434 465 cum
456 400 511 474 iis,
544 404 585 467 ld.
615 401 783 477 Marcello,
820 404 889 467 Ser.
912 401 1051 488 Sulpicio
1072 422 1153 470 ooss.
1173 414 1359 473 renovatum
1381 418 1464 488 erat3

143 515 209 583 quo
237 495 419 561 iuraverant
445 494 558 561 Rhodii
588 494 715 562 eosdem
744 495 851 562 bostes
879 513 913 560 se
940 494 1118 572 babituros,
1154 519 1235 584 quos
1257 504 1289 565 S.
1310 505 1343 567 Ρ.
1366 505 1405 580 Q.
1427 509 1463 569 ll.

145 595 235 671 Quae
256 611 308 657 res
328 609 387 655 nos
407 591 608 656 vehementer
629 590 747 656 seselis
790 597 921 656 Tantum
944 591 1028 656 enim
1050 591 1142 666 aluit,
1171 604 1206 659 ut
1227 593 1353 661 illorum
1374 615 1466 683 prae·

143 686 227 752 sidio
248 695 386 751 nostram
408 683 603 751 firmaremus
624 685 773 758 classem,
795 694 831 750 ut
852 685 984 750 etiam-a
1006 684 1137 750 Rhodiis
1151 685 1246 760 urbe,
1268 700 1380 775 portu,
1404 702 1466 758 sta-

142 780 245 854 tione,
267 799 348 865 quae
362 787 451 843 extra
463 777 574 843 urbem
588 789 649 853 est,
669 790 859 853 commeatu,
874 800 953 865 aqua
966 779 1100 864 denique
1112 779 1356 865 prohiberentur
1365 785 1489 850 nostris

142 873 271 946 milites,
287 893 345 937 nos
357 871 412 936 vix
422 872 481 958 ipsi
491 872 621 957 singulis
635 893 706 937 cum
716 873 879 957 navigiolis
893 873 1117 958 reciperemur.
1140 876 1241 950 Quam
1251 876 1465 962 indignitatem

142 966 451 1050 deminutionemque
480 967 649 1031 maiestatis
682 988 744 1033 non
772 967 874 1032 solum
902 967 981 1032 iuris
1010 968 1109 1031 nostri
1139 968 1193 1033 sed
1222 968 1314 1037 etiam
1339 972 1465 1057 imperii

142 1058 339 1148 populilque]
362 1059 493 1125 Romani
513 1059 632 1125 idcirco
654 1060 796 1133 tulimus,
819 1059 903 1144 quod
925 1061 1104 1147 interceptis
1125 1061 1236 1126 litteris
1257 1084 1466 1149 cognoramus

141 1154 349 1229 Dolabellam,
372 1154 399 1219 si
423 1154 620 1240 desperasset
642 1154 681 1219 de
704 1157 792 1241 Syria
808 1159 1029 1241 Aegyptoque,
1052 1154 1136 1240 quod
1154 1175 1282 1221 neeesse
1297 1168 1364 1222 erat
1384 1159 1463 1236 lieri,

141 1249 176 1314 iu
197 1269 292 1313 naves
319 1268 391 1313 cum
419 1248 564 1314 omnibus
593 1249 658 1314 suis
679 1246 854 1314 latronibus
879 1255 973 1333 atque
995 1248 1080 1313 omni
1101 1248 1233 1335 pecunia
1254 1252 1502 1327 conscenderem

142 1364 212 1408 esse
232 1353 375 1428 paratum
397 1342 580 1427 Italiamque
600 1353 722 1429 petere;
744 1340 863 1406 idcirco
885 1341 977 1405 etiam
1008 1361 1104 1406 naves
1125 1343 1307 1417 onerarias,
1330 1366 1464 1432 quarum

142 1437 247 1501 minor
273 1436 358 1502 nulla
385 1445 454 1502 erat
474 1435 571 1502 duum
592 1436 713 1501 milium
739 1435 943 1521 ampbortsm,
967 1446 1139 1501 contractas
1160 1435 1193 1501 in
1215 1439 1308 1526 Lycia
1329 1460 1348 1503 a
1369 1440 1466 1505 classe

142 1529 210 1595 eius
231 1529 380 1595 obsideri.
422 1536 452 1595 3.
474 1530 575 1595 Huius
596 1530 644 1594 rei
665 1534 794 1604 timore,
824 1539 929 1615 patres
951 1530 1132 1616 conscripti,
1155 1532 1312 1617 percitus,
1335 1532 1465 1599 iniurias

141 1624 264 1712 perpeti
286 1633 408 1689 etcum
429 1622 615 1690 contumelia
638 1628 730 1687 etiam
751 1630 858 1687 nostra
880 1623 984 1687 omnia
994 1623 1082 1709 prius
1104 1626 1243 1710 experiri
1257 1626 1363 1691 malui.
1405 1632 1466 1692 lta-

143 1739 205 1806 que
228 1717 267 1782 ad
288 1717 416 1783 illorum
437 1718 629 1784 voluntatem
650 1715 847 1781 introductus
874 1715 906 1780 in
928 1715 1040 1782 urbem
1062 1727 1093 1783 et
1117 1716 1149 1783 io
1170 1727 1312 1784 senatum
1334 1741 1503 1796 eorum‚rs

143 1832 236 1899 quam
258 1810 493 1895 diligentissime
515 1810 620 1897 potui,
643 1829 768 1875 causam
790 1808 996 1895 reipublicae
1021 1810 1087 1895 egi,
1109 1812 1346 1898 periculumque
1361 1834 1464 1887 omne,

143 1905 229 1993 quod
249 1905 401 1979 instaret,
429 1904 456 1970 si
486 1905 538 1969 ille
560 1906 640 1970 latro
661 1924 733 1968 cum
755 1903 820 1968 suis
848 1902 994 1970 omnibus
1016 1925 1110 1969 naves
1131 1905 1378 1979 conscendisset,
1409 1928 1465 1971 ex·

141 1999 245 2087 posui.
288 1998 427 2066 Rhodios
449 2008 552 2065 autem
568 2008 651 2065 taum
665 1998 698 2063 in
713 1996 865 2082 pravitate
880 1996 1101 2072 animadverti,
1123 2007 1158 2064 ut
1180 2019 1288 2064 omnes
1310 1999 1466 2065 firmiores

142 2101 288 2182 putarent
316 2113 409 2180 quam
438 2091 554 2170 bonos;
590 2100 625 2157 ut
653 2091 732 2156 banc
757 2090 957 2156 concordiam
986 2101 1017 2157 et
1039 2092 1303 2178 conspirationem
1324 2093 1464 2158 omnium

143 2184 289 2256 ordinum
311 2185 350 2250 ad
371 2185 596 2251 defendendam
617 2184 792 2251 libertatem
806 2206 963 2271 propense
983 2206 1047 2252 non
1069 2186 1234 2252 crederent
1247 2207 1316 2252 esse
1332 2187 1502 2267 lactamus

142 2291 179 2348 nt
198 2279 379 2367 patientiam
411 2287 536 2344 senatus
569 2288 601 2343 et
620 2278 732 2364 optimi
754 2279 906 2365 cuiusque
928 2299 1055 2343 manere
1077 2280 1253 2345 etiamnunc
1273 2280 1467 2347 confiderent

143 2395 201 2440 neo
222 2374 361 2460 potuisse
382 2372 499 2438 audere
521 2393 710 2459 quemquam
731 2371 923 2438 Dolabellam
953 2372 1074 2437 bostem
1096 2372 1251 2451 iudieare;
1272 2383 1307 2440 ut
1328 2374 1465 2462 denique

145 2469 266 2542 omnia,
289 2487 368 2554 quae
390 2464 529 2553 improbi
550 2465 720 2551 fingebant,
742 2467 841 2551 magis
862 2486 938 2531 vera
960 2466 1174 2532 existimarent
1189 2488 1282 2554 quam
1294 2488 1374 2555 quae
1388 2489 1464 2534 vere

142 2562 224 2629 facta
256 2569 346 2626 erant
373 2570 405 2625 et
439 2559 576 2626 anobis
597 2559 799 2625 docebantur.
841 2563 873 2624 t.
896 2561 966 2636 Qua
987 2568 1092 2625 mente
1114 2559 1208 2624 etiam
1229 2570 1299 2626 ante
1320 2572 1465 2628 nostrum

143 2658 310 2725 adventum
331 2665 403 2743 post
422 2654 572 2720 Trebonii
593 2652 839 2738 indignissimam
862 2652 990 2718 caedem
1011 2662 1176 2738 ceteraque
1197 2663 1244 2719 tot
1265 2664 1390 2739 musque
1411 2677 1502 2721 uass

142 2751 222 2819 laria
243 2749 382 2815 facinora
402 2747 495 2813 binae
516 2747 676 2834 proiectae
704 2755 793 2811 erant
813 2745 853 2810 ad
872 2745 1065 2812 Dolabellam
1086 2746 1257 2831 legationes
1278 2768 1405 2821 eorum,
1435 2757 1467 2814 et

143 2844 270 2933 quidem
291 2861 376 2907 noro
397 2842 557 2928 exemplo,
579 2851 688 2906 eontra
710 2840 794 2924 leges
809 2840 971 2926 ipsorum,
992 2839 1230 2926 prohibentibus
1244 2841 1300 2916 iis,
1323 2842 1378 2928 qui
1398 2849 1465 2907 tum

143 2938 341 3024 magistratus
362 2934 521 3020 gerebant.
576 2938 678 3010 Haeo,
712 2933 779 2998 sive
800 2933 916 2999 timore
942 2972 985 2984 -
1016 2943 1052 2998 ut
1073 2933 1212 3000 dictitant
1234 2970 1273 2983 -
1303 2934 1344 3000 de
1365 2935 1464 3021 agris,

144 3051 224 3119 quos
245 3030 278 3095 in
299 3028 470 3095 continenti
492 3026 622 3101 babent,
659 3027 723 3093 sive
744 3025 873 3099 lurore,
902 3025 969 3091 sire
990 3026 1178 3113 †patientia
1198 3048 1387 3114 paucorum,
1410 3029 1466 3116 qui

143 3135 176 3192 et
196 3132 287 3191 antea
306 3123 375 3210 pari
395 3121 582 3188 contumelia
614 3121 701 3186 viros
732 3119 922 3186 clarissimos
950 3118 1120 3186 affecerant
1147 3129 1178 3185 et
1205 3141 1288 3186 nunc
1309 3123 1502 3189 maximosso

144 3219 342 3304 magistratus
363 3226 507 3302 gerentes
527 3215 614 3281 nullo
633 3214 778 3300 exemplo
799 3234 902 3301 neque
923 3223 1031 3280 nostra
1051 3224 1210 3301 exparte,
1232 3234 1335 3300 neque
1356 3224 1466 3281 nostro

143 3311 369 3402 praesentium,
392 3331 494 3397 neque
523 3308 698 3374 imminenti
726 3308 832 3372 ltaliae
867 3306 1004 3395 urbique
1025 3318 1152 3373 nostrae
1173 3308 1332 3394 periculo,
1365 3310 1392 3374 si
1412 3310 1465 3375 ille

142 3406 300 3496 parricida
321 3426 392 3471 cum
414 3404 478 3470 suis
499 3402 687 3478 latronibus,
717 3400 865 3476 navibus,
888 3422 929 3465 ex
949 3400 1023 3466 Asia
1045 3402 1197 3489 Syriaque
1219 3401 1383 3486 expulsus,
1405 3407 1465 3468 lta·

143 3502 217 3569 bam
237 3500 380 3587 petisset,
403 3497 614 3563 medericum
636 3495 727 3561 lacile
748 3502 888 3581 possent,
911 3494 1091 3559 voluerunt
1134 3500 1164 3561 5.
1187 3496 1349 3561 Nonnullis
1370 3497 1463 3561 etiam

143 3593 205 3681 ipsi
236 3593 435 3678 magistratus
463 3589 629 3655 veniebant
659 3589 692 3653 in
719 3587 930 3672 suspicionem
963 3586 1133 3653 detinuisse
1168 3608 1226 3654 nos
1256 3598 1287 3653 et
1309 3588 1500 3656 demoratiss

143 3707 230 3761 esse,
267 3686 342 3753 dum
371 3684 478 3751 classis
505 3682 686 3750 Dolabellae
712 3681 830 3746 certior
856 3680 947 3745 tieret
974 3679 1014 3747 de
1042 3680 1178 3746 adventu
1199 3689 1318 3747 nostro.
1362 3686 1466 3761 Quam

144 3780 354 3867 suspicionem
374 3786 560 3849 consecutae
593 3798 646 3842 res
676 3776 795 3862 aliquot
821 3784 992 3853 auxeruut3
1025 3774 1161 3839 maxime
1189 3774 1274 3860 quod
1296 3775 1400 3843 subito
1423 3798 1464 3843 ex

144 3874 240 3964 Lycia
270 3877 343 3939 Sex.
372 3872 489 3939 Marius
519 3880 551 3936 et
577 3874 610 3938 C.
632 3869 746 3945 Titius,
767 3868 861 3952 legati
882 3866 1077 3944 Dolabellae,
1099 3889 1117 3932 a
1139 3869 1235 3934 classe
1257 3868 1466 3938 discesserunt

145 3968 279 4054 navique
305 3966 397 4051 longa
428 3964 637 4051 profugerunt
668 3962 822 4028 onerariis
842 3962 974 4037 relictis,
1002 3962 1035 4027 in
1063 3961 1177 4049 quibus
1198 3961 1380 4047 colligendis
1400 3985 1464 4031 nou

144 4061 308 4126 minimum
335 4059 486 4146 temporis
518 4057 700 4143 laborisque
731 4064 997 4142 consumpserant.
1053 4059 1162 4142 ltaque
1193 4075 1265 4121 cum
1292 4054 1331 4120 ab
1353 4057 1502 4128 Rhodoso

216 4263 243 4314 t.
269 4263 303 4313 tta
321 4261 425 4312 attus:
456 4252 496 4310 dte
512 4260 572 4311 ΜΕ.
594 4282 625 4296 ·-
643 4271 708 4310 coss.
728 4271 783 4308 oro.
802 4256 841 4307 ld.
873 4280 903 4293 -
940 4255 967 4306 3.
985 4256 1070 4321 obtuta
1088 4255 1119 4306 ll.
1138 4275 1172 4291 -
1207 4255 1235 4305 7.
1253 4253 1465 4303 aestuationem·

145 4348 193 4399 que
209 4334 356 4383 maiestatis
372 4347 427 4382 noo
442 4332 525 4381 sotum
543 4332 609 4380 turta
626 4331 710 4380 nostra·
728 4329 771 4378 sed
788 4328 869 4376 ettam
885 4327 989 4389 imperit
1004 4327 1147 4390 populique
1158 4325 1271 4376 ltomoot
1288 4323 1334 4373 bl:
1352 4322 1465 4370 dimisso·

146 4406 305 4468 tionemqus,
333 4417 388 4451 noo
404 4402 486 4451 solam
503 4402 569 4451 lustr
586 4401 686 4460 nostrl,
710 4399 754 4448 ssd
781 4399 862 4446 ettam
888 4399 1035 4447 molestetis
1059 4397 1209 4459 impes-tique
1233 4393 1326 4457 popula·
1352 4391 1465 4441 Romani

145 4474 177 4525 Ε.
205 4471 265 4537 (qus
288 4471 354 4523 secl.
383 4469 523 4534 Oretltus.)
556 4493 587 4506 -
630 4471 657 4520 s.
677 4468 847 4534 oeqppttoqus
864 4467 903 4517 bl.
933 4489 963 4500 -
1000 4465 1044 4516 17.
1063 4468 1116 4516 rob
1134 4465 1250 4515 omotbus
1267 4464 1310 4514 ld:
1347 4461 1465 4511 onmtous

144 4546 198 4594 suls
216 4544 246 4593 Ε.
269 4566 297 4578 -
318 4542 361 4592 18.
381 4549 458 4592 touta
474 4543 610 4604 pravitate
628 4541 650 4590 ll
667 4545 694 4590 et
711 4538 773 4588 cod.
793 4535 879 4600 Lipn,
899 4543 977 4587 tuoto
993 4537 1194 4599 importunitate
1210 4532 1324 4584 Dresdd.
1344 4531 1370 4580 1.
1384 4531 1410 4579 3.
1431 4551 1463 4564 -

144 4615 190 4664 27.
208 4615 248 4663 leta
267 4613 306 4664 ld.
326 4639 358 4649 -
393 4613 437 4662 ts.
458 4614 576 4661 timorem
592 4610 628 4660 bl.
651 4633 681 4645 -
717 4609 761 4658 29.
779 4608 912 4669 pottmtto
929 4607 975 4658 M:
1003 4607 1123 4670 poteratis
1140 4618 1203 4654 eum
1222 4603 1334 4666 lignatio
1353 4600 1390 4655 Ε.
1416 4600 1465 4647 tm·

143 4684 264 4748 potentio
293 4683 408 4732 Ascens.
437 4696 477 4745 pr.
509 4681 580 4745 quod
606 4680 700 4744 probat
727 4676 856 4728 Orellins.
885 4700 916 4712 -
952 4676 997 4726 31.
1027 4683 1121 4726 nostro
1139 4674 1184 4727 lat:
1203 4682 1291 4724 oestro
1308 4683 1370 4720 euro
1390 4669 1411 4718 l.
1431 4668 1462 4716 F.

146 4750 284 4804 Gronovio
302 4753 332 4802 E.
351 4777 386 4787 —
403 4752 448 4801 32.
463 4753 640 4815 preamium
656 4749 703 4799 bl:
721 4748 856 4811 procreat
873 4745 1022 4797 Ernestlus.
1044 4769 1075 4803 ,-
1093 4745 1138 4796 at.
1156 4745 1293 4794 coluerant
1312 4742 1366 4791 duo
1383 4737 1463 4788 codd.

145 4823 280 4883 Mauorti,
311 4822 372 4873 cod.
391 4822 517 4884 ungues.
536 4827 563 4872 et
581 4819 747 4872 Cmtaadarz
776 4817 916 4868 miserant
933 4815 994 4869 ΜΕ.
1026 4838 1057 4853 -
1093 4815 1138 4867 ss.
1156 4815 1306 4865 mosmos
1321 4808 1462 4862 Goellerb.

147 4908 190 4959 pr.
208 4920 242 4930 -
276 4893 322 4944 tt).
340 4898 552 4956 sonmmpseruot
569 4891 608 4942 Μ.
