3256 5400
660 217 718 280 ΕΡ.
739 217 791 278 ΑΙ)
814 217 984 280 ATTlCUld

640 412 703 472 m.
746 408 794 491 (A.
822 412 854 473 u.
877 412 908 474 c.
931 411 1014 493 aaa.)

642 541 784 607 CICERO
806 541 950 605 ATTICO
973 542 1004 604 S.

250 662 341 750 Apud
372 671 504 727 matrem
535 671 620 727 recte
649 671 711 736 cst,
748 682 847 747 caque
874 658 966 725 nobis
993 680 1087 726 curae
1116 673 1172 728 est.
1228 669 1263 736 l..
1289 667 1396 734 Cincio
1418 671 1490 733 HJS.

167 779 271 826 nou.
293 755 440 822 constitui
462 776 512 820 me
534 763 714 821 curaturum
737 753 843 819 ldibus
865 751 1055 819 Februariis.
1112 761 1172 830 Tu,
1203 759 1311 833 velim,
1333 782 1385 833 ea,
1408 784 1489 848 quaa

144 851 257 918 snobis
284 849 394 915 emisse
424 857 455 914 et
482 870 608 934 parasse
635 848 760 922 scribis,
790 847 845 912 des
867 867 1013 932 operam,
1046 857 1197 936 utquam
1219 853 1354 936 primum
1376 854 1490 919 habea-

166 966 251 1022 mus;
282 952 313 1008 et
339 943 433 1008 velim
461 943 595 1027 cogites,
624 942 656 1007 id
683 941 768 1029 quod
789 941 866 1005 mihi
887 940 1045 1025 pollicitus
1068 964 1120 1016 es,
1155 946 1420 1030 quemadmodum
1442 949 1489 1013 bi-

165 1036 352 1102 bliothecam
380 1035 471 1101 nobis
499 1035 653 1101 conficere
681 1040 793 1122 possis.
851 1037 984 1099 Omnem
1006 1056 1093 1121 spem
1115 1035 1327 1104 delectationis
1349 1052 1488 1114 nostrae,

166 1152 273 1217 quam,
295 1150 366 1196 cum
388 1135 420 1195 in
442 1130 541 1195 ouum
562 1130 755 1204 venerimus,
778 1128 894 1193 babere
917 1128 1078 1205 volumus,
1100 1131 1134 1195 in
1155 1140 1208 1196 tua
1229 1131 1417 1200 humanitate
1431 1158 1488 1222 po·

166 1225 256 1290 sitam
277 1222 438 1289 babemus.

131 1405 156 1444 ι.
633 1376 712 1439 mn.
755 1371 804 1458 (l.
829 1376 861 1438 u.
888 1377 919 1438 c
943 1374 1026 1459 aar)

647 1506 789 1570 cronno
810 1506 955 1570 arrico
978 1508 1010 1569 s

252 1637 279 1695 1.
308 1627 398 1714 apud
426 1635 457 1690 te
486 1634 549 1702 est,
579 1634 615 1690 ut
642 1626 796 1692 volumus.
852 1630 953 1691 Mater
980 1633 1033 1691 tua
1061 1636 1093 1690 et
1119 1648 1213 1694 soror
1234 1652 1251 1694 a
1273 1651 1324 1695 me
1354 1633 1486 1710 Quinto-

165 1747 227 1814 que
253 1725 350 1789 lratre
377 1721 525 1806 diligitur.
579 1724 654 1786 Cum
684 1719 817 1785 Acutilio
844 1741 914 1785 sum
941 1720 1075 1785 locutus.
1127 1725 1157 1786 ls
1185 1722 1246 1787 sibi
1273 1735 1365 1810 negat
1386 1747 1403 1791 a
1425 1749 1484 1793 suo

165 1827 369 1907 procuratore
407 1815 575 1901 quidquam
605 1813 754 1900 scriplum
789 1834 857 1879 esse
889 1824 921 1878 et
952 1814 1086 1879 miratur
1114 1815 1207 1882 istam
1239 1822 1487 1886 controversiam

129 1914 277 1988 aluisse,
309 1905 393 1997 quod
420 1909 471 1974 ille
498 1917 658 1974 recusaret
686 1907 836 1972 satisdare
863 1905 995 1991 amplius
1023 1905 1079 1972 abs
1106 1916 1137 1972 te
1164 1930 1228 1974 non
1258 1914 1333 1996 peti.
1392 1916 1486 1993 Quod

164 2017 196 2073 te
223 2006 262 2071 de
283 2004 419 2071 Tadiano
447 2001 575 2086 negotio
604 2000 756 2066 decidisse
783 1999 909 2074 scribis,
945 1998 978 2063 id
1005 2020 1065 2085 ego
1088 2000 1184 2067 Tadio
1211 2012 1243 2068 ct
1272 2015 1393 2090 gratum
1416 2031 1485 2074 essa

164 2098 304 2167 intellexi
332 2108 363 2162 et
380 2115 503 2180 ¹magno
525 2115 623 2181 opere
644 2095 824 2161 iucundum.
866 2094 922 2159 llle
943 2103 1051 2159 noster
1073 2096 1204 2172 amicus,
1236 2100 1286 2164 vir
1306 2102 1485 2168 mehercrde

164 2194 301 2281 optimus
330 2200 361 2256 et
388 2189 465 2254 mibi
492 2188 712 2261 amicissimus,
746 2208 819 2254 sane
848 2187 905 2252 tibi
926 2188 1025 2253 iratus
1046 2198 1103 2259 est.
1153 2193 1236 2267 Hoc,
1259 2193 1301 2268 si,
1324 2196 1487 2283 quantita

163 2289 322 2362 aestimes,
352 2285 464 2358 sciam,
493 2293 576 2358 tum,
605 2281 680 2369 quid
701 2280 778 2346 mibi
801 2280 1024 2346 elaborandum
1047 2283 1102 2357 sit,
1125 2284 1206 2348 scire
1227 2288 1356 2372 possim.
1399 2295 1428 2353 2.
1450 2294 1485 2354 L.

126 2382 271 2450 nCincio
298 2383 368 2446 HS.
400 2394 495 2444 ccmo
527 2393 622 2441 ccmo
653 2394 745 2444 cccc.
765 2394 825 2459 pro
848 2374 943 2460 signis
965 2376 1144 2460 Megaricis,
1167 2387 1257 2444 uttu
1279 2380 1389 2447 adme
1411 2383 1489 2447 scri-

163 2496 285 2561 pseras,
317 2476 434 2538 curavi.
490 2475 626 2534 ¹Hermae
654 2469 700 2534 tui
721 2468 870 2533 Pentelici
896 2489 967 2533 cum
989 2469 1139 2555 capitibus
1161 2473 1280 2548 aeneis,
1311 2474 1487 2562 dequibus

164 2569 203 2634 ad
231 2590 281 2632 me
312 2564 478 2651 scripsisti,
511 2565 572 2629 iam
594 2585 676 2629 nunc
697 2584 747 2627 me
769 2561 938 2627 admodum
967 2561 1129 2630 delectant.
1189 2571 1294 2643 Quare
1316 2570 1423 2645 velim,
1456 2578 1488 2634 et

165 2685 220 2729 eos
248 2671 280 2726 et
307 2661 394 2744 signa
416 2670 447 2723 et
467 2669 585 2733 cetera,
614 2679 694 2745 quae
722 2657 780 2722 tibi
808 2657 875 2721 eius
896 2656 956 2720 loci
986 2665 1017 2721 et
1038 2658 1138 2723 nostri
1159 2659 1254 2725 studii
1276 2671 1307 2726 et
1327 2672 1399 2729 tuae
1421 2666 1485 2729 ele-

164 2756 287 2843 gantiae
319 2774 387 2819 esse
420 2751 632 2827 videbuntur,
668 2772 761 2838 quam
793 2750 927 2836 plurima
960 2770 1053 2834 quam
1086 2752 1286 2841 primumque
1319 2762 1422 2823 mittas
1454 2768 1486 2823 et

125 2851 317 2924 asmarime,
348 2855 427 2932 quae
449 2846 505 2912 tibi
528 2846 679 2935 gymnasii
708 2846 852 2933 xystique
874 2842 1065 2910 videbuntur
1086 2867 1163 2911 esse.
1220 2853 1297 2913 Nam
1317 2850 1350 2915 in
1372 2873 1411 2916 eo
1433 2871 1485 2936 ge·

163 2965 239 3010 uere
262 2943 306 3008 sic
328 2941 431 3007 studio
454 2941 632 3012 ellerimur,
655 2949 690 3004 ut
711 2938 766 3003 abs
787 2947 817 3002 te
839 2936 1020 3012 adiuvandi,
1043 2937 1082 3002 ab
1105 2940 1173 3004 aliis
1194 2961 1294 3027 prope
1315 2945 1486 3031 reprehen.

163 3037 257 3103 dendi
285 3036 392 3100 simus.
449 3034 482 3098 Si
502 3033 624 3097 Lentuli
652 3033 740 3097 navis
770 3053 832 3097 non
856 3036 929 3105 erit,
966 3052 1030 3118 quo
1052 3031 1109 3098 tibi
1130 3034 1283 3120 placebit,
1321 3036 1485 3123 imponito.

162 3136 193 3197 3.
215 3129 364 3203 Tulliola,
387 3127 548 3192 deliciolae
570 3135 710 3200 nostrae,
733 3136 821 3190 tuum
842 3125 1060 3191 munusculum
1082 3125 1199 3212 flagitat
1220 3139 1252 3194 ot
1272 3151 1323 3195 me
1343 3141 1378 3196 ut
1392 3153 1486 3217 spon-

162 3244 267 3290 sorem
290 3222 434 3309 appollat.
477 3222 520 3287 Μί
540 3231 642 3286 autem
666 3219 812 3284 abiurare
834 3219 949 3284 certius
971 3228 1018 3284 est
1038 3241 1131 3307 quam
1154 3220 1341 3308 dependere.

123 3416 151 3454 ‚,
640 3339 695 3435 rr.
738 3371 789 3450 (l.
815 3372 847 3434 u.
870 3373 901 3434 c.
925 3370 1008 3454 aar.)

645 3503 787 3568 crunno
810 3503 953 3567 ATTICO
976 3505 1008 3567 S.

246 3635 275 3694 1.
307 3628 442 3694 Nimium
470 3646 545 3691 raro
574 3622 667 3688 nobis
695 3621 751 3687 abs
782 3632 813 3686 te
841 3623 961 3687 litterae
993 3623 1183 3699 afferuntur,
1221 3648 1290 3692 cunr
1324 3639 1354 3693 et
1386 3630 1484 3695 multo

160 3734 195 3788 tu
223 3723 344 3788 laoilius
372 3722 528 3808 reperias,
562 3718 616 3805 qui
644 3723 773 3783 Romam
803 3715 1056 3800 proficiscantur,
1091 3741 1183 3805 quam
1205 3742 1281 3806 ego,
1316 3723 1369 3807 qui
1390 3723 1483 3788 Albe-

160 3840 236 3893 nas,
273 3826 303 3881 et
329 3816 444 3881 certius
475 3813 532 3879 tibi
560 3813 600 3878 sit
625 3832 676 3876 me
704 3830 773 3874 esse
801 3814 917 3876 Itomae
947 3832 1041 3896 quam
1068 3812 1143 3877 mibi
1173 3823 1202 3878 te
1230 3815 1368 3881 Athenis.
1424 3821 1484 3881 lta-

121 3932 223 3998 ssque
254 3920 383 3996 propter
409 3909 487 3973 hanc
517 3904 740 3972 dubitationem
769 3925 871 3968 meam
899 3902 1028 3969 brevior
1053 3906 1129 3971 baec
1157 3907 1223 3992 ipsa
1256 3908 1385 3992 epistola
1419 3919 1478 3985 est,

161 4003 263 4091 quod,
292 4024 363 4068 cum
390 4002 527 4067 incertus
556 4019 673 4073 essem,
699 3994 755 4061 ubi
776 4017 876 4072 esses,
909 3997 1054 4063 nolebam
1081 3999 1168 4095 illum
1189 4010 1330 4067 nostrum
1352 4003 1484 4068 familia·

159 4120 229 4164 rem
251 4117 431 4163 sermonem
451 4096 484 4160 iu
505 4093 622 4158 alienas
643 4110 753 4154 manus
775 4088 933 4155 devenire.
990 4095 1020 4156 2.
1043 4093 1137 4178 Signa
1162 4095 1317 4179 Megarica
1345 4108 1376 4163 ot
1403 4102 1484 4161 Her-

239 4319 266 4367 3.
286 4316 433 4380 Epistolam
452 4315 478 4363 7.
500 4326 562 4363 eum
582 4309 754 4376 praecedenti
773 4309 889 4371 iungunt
911 4310 984 4360 llllll.
1017 4336 1047 4346 -
1090 4314 1124 4363 cl.
1144 4316 1225 4364 cinero
1244 4316 1281 4366 Μ.
1312 4342 1346 4350 -
1389 4317 1416 4367 9,
1437 4319 1483 4367 Μ.

159 4389 261 4438 beamine
279 4401 334 4449 mg.
354 4387 392 4435 Μ.
411 4411 439 4421 -
479 4385 521 4434 15.
540 4386 669 4432 recusaret
688 4379 842 4428 Ernestius:
863 4387 997 4430 recusarat
1014 4382 1094 4443 mal,
1114 4387 1242 4434 recusarit
1259 4386 1289 4435 Ε.
1326 4385 1381 4436 Clr.
1403 4387 1482 4436 lland

158 4459 237 4508 Tura.
258 4459 279 4506 1.
301 4473 327 4520 p.
349 4457 409 4506 293.
439 4480 467 4491 -
504 4449 805 4502 antiadnreErneslius:
824 4450 951 4499 satisdare·
968 4451 1043 4502 Mul.
1072 4479 1099 4489 -
1137 4457 1204 4517 petit
1223 4456 1267 4504 lu.
1299 4480 1327 4491 -
1366 4456 1409 4506 13,
1430 4458 1483 4507 cst.

156 4529 237 4579 diuno
255 4528 277 4577 l.
298 4553 330 4563 —
365 4527 503 4587 decepisses
521 4536 561 4587 pr.
581 4520 623 4582 Μ,
641 4520 766 4582 decepisse
784 4519 833 4579 lll,
853 4520 986 4582 decipiam
1004 4535 1074 4571 corr.
1093 4523 1131 4574 Μ.
1156 4551 1184 4560 -
1225 4527 1306 4575 Cadio
1325 4527 1347 4577 1.
1369 4553 1397 4563 ·-
1437 4529 1481 4576 l'l.

157 4606 182 4649 el
198 4598 337 4646 mehercule
354 4598 396 4644 uir
414 4595 436 4643 l.
470 4618 500 4630 -
537 4591 581 4643 18.
601 4598 630 4641 tu
655 4603 709 4640 om.
735 4589 757 4640 l.
790 4615 819 4625 -
859 4590 903 4638 22.
922 4604 961 4639 me
987 4597 1049 4640 ante
1076 4593 1217 4644 admodum
1235 4610 1289 4645 om.
1311 4596 1332 4646 l.
1369 4623 1398 4633 -
1436 4597 1480 4647 21.

156 4669 412 4731 quomqueprimum
430 4666 463 4713 R.
496 4687 525 4698 -—
564 4661 694 4711 elmlttur
712 4660 734 4710 l.
766 4685 798 4694 -
834 4659 878 4708 25.
897 4659 1053 4710 uidebuntur
1071 4677 1111 4726 pr.
1131 4664 1169 4714 Μ.
1203 4691 1232 4701 -
1271 4662 1310 4727 eo]
1330 4667 1376 4715 noc
1395 4667 1417 4715 Ι,
1451 4691 1479 4702 ..

156 4736 378 4787 adducendam
412 4759 440 4769 -
479 4733 523 4782 27.
543 4731 647 4783 etsil.
680 4752 710 4766 -
746 4727 899 4794 qoodllet
916 4744 957 4793 pr.
977 4730 1014 4780 M.
1048 4756 1078 4766 -
1115 4734 1157 4782 28.
1178 4736 1324 4787 deliciuel.
1355 4758 1389 4772 -
1436 4737 1480 4786 29.

156 4807 194 4857 Mi
217 4808 260 4857 M:
289 4806 355 4859 Mitt
376 4803 444 4854 lllll.
476 4826 507 4836 -
553 4802 596 4852 Sl.
621 4801 697 4865 idque
714 4799 753 4856 Μ.
788 4798 896 4864 ideaque
923 4799 955 4849 n.
993 4801 1097 4867 (itaque
1125 4817 1179 4866 mg.
1210 4807 1266 4861 Μ.)
1300 4832 1325 4843 -
1372 4806 1416 4856 37,
1447 4807 1482 4857 Er

155 4880 233 4942 alono
254 4879 274 4927 l.
