3256 5400
177 267 241 333 436
666 265 726 330 ΕΡ.
747 267 799 329 ΑΙ)
821 265 994 329 sculcula

177 447 261 502 mus,
288 424 321 490 in
348 444 413 510 quo
443 444 494 489 res
523 421 759 498 dijudicabitur,
788 431 841 487 ant
869 421 907 486 ad
935 429 965 484 te
995 418 1153 485 conteram
1176 440 1226 484 me
1248 427 1301 485 aut
1322 418 1500 484 etiamnunc

123 583 125 586 .
176 521 295 587 circum
315 518 392 584 baec
412 517 480 582 loca
506 515 739 582 commorabor.
796 523 826 585 3.
850 513 965 580 Scribit
985 514 1024 579 ad
1047 536 1096 579 me
1118 513 1215 579 irater
1237 515 1341 580 omnin
1363 535 1418 579 sua
1440 534 1499 599 per

177 627 207 681 te
234 633 329 680 unum
358 609 514 677 sustineri.
558 609 641 687 Quid
664 617 694 674 tc
715 619 769 674 aut
793 609 919 685 horter,
942 606 1026 693 quod
1047 606 1147 672 facist
1180 616 1233 671 aut
1254 628 1343 692 agam
1365 607 1497 692 gratias,

176 707 260 795 qnod
281 726 345 771 non
366 708 548 789 exspectas?
570 707 702 767 Tantum
724 702 818 766 velim
840 700 965 766 lortuna
986 699 1040 765 det
1061 699 1151 765 nobis
1171 711 1372 786 potestatem,
1394 710 1430 766 ut
1452 700 1499 764 in-

154 801 314 867 scolumes
335 818 443 863 amore
464 807 572 863 nostro
593 794 803 882 perfruamur.
847 800 928 860 Tuas
950 794 1068 859 litteras
1089 815 1214 880 semper
1236 793 1370 859 maxime
1386 814 1498 878 exspe-

174 904 240 971 cto;
268 893 300 959 in
318 890 432 980 quibus
448 912 523 956 cave
544 889 669 963 vereri,
691 911 730 953 ne
744 897 797 953 aut
815 887 975 973 diligentia
996 897 1049 954 tua
1071 888 1148 953 mibi
1162 888 1291 954 molesta
1306 898 1358 955 aut
1380 889 1497 954 veritas

173 986 287 1054 acerba
307 987 357 1052 sit.
400 991 478 1050 Data
499 983 580 1071 prid.
602 988 681 1049 Non.
703 979 879 1068 septembr.

619 1125 733 1188 xcrn.
775 1121 825 1203 (A.
851 1126 883 1188 c.
906 1125 939 1188 c.
960 1126 1047 1210 cos.)

652 1247 793 1312 CICERO
815 1247 960 1311 ATTICO
984 1249 1015 1311 S.

138 1394 163 1433 m
259 1360 574 1447 campiductorem
596 1356 687 1423 nobis
708 1378 772 1422 non
793 1377 921 1442 parvam
942 1357 1110 1433 attuleras,
1132 1379 1203 1424 cum
1225 1357 1394 1445 scripseras
1416 1365 1494 1424 Var-

65 1510 69 1518 .
171 1479 282 1525 runem
309 1456 365 1522 tibi
390 1476 450 1542 pro
480 1453 614 1519 amicitia
643 1450 843 1516 confirmasse
871 1472 995 1517 causam
1025 1463 1163 1518 nostram
1193 1452 1374 1537 Pompeium
1408 1461 1494 1517 certe

171 1561 408 1639 suscepturum,
443 1558 490 1622 et,
523 1546 655 1612 simula
677 1548 809 1612 Caesare
831 1545 861 1610 ei
883 1546 1020 1620 litterae,
1051 1569 1127 1633 qnas
1150 1555 1360 1633 exspectaret,
1383 1547 1495 1612 remis-

171 1666 223 1711 sae
246 1651 366 1719 essent,
398 1651 536 1707 actorem
558 1641 651 1706 etiam
673 1638 829 1704 daturum.
872 1643 979 1705 Utrum
1002 1639 1033 1705 id
1055 1639 1132 1704 nihil
1154 1639 1227 1714 luit,
1249 1662 1288 1704 an
1311 1639 1494 1705 adversatae

170 1748 242 1805 sunt
263 1738 403 1806 Caesaris
424 1736 569 1801 litterae?
591 1756 630 1799 an
651 1743 698 1799 est
718 1733 835 1821 aliquid
856 1733 889 1798 in
910 1739 986 1820 spel
1007 1734 1107 1799 Etiam
1128 1734 1203 1799 illud
1225 1733 1393 1818 scripseras
1416 1731 1494 1799 enn-

135 1833 240 1900 rsdem
270 1828 468 1908 „secundnm
495 1828 645 1894 comitia”
675 1827 802 1893 dixisse
845 1831 875 1892 2.
896 1832 957 1892 Fac
981 1863 1019 1874 -
1042 1827 1069 1892 si
1090 1827 1194 1901 vides,
1227 1829 1349 1914 quantis
1372 1829 1404 1893 in
1426 1851 1491 1895 ma·

168 1926 207 1993 lis
234 1927 364 2000 iaceam,
397 1934 429 1988 et
457 1923 484 1988 si
506 1934 596 2009 putas
618 1943 687 1987 esso
708 1921 906 1987 humanitatis
928 1931 999 1986 tuae
1020 1962 1078 1996 —,
1112 1943 1161 1986 me
1182 1921 1230 1985 lae
1251 1921 1291 1986 dc
1313 1932 1376 1988 tota
1397 1945 1492 1990 cansa

168 2029 275 2087 nostra
297 2019 474 2084 certiorem.
525 2021 599 2081 Nam
624 2015 757 2093 Quintus
778 2013 891 2089 irater,
914 2016 1009 2081 homo
1029 2015 1145 2089 mirus,
1167 2014 1220 2099 qui
1243 2037 1293 2079 me
1316 2026 1378 2081 tam
1400 2019 1491 2084 valde

168 2125 271 2189 amat,
294 2111 399 2179 omnia
420 2109 514 2175 mittit
535 2109 602 2196 spei
623 2109 730 2195 plena,
752 2118 908 2184 metuens,
935 2109 1046 2186 credo,
1069 2109 1276 2175 delectionem
1298 2110 1393 2174 animi
1415 2112 1488 2179 mei.

168 2212 253 2273 Tuae
283 2216 385 2272 autem
413 2204 534 2270 litterae
562 2213 633 2269 sunt
653 2200 759 2268 variae
766 2224 775 2280 ;
804 2203 1011 2289 nequeenim
1033 2224 1084 2268 me
1105 2201 1274 2288 desperare
1297 2203 1343 2268 vis
1364 2226 1421 2294 nec
1445 2216 1490 2270 tc-

130 2320 255 2374 ...mere
275 2319 414 2385 sperare.
455 2302 531 2374 Tac,
553 2295 687 2363 obsecro
707 2308 756 2372 te,
777 2304 813 2362 nt
833 2297 955 2373 omnia,
988 2317 1070 2385 quae
1091 2296 1227 2384 perspici
1248 2319 1267 2362 a
1288 2306 1318 2361 te
1339 2308 1488 2383 possunt,

167 2394 310 2463 sciamus.

632 2534 715 2596 xix.
759 2530 807 2614 (s.
833 2535 866 2598 u.
888 2535 920 2598 c.
943 2531 1028 2617 ccc.)

649 2654 790 2719 CICERO
812 2657 955 2721 ATTICO
978 2658 1010 2720 S.

252 2773 281 2834 1.
304 2765 416 2845 Quoad
444 2763 600 2832 eiusmodi
626 2763 702 2830 mibi
727 2764 848 2831 litterae
877 2786 894 2829 a
923 2765 1012 2831 vobis
1042 2765 1273 2842 afferebantur.
1304 2777 1339 2834 ut
1367 2769 1486 2857 aliquid

129 2885 207 2934 ssex
229 2862 268 2928 iis
290 2872 373 2927 esset
393 2859 650 2946 exspectandum,
672 2880 727 2945 spe
749 2868 780 2923 ct
801 2859 967 2946 cupiditate
981 2860 1217 2927 Thessalonicae
1239 2871 1377 2928 retentus
1398 2885 1484 2942 sum;

165 2966 273 3044 postea
295 2976 388 3041 quam
409 2953 511 3021 omnis
532 2953 613 3018 actio
635 2953 726 3020 huius
747 2953 820 3018 anni
843 2953 982 3019 conlecta
1003 2953 1094 3021 nobis
1116 2955 1296 3030 videbatur,
1327 2955 1358 3020 in
1379 2957 1484 3022 Asiam

166 3050 214 3116 ire
235 3048 336 3122 nolui.
358 3047 443 3135 quod
465 3058 497 3112 et
517 3045 681 3112 celebritas
702 3047 779 3112 mibi
800 3047 874 3112 odio
897 3056 960 3123 est,
989 3058 1036 3125 et,
1059 3049 1086 3115 si
1107 3050 1195 3115 lieret
1217 3049 1333 3135 aliquid
1355 3070 1373 3113 a
1395 3056 1484 3115 novis

165 3141 410 3229 magistratibus,
432 3141 542 3208 abesse
563 3141 656 3226 longe
677 3140 831 3206 nolebam.
873 3145 981 3229 ltaque
1002 3144 1034 3208 in
1055 3144 1185 3229 Epirum
1207 3142 1247 3208 ad
1269 3154 1297 3208 te
1319 3145 1410 3209 statui
1432 3166 1483 3209 me

164 3236 327 3310 conferre,
354 3256 417 3299 non
448 3255 512 3320 quo
532 3255 602 3298 mea
622 3233 786 3300 interesset
806 3235 868 3301 loci
889 3245 1013 3312 natura,
1046 3237 1100 3323 qui
1121 3237 1223 3302 lucem
1245 3238 1373 3304 omnino
1394 3238 1484 3324 luge·

127 3351 247 3413 ..νοω
276 3327 332 3395 sed
359 3328 451 3394 etad
478 3327 608 3394 salntem
630 3325 832 3393 libentissime
854 3349 895 3394 ex
917 3340 972 3395 tuo
993 3328 1088 3415 portu
1109 3329 1306 3415 proficiscar,
1329 3342 1374 3406 et,
1397 3331 1423 3396 si
1445 3353 1482 3397 ea

163 3425 302 3510 praecisa
328 3421 404 3496 erit,
437 3442 589 3507 nusquam
618 3419 739 3486 facilius
765 3420 844 3487 banc
870 3422 1077 3489 miserrimam
1108 3424 1202 3490 vitam
1232 3425 1280 3490 vcl
1302 3424 1481 3490 sustentabo

162 3518 227 3594 vel,
256 3515 340 3603 quod
366 3516 465 3582 multo
494 3525 541 3581 est
568 3515 695 3592 melius,
725 3515 880 3582 abiecero.
922 3522 987 3583 Ero
1008 3539 1078 3583 cum
1100 3517 1223 3603 paucis3
1253 3517 1480 3583 multitudinem

161 3608 324 3675 dimittam.
366 3613 396 3675 2.
418 3614 468 3675 Me
490 3618 562 3675 tuae
584 3609 704 3674 litterae
726 3631 882 3695 nunquam
904 3610 938 3675 in
960 3619 1074 3676 uotam
1096 3633 1183 3697 spem
1205 3611 1417 3686 adduxerunt,
1447 3611 1480 3676 in

161 3712 304 3790 quanam
333 3702 477 3769 aliorum.
524 3707 666 3767 Attamen
695 3723 764 3766 mea
794 3724 866 3788 spes
894 3704 987 3769 etiam
1016 3705 1140 3770 tenuior
1160 3726 1285 3791 semper
1307 3704 1364 3770 luit
1386 3726 1479 3791 qnam

122 3805 231 3880 „tuae
252 3797 385 3862 litterae.
428 3795 490 3861 Sed
510 3803 622 3869 tamen,
645 3796 792 3881 quoniam
815 3807 959 3882 coeptum
982 3807 1027 3863 est
1049 3799 1114 3884 agi,
1137 3820 1266 3885 quoquo
1288 3799 1383 3865 modo
1406 3820 1478 3864 coe·

159 3903 246 3979 ptum
268 3902 316 3957 est
337 3900 368 3956 et
389 3909 573 3976 quacunque
594 3887 634 3952 de
655 3909 756 3965 causa,
778 3910 841 3957 non
863 3890 1004 3958 deseram
1026 3914 1127 3979 neque
1148 3892 1258 3979 optimi
1280 3903 1372 3979 atque
1393 3892 1477 3958 unici

158 3985 263 4051 fratris
296 3985 428 4049 miseras
456 4003 492 4047 ac
526 3981 683 4048 luctuosas
712 4002 820 4068 preces
849 4005 907 4049 nec
934 3986 1028 4051 Sestii
1054 3995 1295 4073 ceterorumque
1324 3987 1477 4074 promissa

157 4100 215 4145 nec
241 4099 328 4164 spem
356 4075 647 4142 aerumnosissimae
676 4076 817 4142 mulieris
845 4079 1007 4144 Terentiae
1036 4101 1094 4144 nec
1120 4080 1315 4145 miserrimae
1337 4077 1477 4143 mulieris

224 4279 250 4328 3.
270 4280 361 4328 bortor
379 4290 419 4340 pr.
440 4274 479 4326 Μ.
500 4301 528 4312 -
561 4274 588 4326 d.
607 4277 857 4329 varmomtltlltl.
894 4280 1046 4336 (insertum
1064 4287 1154 4332 estex
1172 4280 1240 4341 TZ.)
1261 4303 1287 4314 -
1319 4281 1346 4330 7.
1365 4281 1473 4330 sitom.

155 4363 196 4412 pr.
215 4348 253 4398 ti.
276 4373 304 4384 -
340 4346 647 4397 Dexamenum.
669 4368 699 4381 -
736 4347 1025 4401 ta.stmutacan1.
1057 4373 1084 4384 -
1121 4352 1305 4402 elomltet
1323 4364 1364 4413 pr.
1383 4349 1422 4400 bl.
1445 4372 1472 4382 -

154 4418 198 4469 13.
218 4426 332 4467 actorem
349 4417 432 4467 XTZ:
452 4422 584 4467 auctorem
602 4415 699 4466 llltlll.
735 4440 763 4450 -
804 4416 904 4481 Utrum]
926 4421 1018 4470 Verum
1036 4420 1060 4470 l.
1095 4444 1122 4455 -
1162 4420 1205 4471 to.
1222 4428 1299 4483 putes
1317 4420 1339 4468 l.
1363 4442 1390 4452 -
1428 4419 1473 4469 34.

154 4488 228 4551 Quod
246 4488 292 4537 Rl.
326 4512 355 4523 -
393 4488 436 4538 35.
456 4486 495 4535 tu'a
514 4485 537 4534 l.
568 4510 602 4520 -
637 4486 753 4536 detentus
772 4486 794 4537 l.
826 4511 854 4522 -
891 4490 936 4539 37.
954 4492 993 4541 trs
1011 4491 1084 4541 colui
1103 4491 1132 4553 l,
1150 4490 1250 4541 revolvi
1267 4490 1330 4540 llll.
1361 4510 1394 4524 -
1430 4489 1473 4539 30.

151 4560 196 4608 aed
213 4567 236 4610 et
256 4558 365 4607 satutem
384 4571 424 4619 pr.
443 4555 489 4616 tt,
516 4556 560 4606 aad
577 4561 607 4605 ut
623 4556 715 4606 saltem
733 4557 768 4606 ut
789 4561 815 4607 et
833 4571 904 4608 eorr.
924 4559 961 4610 ll.
999 4557 1176 4619 (Emendarlt
1194 4561 1273 4610 tacite
1292 4557 1410 4620 bosius.)
1444 4582 1472 4593 -

151 4628 195 4677 33.
214 4630 268 4679 liro
280 4640 335 4677 om.
354 4626 428 4676 ltlltl.
445 4648 473 4658 -
497 4624 541 4675 33.
560 4626 589 4674 in
607 4633 668 4676 ante
682 4636 808 4689 quantam
825 4635 936 4680 auctore
950 4630 1074 4680 lirnestio
1093 4631 1207 4682 inseruit
1222 4631 1397 4680 Schuetziusc
1416 4641 1472 4679 om.

150 4698 247 4749 tants.
270 4722 297 4731 -
336 4697 379 4748 35.
407 4697 531 4760 numiam
558 4703 645 4745 tomen
671 4696 704 4746 R.
736 4720 764 4730 -
801 4701 860 4762 opi,
880 4701 1076 4764 quoquomodo
1095 4701 1275 4752 Schuetztus:
1302 4712 1474 4765 unoquoquo

149 4770 227 4819 modo
245 4782 285 4833 pr.
305 4767 343 4827 tt,
370 4780 417 4831 ape
435 4778 538 4830 quoquo
555 4766 632 4815 moth
649 4765 687 4826 lt,
718 4780 770 4831 opo
788 4768 917 4831 quomodo
935 4770 963 4828 1.
992 4783 1038 4835 spo
1063 4772 1261 4834 quoquomodo
1279 4771 1299 4820 ll
1318 4784 1381 4820 cum
1400 4782 1472 4819 corr.

149 4837 187 4888 bl.
210 4863 237 4875 —
262 4838 307 4890 37.
337 4838 457 4887 mosmos
482 4835 505 4884 l.
534 4857 566 4872 -
601 4842 678 4898 mque
702 4836 725 4887 Ι.
754 4861 787 4872 -
822 4837 895 4888 sanet
922 4839 950 4898 Ι,
982 4838 1115 4891 Scatiill·
1143 4866 1175 4877 -
1211 4841 1255 4891 38.
1274 4841 1390 4893 mausus
1408 4845 1473 4890 anta

151 4907 279 4960 Tutttotcs
297 4907 409 4959 seclusit
424 4905 610 4966 Benttsoltns,
628 4904 725 4969 filiolos
742 4906 861 4959 malebat
877 4907 1035 4961 Schuetxtus
1052 4910 1081 4960 tn
1099 4909 1149 4961 ttd.
1168 4910 1234 4960 mat.
