3216 5408
171 234 234 295 sno
674 225 735 287 nr.
756 223 808 284 an
831 219 1005 284 arricum

257 391 287 450 2.
311 390 383 459 „Ite
406 385 522 461 Quinto
543 379 640 445 fratre
661 400 734 444 meo
755 399 817 443 non
840 377 942 442 minus
963 374 1073 440 laboro
1096 396 1189 461 quam
1206 375 1245 441 de
1261 396 1314 440 me
1330 374 1424 459 ipso;
1450 375 1513 439 sed

174 502 272 557 „eum
300 479 356 544 tihi
384 475 603 543 commendare
629 475 689 540 hoc
718 493 790 538 meo
819 482 961 557 tempore
989 491 1052 535 non
1073 469 1185 536 audeo.
1228 470 1309 537 lllud
1334 470 1512 535 dumtaxat

174 584 305 650 „tamen
327 570 450 637 audebo
472 581 580 655 petere
602 568 656 633 abs
678 579 724 643 te,
759 565 844 653 qnod
868 576 897 630 te
919 586 995 638 oro,
1032 586 1071 629 ne
1093 565 1168 651 quid
1190 568 1358 632 existimes
1382 566 1426 632 ah
1450 568 1510 632 illo

177 669 316 740 „lactum
346 686 433 738 esse,
467 685 530 750 quo
552 664 655 728 minus
684 682 752 726 mea
774 660 806 724 in
829 670 859 724 te
881 659 982 724 officia
1004 668 1181 725 constarent
1203 662 1351 726 minusve
1376 672 1408 726 te
1434 661 1510 726 dili·

155 781 327 848 n,.gerem,
363 760 529 845 potiusque
551 777 676 842 semper
696 755 783 820 illum
805 763 965 818 auctorem
995 764 1120 819 nostrae
1142 755 1375 819 coniunctionis
1402 755 1508 819 luisse

174 906 191 928 „
203 854 327 940 meique
348 853 468 917 itineris
489 851 653 924 comitem,
683 870 746 913 non
768 848 889 912 ducem.
934 850 1039 924 Quare
1061 848 1173 913 ceteris
1199 849 1229 912 in
1253 848 1353 913 rebus
1377 857 1508 914 tantum

174 950 231 1025 „ei
260 947 396 1019 tribues,
429 956 578 1032 quantum
605 942 780 1009 humanitas
811 951 862 1006 tua
891 939 1089 1025 amicitiaque
1111 952 1213 1006 vestra
1235 942 1385 1027 postulat.
1434 947 1507 1027 Ego

173 1044 229 1117 „ei
250 1064 289 1107 ne
311 1039 385 1126 quid
408 1038 490 1126 apud
514 1047 544 1103 te
565 1037 683 1110 obsim,
706 1036 738 1101 id
761 1046 790 1101 te
813 1034 1015 1100 vehementer
1037 1041 1129 1099 etiam
1151 1047 1245 1122 atque
1267 1036 1364 1100 ctiam
1387 1040 1507 1121 rogo.”

258 1139 286 1200 3.
311 1137 433 1211 Quare,
465 1132 492 1197 si
515 1132 584 1218 quis
615 1150 800 1214 congressus
822 1128 917 1193 luerit
938 1129 1012 1193 mihi
1035 1150 1105 1195 cum
1129 1134 1325 1195 Caesare-
1349 1128 1414 1193 etsi
1439 1150 1507 1193 non

138 1251 165 1294 ro
174 1228 298 1302 dubito,
322 1227 397 1312 quin
418 1226 444 1291 is
466 1225 544 1290 lenis
566 1225 598 1289 in
621 1225 705 1289 illum
728 1224 852 1289 futurus
875 1222 915 1286 sit
936 1221 1029 1307 idque
1053 1228 1112 1288 iam
1132 1223 1338 1288 declaraverit
1362 1261 1418 1298 -,
1443 1244 1507 1308 ego

172 1333 276 1390 tamen
297 1323 323 1387 is
345 1343 417 1394 ero,
451 1321 504 1406 qui
527 1339 652 1404 semper
675 1318 729 1383 lui.
777 1317 853 1390 Sed.-
887 1326 921 1381 ut
944 1315 1057 1390 video,
1091 1317 1308 1402 multomagis
1332 1326 1382 1380 est
1405 1316 1507 1382 nohis

172 1416 377 1484 laborandum
400 1414 439 1478 de
461 1414 582 1488 Alrica;
610 1434 703 1499 quam
725 1412 851 1498 quidem
875 1421 908 1476 tu
929 1410 1039 1476 scribis
1061 1412 1238 1477 confirmari
1266 1412 1412 1498 quotidie
1439 1434 1509 1477 ma·

173 1512 221 1595 gis
249 1510 287 1574 ad
316 1507 507 1573 condicionis
537 1528 624 1592 spem
647 1527 739 1591 quarn
769 1504 928 1570 victoriae.
973 1505 1066 1583 Quod
1089 1507 1207 1570 utinam
1230 1511 1270 1569 ita
1294 1510 1397 1570 essetl
1441 1506 1508 1571 Sed

173 1602 265 1687 longe
290 1602 381 1666 aliter
409 1622 477 1665 esse
505 1599 660 1684 intelligo;
695 1608 787 1684 teque
817 1599 921 1684 ipsum
943 1599 985 1663 ita
1007 1601 1187 1665 existimare
1209 1600 1367 1672 arbitror,
1408 1600 1509 1665 aliter

140 1704 278 1760 nantem
310 1694 464 1767 scrihere,
499 1716 561 1759 non
593 1693 720 1758 fallendi
749 1693 804 1758 sed
832 1692 1036 1758 conlirmandi
1064 1694 1125 1759 mei
1159 1714 1274 1767 causa,
1307 1695 1508 1778 praesertim

175 1810 245 1854 cum
268 1789 453 1873 adiungatur
474 1788 513 1853 ad
535 1787 671 1853 Alricam
702 1787 795 1851 ctiam
826 1787 983 1872 Hispania.
1025 1792 1055 1852 1.
1084 1787 1176 1865 Quod
1198 1809 1247 1851 me
1270 1786 1447 1861 admones,
1473 1799 1510 1854 ut

174 1882 309 1949 scribam
338 1881 377 1945 ad
404 1882 571 1947 Antonium
604 1892 635 1945 et
663 1880 702 1945 ad
731 1891 868 1947 ceteros:
901 1880 928 1945 si
952 1881 1027 1966 quid
1049 1880 1205 1946 videbitur
1228 1879 1283 1944 tihi
1307 1901 1393 1965 opus
1416 1903 1508 1957 esse,

175 1975 268 2042 velim
292 1976 384 2040 l‘acias
405 1975 459 2049 id,
488 1975 572 2061 quod
601 1996 695 2061 saepe
716 1973 825 2039 iecisti.
868 1974 949 2041 Nihil
975 1976 1058 2040 enim
1081 1974 1156 2039 mihi
1179 1974 1317 2040 venitin
1342 1986 1510 2049 mentem,

175 2069 260 2157 quod
282 2069 480 2133 scribendum
508 2079 624 2154 putem.
669 2067 762 2144 Quod
784 2090 834 2132 me
856 2068 945 2133 audis
968 2069 1153 2133 erectiorem
1176 2089 1245 2132 esse
1267 2072 1393 2142 animo,
1427 2070 1512 2155 quid

137 2182 166 2226 m
175 2174 283 2249 putas,
313 2185 384 2228 cum
411 2163 519 2229 videas
549 2162 715 2227 accessisse
745 2160 782 2224 ad
805 2161 987 2246 superiores
1009 2161 1220 2247 aegritudines
1243 2162 1429 2245 praeclaras
1454 2185 1512 2248 ge-

175 2258 243 2322 neri
265 2258 421 2322 actiones?
452 2261 498 2321 Tu
521 2266 623 2321 tamen
646 2255 737 2319 velim
760 2276 799 2319 ne
815 2255 1014 2329 intermittas,
1036 2257 1138 2342 quoad
1157 2256 1224 2320 cius
1247 2255 1352 2319 lacere
1369 2263 1512 2341 poteris,

175 2351 313 2416 scrihere
336 2351 460 2424 adme,
498 2350 639 2414 etiamsi
663 2369 747 2423 rem,
771 2347 893 2436 dequa
916 2348 1051 2423 scribas,
1086 2371 1147 2414 non
1171 2348 1309 2413 habebis.
1367 2354 1514 2436 Semper

176 2445 259 2509 enim
287 2444 420 2509 allerunt
446 2443 564 2529 aliquid
593 2441 669 2506 mihi
700 2442 820 2507 litterae
848 2453 931 2508 tuae.
991 2444 1136 2509 Galeonis
1165 2443 1374 2508 hereditatem
1406 2447 1513 2512 crevi.

176 2542 255 2603 Puto
278 2539 359 2602 enim
381 2539 552 2603 cretionem
574 2536 744 2621 simplicem
768 2536 878 2609 luisse,
908 2537 1055 2623 quoniam
1077 2538 1116 2603 ad
1146 2560 1195 2603 mc
1217 2536 1302 2601 nulla
1323 2536 1425 2602 missa
1450 2552 1514 2607 est.

140 2648 254 2697 ravin.
279 2632 322 2697 ld.
346 2636 434 2696 Mart.
498 2677 503 2688 .

635 2774 722 2834 rm.
766 2771 815 2849 (n.
841 2775 874 2836 u.
897 2774 929 2836 e.
951 2773 1037 2856 ror.)

661 2895 803 2957 crunno
827 2897 970 2960 laureo
994 2897 1025 2959 s.

264 3010 290 3068 1.
314 3011 339 3070 Α
360 3009 507 3070 Murenae
530 3004 642 3087 liberto
665 3004 739 3067 nihil
760 3004 861 3069 adhuc
883 3027 1065 3091 acceperam
1094 3008 1275 3073 litterarum.
1321 3011 1389 3090 ir.
1418 3016 1514 3081 Siser

177 3099 357 3164 reddiderat
378 3120 445 3170 eas,
475 3099 589 3184 quibus
610 3098 762 3163 rescribo.
811 3105 861 3163 ⁴lle
885 3103 985 3165 Servii
1009 3104 1105 3188 patris
1129 3103 1237 3167 litteris
1259 3105 1344 3189 quod
1369 3109 1511 3183 scribis.

140 3194 267 3267 ⁸0item,
303 3195 451 3271 Quintum
482 3195 513 3257 in
543 3195 663 3281 Syriam
694 3196 815 3258 venisse
846 3196 931 3280 quod
959 3198 1004 3261 ais
1032 3219 1099 3261 esse
1129 3200 1181 3283 qui
1211 3199 1369 3271 nuntient,
1408 3224 1449 3264 ne
1477 3204 1512 3269 id

178 3287 303 3373 quidem
332 3310 441 3352 verum
471 3299 525 3352 cst.
581 3288 674 3364 Quod
698 3289 865 3353 certiorem
897 3301 925 3354 te
953 3292 999 3354 vis
1031 3291 1114 3365 lieri,
1144 3313 1206 3376 qno
1235 3292 1369 3376 quisque
1395 3293 1429 3358 in
1455 3318 1512 3361 me

178 3385 282 3447 animo
304 3384 344 3447 sit
366 3392 419 3447 aut
442 3383 536 3447 luerit
557 3403 684 3457 eorum,
708 3383 761 3468 qni
784 3383 843 3448 hnc
865 3397 1031 3450 venerunt:
1057 3385 1210 3448 nemiuem
1226 3385 1328 3448 alieno
1345 3387 1511 3456 intellexi.

178 3476 256 3548 Sed,
292 3487 441 3561 quantum
470 3476 500 3540 id
530 3498 598 3540 mea
629 3477 766 3550 intersit,
805 3478 984 3542 existimare
1015 3489 1043 3542 te
1071 3500 1163 3564 posse
1190 3489 1275 3543 certo
1299 3481 1376 3545 scio.
1424 3485 1511 3550 Mihi

178 3590 247 3632 cum
277 3571 381 3633 omnia
413 3580 483 3634 sunt
510 3568 717 3633 intolerabilia
746 3571 783 3634 ad
815 3571 973 3644 dolorem,
1004 3582 1067 3637 tum
1092 3579 1241 3646 inaximo,
1265 3573 1350 3658 quod
1374 3575 1408 3638 in
1433 3600 1510 3643 eam

141 3667 300 3724 llcausam
325 3664 444 3727 venisse
467 3684 516 3725 me
539 3663 646 3736 video,
670 3676 703 3726 ut
725 3664 789 3727 sola
814 3666 898 3730 utilia
923 3666 996 3731 mihi
1020 3689 1087 3730 esse
1110 3667 1287 3737 videantur,
1312 3689 1395 3752 quae
1420 3693 1510 3736 sem·

179 3774 236 3839 per
267 3753 361 3816 nolui.
416 3760 447 3819 P.
469 3756 632 3819 Lentulum
656 3758 897 3840 patrem·}thodi
920 3782 988 3823 esse
1010 3762 1111 3833 aiunt,
1146 3760 1358 3825 Alexandreae
1384 3762 1507 3842 lilium:

179 3846 352 3932 Rhodoque
380 3847 606 3911 Alexandream
635 3852 667 3913 C.
692 3849 830 3914 Cassium
859 3852 1033 3937 proiectum
1064 3876 1132 3919 esse
1160 3865 1289 3919 constat.
1339 3859 1368 3918 2.
1401 3860 1508 3934 Quin-

248 4067 273 4115 5.
293 4079 394 4127 semper
410 4062 495 4127 illurn]
514 4079 612 4126 semper
632 4067 666 4125 11,
687 4066 761 4114 illum
779 4081 877 4130 suuper
895 4071 917 4119 1.
941 4097 969 4106 -
1005 4074 1031 4122 7.
1051 4071 1149 4136 cestra]
1169 4081 1263 4122 nostro
1283 4076 1325 4124 111.
1346 4100 1378 4108 -
1400 4079 1428 4127 o.
1465 4081 1509 4127 in-

181 4150 287 4205 pressus
306 4138 336 4184 lt.
357 4162 386 4173 ν
426 4138 467 4186 10.
488 4137 559 4185 Fert.
581 4136 739 4186 declaravit.
759 4138 809 4191 On.
830 4165 857 4173 -
898 4143 940 4190 11.
960 4143 1033 4191 vobis
1051 4144 1087 4192 Μ.
1118 4170 1146 4180 —
1186 4146 1226 4192 11.
1249 4144 1415 4210 confirmari]
1440 4162 1510 4196 eon-

179 4209 248 4260 verti
267 4208 381 4255 malebat
403 4207 549 4256 Ernestius·
587 4208 659 4257 Fert.
679 4207 852 4270 conformari.
874 4211 924 4264 On.
948 4236 973 4245 -
1015 4215 1056 4263 to.
1077 4216 1228 4262 erectiorem
1246 4215 1300 4264 Ml:
1321 4219 1449 4267 erectiore
1472 4221 1508 4279 11,

179 4278 331 4344 {rectiorem
359 4277 476 4328 l'ictorio
503 4285 611 4327 anctore
642 4279 671 4327 E.
711 4277 784 4340 (listi
806 4281 882 4343 Quod
900 4283 967 4332 latso
985 4285 1118 4332 ineundis
1137 4291 1186 4333 cet.
1209 4285 1272 4343 On.)
1293 4312 1320 4320 —
1360 4287 1406 4335 20.
1429 4302 1510 4338 acce·

175 4353 246 4414 pisse
270 4348 342 4397 ltlitl.
381 4347 467 4405 (Corr.
490 4347 716 4410 inhlanntiana.)
748 4376 779 4384 —-
825 4365 919 4414 penere
938 4355 995 4402 1111.
1019 4378 1046 4386 -
1085 4356 1127 4402 2¹.
1147 4357 1312 4404 intromittas
1330 4357 1407 4404 1.-
1446 4362 1510 4408 eine

179 4436 234 4472 om.
256 4418 278 4466 1.
300 4441 331 4454 -
367 4418 411 4465 2³.
431 4418 534 4467 litterae
551 4424 611 4467 tnue
631 4419 664 4467 111
684 4426 709 4468 et
728 4435 766 4482 pr.
789 4422 833 4470 hl:
862 4424 1127 4472 trraetitterueliet
1148 4439 1217 4473 corr.
1240 4426 1275 4475 lll.
1297 4447 1329 4460 -
1364 4427 1411 4475 at.
1434 4427 1510 4479 Ριιεο

180 4493 251 4541 enirn
269 4484 419 4550 cretionem]
438 4488 502 4537 duto
522 4487 582 4550 (cic)
603 4492 671 4538 enirn
690 4493 839 4539 erectorem
858 4493 896 4552 11,
925 4492 992 4540 duco
1011 4494 1079 4540 enim
1107 4494 1262 4543 trudonem
1283 4496 1319 4551 11,
1342 4495 1411 4544 draco
1432 4503 1510 4548 enirn

180 4562 330 4610 cretionem
357 4559 379 4606 1.
417 4554 506 4619 (Corr.
526 4573 556 4608 cx
576 4573 631 4620 mg.
652 4559 737 4616 Crat.)
765 4588 791 4596 -
830 4563 873 4610 28.
896 4562 924 4609 Ρ.
945 4562 1025 4623 Siser]
1045 4562 1074 4609 Ρ.
1097 4564 1125 4611 Ρ.
1147 4565 1203 4612 Ser.
1224 4566 1262 4620 11.
1294 4565 1343 4613 Sed
1364 4566 1391 4612 P.
1414 4568 1509 4617 Seroi-

179 4633 214 4682 lio
243 4631 265 4678 1.
299 4651 329 4662 -
366 4627 408 4677 30.
436 4629 515 4684 item,
547 4626 684 4691 Quintum]
714 4632 826 4692 itemque
852 4632 881 4680 11.
916 4657 945 4666 -
984 4640 1007 4680 et
1030 4634 1099 4694 quod
1125 4635 1144 4682 l.
1174 4659 1205 4668 -
1243 4636 1286 4684 33.
1307 4640 1373 4685 certe
1393 4638 1447 4687 Ml.
1473 4667 1505 4679 -

180 4703 224 4752 31.
250 4701 303 4748 sint
328 4698 402 4748 11111.
441 4697 527 4754 (Gerr.
561 4700 587 4747 in
618 4699 798 4759 Manutiana.)
830 4728 861 4738 -
914 4702 956 4751 35.
982 4710 1011 4751 nt
1036 4704 1094 4750 sota
1118 4704 1200 4753 Mitt:
1232 4712 1262 4753 ut
1286 4717 1317 4752 ec
1346 4706 1406 4754 sota
1437 4721 1507 4760 cum

181 4769 370 4888 pambinlpfflli.
403 4793 435 4803 -
481 4768 524 4819 311.
551 4767 735 4819 Alexandreae
758 4794 768 4805 ·
796 4771 1020 4823 -dlexcndreom
1044 4773 1085 4824 M:
1117 4773 1295 4824 Alerondn'ae
1317 4798 1326 4807 ·
1348 4799 1359 4809 ·
1381 4776 1508 4830 Alexan·

200 4853 270 4889 riom
348 4873 353 4884 .
