3256 5400
618 244 693 309 ela.
714 246 797 311 xm.
838 247 898 311 ΕΡ.
920 247 950 310 b·
971 246 1003 310 d.
1407 256 1469 321 2³3

147 397 388 466 familiarissime
416 420 485 464 sum
515 421 601 467 usns.
653 401 728 467 Eius
754 412 785 468 et
816 402 935 469 Sullani
955 406 1106 491 temporis
1127 406 1326 475 iniustissima
1345 412 1469 479 calami-

148 502 212 559 tate
233 493 337 569 dolui,
374 503 405 559 et
426 514 497 560 cnm
518 495 573 569 iis,
604 495 657 580 qui
680 496 813 564 similem
834 497 981 564 iniuriam
1004 510 1201 586 acceperant,
1224 505 1346 571 amissis
1367 508 1470 574 omni-

148 587 208 653 bus
228 587 363 653 fortunis
384 587 503 653 reditus
525 599 627 654 tamen
648 595 680 654 in
701 590 832 676 patriam
854 594 1014 659 voluntate
1034 595 1175 660 omnium
1196 599 1325 665 concedi
1347 602 1469 669 videre·

148 691 216 756 tur,
253 679 378 746 adiutor
403 681 622 748 incolumitatis
650 685 706 750 lui.
759 691 789 751 Is
816 685 909 752 babet
936 688 969 752 in
990 687 1196 757 Volaterrano
1220 694 1467 777 possessionem,

146 798 219 843 cum
234 780 265 841 in
287 796 356 840 eam
378 785 534 862 tamquam
556 798 573 841 e
595 776 759 863 naufragio
780 780 927 867 reliquias
948 781 1138 849 contulisset.
1182 789 1250 850 llos
1272 796 1374 852 autem
1391 797 1490 854 tem-³

146 890 226 957 pore
254 891 326 935 eum
355 873 470 936 Caesar
499 870 531 934 in
553 883 691 936 senatum
714 873 803 958 legit,
831 896 925 961 quem
948 875 1090 940 ordinem
1111 877 1165 942 ille
1187 879 1245 944 ista
1266 881 1467 965 possessione

146 965 258 1029 amissa
281 962 362 1027 tueri
390 963 444 1027 vix
470 973 581 1048 potest.
640 967 864 1034 Gravissimum
886 979 988 1034 antem
1016 979 1079 1045 est,
1109 990 1179 1035 cum
1202 974 1349 1059 superior
1369 974 1467 1044 lactus

146 1059 186 1123 sit
218 1056 345 1131 ordine,
378 1055 561 1121 Interiorem
589 1078 657 1123 esse
686 1060 827 1139 lortuna;
865 1063 1054 1149 minimeque
1082 1066 1226 1129 convenit
1248 1088 1289 1132 ex
1311 1089 1350 1133 eo
1372 1090 1466 1154 agro,

145 1157 200 1240 qni
222 1150 364 1218 Caesaris
385 1151 471 1215 iussu
493 1149 664 1226 dividatur,
697 1174 771 1218 eum
791 1156 933 1231 moveri,
963 1157 1018 1244 qui
1040 1158 1181 1222 Caesaris
1203 1157 1355 1225 beneficio
1377 1183 1468 1228 sena-

146 1258 197 1313 tor
227 1246 277 1311 sit.
332 1250 362 1310 3.
395 1244 456 1309 Sed
489 1245 564 1310 mibi
591 1247 693 1312 minus
720 1246 797 1312 libet
817 1249 913 1314 multa
935 1249 974 1316 de
996 1251 1151 1337 aequitate
1171 1251 1218 1315 rei
1241 1253 1404 1330 scribere,
1426 1269 1504 1320 new

145 1361 237 1407 causa
263 1339 368 1425 potins
396 1339 478 1425 apud
506 1348 536 1404 te
565 1340 697 1405 valuisse
733 1341 841 1407 videar
862 1365 956 1430 mam
978 1344 1087 1429 gratia
1142 1346 1355 1421 Quamobrem
1380 1357 1411 1412 te
1432 1349 1465 1415 in

146 1437 297 1501 maiorem
326 1433 452 1498 modum
482 1455 575 1519 rugo,
612 1443 646 1498 ut
673 1437 705 1499 C.
734 1437 833 1501 Curtii
862 1458 929 1501 rem
952 1458 1051 1502 meam
1072 1447 1163 1523 putes
1189 1459 1273 1517 esse;
1311 1441 1464 1528 quidquid

145 1552 214 1595 mea
235 1551 327 1593 causa
350 1528 485 1604 laceres,
517 1539 552 1593 ut
573 1528 605 1592 id
628 1532 660 1594 C.
683 1529 781 1593 Curtii
803 1550 895 1595 causa
917 1552 989 1598 cum
1012 1532 1144 1608 leceris,
1174 1533 1350 1611 existimes,
1378 1534 1464 1622 quod

144 1624 197 1690 ille
219 1645 347 1710 perine
370 1622 529 1699 babuerit,
567 1622 599 1687 id
622 1643 672 1687 me
694 1621 811 1688 habere
834 1623 890 1690 abs
912 1636 952 1691 te.
1007 1629 1075 1692 Iioc
1096 1636 1127 1691 te
1148 1626 1349 1693 vehementer
1370 1629 1463 1695 etiam

145 1727 239 1805 atque
261 1717 353 1781 etiam
374 1737 464 1802 rogo.
1475 1736 1502 1781 ¹³

624 1860 671 1921 vr.
715 1855 763 1940 (A.
789 1861 985 1940 uoces.)

346 1983 387 2045 Μ.
409 1980 551 2046 CICERO
574 1981 613 2056 Q.
635 1982 809 2046 VALERIO
832 1984 870 2060 Q.
892 1988 925 2048 F.
949 1986 1078 2049 ORCAE
1099 1985 1264 2050 PROCOS.

231 2097 259 2159 I.
302 2095 333 2157 S.
367 2096 404 2158 V.
431 2096 465 2156 B.
492 2095 527 2155 E.
554 2095 591 2157 V.
643 2091 744 2157 Credo
773 2102 803 2159 te
831 2095 984 2161 memoria
1009 2106 1133 2170 tenere,
1169 2118 1220 2161 me
1248 2107 1407 2165 alcoram
1429 2102 1462 2165 P.

145 2194 261 2278 Cuspio
282 2198 383 2253 tecum
406 2186 543 2251 loculum
566 2206 651 2258 esse,
674 2207 744 2251 cum
767 2198 796 2253 te
818 2211 1029 2277 prosequerer
1050 2191 1243 2276 paludatum,
1266 2201 1297 2256 et
1317 2193 1392 2258 item
1407 2215 1464 2280 po·

145 2296 210 2350 stea
235 2280 378 2369 pluribus
399 2280 504 2345 verbis
535 2289 635 2344 tecum
658 2281 775 2365 egisse,
801 2294 851 2358 nt,
878 2305 1081 2371 quoscunque
1103 2283 1159 2350 tibi
1181 2285 1248 2350 eius
1269 2288 1500 2352 necessariora

143 2374 412 2449 commendarem,
449 2373 581 2439 haberes
609 2394 664 2438 eos
691 2373 724 2438 in
753 2399 885 2443 numero
908 2399 1050 2443 meorum
1071 2379 1328 2444 necessariorum.
1372 2381 1406 2446 ld
1428 2391 1463 2448 tu

143 2492 204 2557 pro
225 2479 277 2535 tua
299 2488 419 2533 summa
440 2488 515 2554 erga
537 2488 587 2532 me
609 2465 825 2536 benevolentia
838 2482 1051 2557 perpetuaque
1068 2470 1266 2541 observantia
1282 2472 1357 2537 mibi
1380 2473 1460 2539 libe-

143 2564 296 2631 ralissime
317 2572 411 2648 atque
432 2560 653 2632 humanissime
675 2567 831 2653 recepisti.
874 2571 903 2630 2.
927 2569 1075 2650 Cuspius,
1097 2563 1192 2628 bomo
1215 2565 1247 2629 in
1262 2586 1371 2632 omnes
1386 2583 1461 2634 suos

143 2656 402 2730 officiosissimus,
435 2658 566 2724 mirifice
596 2662 746 2748 quosdam
777 2660 919 2726 homines
948 2682 988 2724 ex
1020 2659 1077 2723 ista
1106 2658 1267 2743 provincia
1303 2668 1409 2725 tuetur
1429 2671 1462 2727 et

143 2752 242 2838 diligit
262 2758 447 2836 propterea,
475 2753 559 2839 quod
583 2753 641 2821 luit
661 2757 692 2820 in
714 2755 818 2822 Africa
840 2754 904 2829 bis,
926 2774 997 2818 cum
1020 2752 1163 2817 maximis
1185 2752 1342 2819 societatis
1364 2776 1500 2841 nego-as

143 2846 195 2912 tiis
213 2853 380 2932 praeesset.
436 2850 542 2933 ltaque
564 2848 624 2914 boc
646 2849 713 2915 eius
735 2848 888 2921 cilicium,
924 2846 1009 2934 quod
1027 2845 1153 2910 adhibet
1174 2865 1248 2929 erga
1272 2845 1365 2920 illos,
1399 2870 1460 2934 ego

143 2960 213 3003 mea
230 2938 372 3004 facultate
389 2949 419 3004 et
434 2941 532 3024 gratia
547 2943 650 3018 soleo,
673 2954 823 3031 quantum
836 2962 980 3027 possum,
1003 2940 1162 3005 adiuvare.
1205 2942 1311 3016 Quare
1334 2943 1461 3029 Cuspia-
1505 2936 1509 2944 ¹

143 3054 258 3099 norum
290 3033 430 3098 omnium
461 3036 739 3102 commendationis
771 3056 895 3101 causam
924 3035 981 3099 bac
1002 3031 1059 3098 tibi
1087 3032 1217 3119 epistola
1243 3035 1461 3119 exponendam

143 3125 260 3213 putavi.
303 3128 441 3215 Reliquis
463 3130 601 3215 epistolis
622 3143 741 3197 tantum
763 3129 894 3202 faciam,
917 3137 952 3193 ut
971 3138 1076 3193 notam
1098 3147 1252 3213 apponam
1275 3150 1358 3204 earn,
1381 3152 1462 3216 quae

145 3219 222 3286 mihi
243 3229 344 3285 tecum
366 3222 526 3296 convenit,
556 3235 586 3289 et
607 3225 699 3290 simul
721 3224 892 3309 significem
914 3222 953 3287 de
975 3243 1106 3287 numero
1129 3243 1197 3286 esse
1219 3221 1323 3306 Cuspii
1346 3224 1499 3291 amico-so

143 3336 224 3381 rum.
267 3318 296 3378 3.
321 3312 382 3379 Sed
403 3314 482 3379 banc
503 3317 819 3391 commendationem,
841 3337 934 3403 quam
958 3314 1005 3380 bis
1026 3315 1137 3380 litteris
1160 3313 1342 3398 consignare
1364 3318 1461 3395 volui,

143 3409 221 3476 scito
241 3426 310 3471 esse
332 3407 471 3472 omnium
493 3410 717 3493 gravissimam.
774 3415 850 3475 Nam
882 3413 915 3473 P.
938 3408 1070 3493 Cuspius
1092 3409 1241 3495 singulari
1263 3412 1365 3478 studio
1387 3432 1462 3477 con-

143 3501 241 3568 tendit
261 3520 280 3562 a
300 3518 367 3571 me,
389 3509 424 3562 nt
445 3499 499 3564 tibi
522 3524 614 3588 quam
636 3502 870 3588 diligentissime
896 3506 931 3566 L.
953 3502 1065 3566 lulium
1087 3505 1348 3571 commendarem.
1386 3509 1461 3571 Eius

142 3617 201 3682 ego
223 3592 328 3661 studio
349 3591 404 3657 vix
425 3593 536 3659 videor
558 3596 633 3661 mibi
655 3596 832 3663 satisfacere
853 3616 962 3682 posse,
992 3594 1019 3660 si
1040 3605 1111 3660 utar
1132 3597 1237 3663 verbis
1258 3600 1312 3675 iis,
1336 3599 1461 3686 quibus,

142 3711 213 3754 cnm
234 3689 468 3776 diligentissime
497 3689 573 3776 quid
600 3691 740 3776 agimus,
774 3692 820 3757 uti
842 3691 989 3756 solemus.
1041 3694 1127 3755 Nova
1150 3692 1302 3777 quaedam
1324 3694 1498 3779 postulatu

143 3791 174 3848 et
194 3790 282 3870 putat
312 3806 362 3850 me
389 3788 456 3848 eius
477 3783 602 3867 generis
623 3785 788 3850 artificium
809 3784 966 3872 quoddam
989 3792 1106 3847 tenere.
1161 3786 1198 3850 Ei
1221 3807 1280 3871 ego
1301 3788 1459 3874 pollicitus

142 3898 210 3943 sum
232 3898 283 3942 me
304 3898 344 3943 ex
366 3877 472 3942 intima
495 3889 600 3942 nostra
622 3887 689 3942 arte
711 3878 968 3965 deprompturum
997 3876 1162 3942 mirificum
1183 3900 1281 3964 genus
1302 3902 1461 3946 commen·

142 3971 285 4037 dationis.
336 3971 371 4036 Id
393 3971 541 4059 quoniam
563 3972 687 4059 assequi
708 3994 770 4038 uon
793 3994 941 4059 possum,
974 3980 1008 4035 tu
1029 3992 1064 4035 re
1087 3972 1180 4036 velim
1201 3973 1330 4046 efficias,
1352 3983 1387 4038 ut
1407 3973 1460 4038 ille

141 4086 257 4151 genere
295 4088 437 4132 mearum
469 4066 642 4131 litterarum
678 4065 852 4132 incredibili
888 4063 1035 4151 quiddam
1071 4064 1243 4149 perlectum
1278 4065 1461 4133 arbitretur.

140 4164 171 4225 4.
185 4158 220 4225 Μ
233 4157 345 4233 iacies,
368 4165 393 4225 si
411 4180 504 4225 omne
517 4180 613 4244 genus
625 4159 835 4234 liberalitatis,
858 4158 943 4246 quod
956 4167 987 4222 et
1001 4156 1039 4221 ab
1054 4157 1244 4223 humanitate
1261 4168 1292 4223 et
1304 4167 1458 4245 potestate
1469 4180 1497 4223 ea

140 4261 193 4319 tua
214 4251 371 4338 proficisci
391 4253 520 4339 poterit,
544 4275 606 4317 non
627 4252 721 4318 modo
743 4275 778 4318 re
805 4252 860 4318 sed
882 4251 974 4316 etiam
991 4249 1113 4324 verbis,
1135 4252 1223 4316 vultu
1245 4250 1380 4339 donique
1403 4273 1459 4317 ex·

140 4347 353 4432 prompseris;
376 4369 456 4434 quae
479 4355 627 4433 qnantum
649 4346 681 4410 in
702 4344 864 4431 provincia
885 4345 1021 4419 valeant,
1052 4346 1163 4409 vellem
1185 4354 1335 4430 expertus
1349 4366 1458 4419 essem,

141 4440 197 4505 sed
231 4450 333 4506 tanmn
364 4442 516 4527 suspicor.
573 4446 675 4526 Ipsum
705 4439 879 4512 bominem,
912 4460 1006 4525 quem
1034 4437 1091 4506 tibi
1123 4438 1327 4511 commendo,
1355 4438 1460 4525 perdi-

210 4612 237 4661 2.
256 4613 297 4662 bis
312 4613 350 4664 Μ.
384 4640 412 4650 -
459 4614 485 4664 b.
510 4614 610 4664 comari
629 4614 658 4661 in
677 4613 713 4663 Μ.
742 4636 773 4648 -
818 4611 862 4661 26.
888 4620 1002 4674 memet
1029 4613 1066 4663 Μ.
1095 4636 1126 4646 -
1162 4612 1334 4675 adhibeturpo
1361 4611 1397 4661 M.
1428 4633 1456 4644 -

139 4680 184 4732 hh·
203 4695 234 4732 co
252 4682 288 4732 Μ.
308 4707 342 4720 -·
377 4684 420 4734 36.
439 4684 479 4732 bia
498 4684 535 4734 Μ.
559 4709 593 4718 -
629 4683 673 4733 38.
692 4683 816 4746 quoniam
834 4682 882 4732 bi:
910 4696 988 4746 quum
1006 4683 1036 4732 Il.
1062 4707 1089 4718 -
1131 4681 1174 4732 42.
1194 4682 1300 4731 vehunt
1318 4681 1363 4731 u:
1390 4680 1459 4731 vate

139 4758 198 4800 rent
216 4752 368 4802 Ernestins.
399 4777 430 4790 -
466 4761 586 4816 expertos
604 4767 699 4808 arsam,
725 4752 769 4801 sed
787 4758 874 4801 tamen
890 4754 1015 4814 suspicor.
1062 4753 1149 4814 Ipsum
1174 4751 1325 4811 Madvigius
1347 4749 1456 4814 (Opusc.

140 4822 217 4870 acad.
249 4837 275 4885 p.
301 4823 360 4873 187.
392 4824 438 4873 ubl
468 4829 557 4873 tamen
577 4824 713 4887 proposuit
733 4835 792 4884 erp.
814 4828 892 4880 urat:
922 4830 1043 4887 expertam
1060 4834 1134 4873 ema.
1171 4821 1220 4872 Sed
1238 4828 1326 4872 tomen
1342 4823 1458 4885 suspicor

140 4892 225 4958 iprum
244 4892 309 4951 ΜΕ.
329 4894 437 4945 sedhic
456 4895 537 4945 verbo
554 4896 671 4958 suspicor
688 4891 804 4944 secluso.
