<?xml version="1.0" encoding="UTF-8"?>
<!DOCTYPE html PUBLIC "-//W3C//DTD XHTML 1.0 Transitional//EN"
    "http://www.w3.org/TR/xhtml1/DTD/xhtml1-transitional.dtd">
<html xmlns="http://www.w3.org/1999/xhtml" xml:lang="en" lang="en">
 <head>
  <title>
</title>
<meta http-equiv="Content-Type" content="text/html;charset=utf-8" />
  <meta name='ocr-system' content='tesseract 3.04.00' />
  <meta name='ocr-capabilities' content='ocr_page ocr_carea ocr_par ocr_line ocrx_word'/>
</head>
<body>
  <div class='ocr_page' id='page_1' title='image "./operaquaesupers06halmgoog_0644.png"; bbox 0 0 3256 5400; ppageno 0'>
   <div class='ocr_carea' id='block_1_1' title="bbox 123 183 999 248">
    <p class='ocr_par' dir='ltr' id='par_1_1' title="bbox 123 183 999 248">
     <span class='ocr_line' id='line_1_1' title="bbox 123 183 999 248; baseline -0.001 -1"><span class='ocrx_word' id='word_1_1' title='bbox 123 206 127 218; x_wconf 92' lang='lat'>·</span> <span class='ocrx_word' id='word_1_2' title='bbox 183 184 244 248; x_wconf 76' lang='grc'>574</span> <span class='ocrx_word' id='word_1_3' title='bbox 675 184 732 247; x_wconf 79' lang='grc' dir='ltr'>ΕΡ.</span> <span class='ocrx_word' id='word_1_4' title='bbox 755 184 806 245; x_wconf 80' lang='grc' dir='ltr'>ΑΙ)</span> <span class='ocrx_word' id='word_1_5' title='bbox 830 183 999 247; x_wconf 74' lang='lat' dir='ltr'>arricum</span> 
     </span>
    </p>
   </div>
   <div class='ocr_carea' id='block_1_2' title="bbox 125 336 1530 3799">
    <p class='ocr_par' dir='ltr' id='par_1_2' title="bbox 125 336 1530 3799">
     <span class='ocr_line' id='line_1_2' title="bbox 184 336 1528 426; baseline -0.001 -19"><span class='ocrx_word' id='word_1_6' title='bbox 184 341 391 426; x_wconf 72' lang='grc' dir='ltr'>γενικώτερον</span> <span class='ocrx_word' id='word_1_7' title='bbox 412 338 590 425; x_wconf 74' lang='lat' dir='ltr'><strong>scripsisses</strong></span> <span class='ocrx_word' id='word_1_8' title='bbox 610 349 641 405; x_wconf 92' lang='lat' dir='ltr'>et</span> <span class='ocrx_word' id='word_1_9' title='bbox 663 358 722 424; x_wconf 80' lang='lat' dir='ltr'>ego</span> <span class='ocrx_word' id='word_1_10' title='bbox 744 338 821 403; x_wconf 89' lang='lat' dir='ltr'>mibi</span> <span class='ocrx_word' id='word_1_11' title='bbox 842 359 860 403; x_wconf 90' lang='lat' dir='ltr'>a</span> <span class='ocrx_word' id='word_1_12' title='bbox 883 347 913 403; x_wconf 91' lang='lat' dir='ltr'>te</span> <span class='ocrx_word' id='word_1_13' title='bbox 933 337 1120 424; x_wconf 83' lang='lat' dir='ltr'>†quaedam</span> <span class='ocrx_word' id='word_1_14' title='bbox 1143 336 1320 424; x_wconf 80' lang='lat' dir='ltr'>significari</span> <span class='ocrx_word' id='word_1_15' title='bbox 1338 343 1528 422; x_wconf 81' lang='lat' dir='ltr'>putassem.</span> 
     </span>
     <span class='ocr_line' id='line_1_3' title="bbox 184 432 1530 516; baseline -0.005 -16"><span class='ocrx_word' id='word_1_16' title='bbox 184 445 218 501; x_wconf 93' lang='lat' dir='ltr'>ut</span> <span class='ocrx_word' id='word_1_17' title='bbox 246 434 332 498; x_wconf 91' lang='lat' dir='ltr'>ltalia</span> <span class='ocrx_word' id='word_1_18' title='bbox 359 433 524 506; x_wconf 85' lang='lat' dir='ltr'>cederem,</span> <span class='ocrx_word' id='word_1_19' title='bbox 557 432 721 498; x_wconf 87' lang='lat' dir='ltr'>detestaris</span> <span class='ocrx_word' id='word_1_20' title='bbox 750 432 811 497; x_wconf 90' lang='lat' dir='ltr'>hoc</span> <span class='ocrx_word' id='word_1_21' title='bbox 836 432 1001 516; x_wconf 82' lang='lat' dir='ltr'>diligenter</span> <span class='ocrx_word' id='word_1_22' title='bbox 1029 433 1371 498; x_wconf 83' lang='lat' dir='ltr'>x1.llaleud.blart.:</span> <span class='ocrx_word' id='word_1_23' title='bbox 1414 432 1530 514; x_wconf 73' lang='lat' dir='ltr'>„Ego</span> 
     </span>
     <span class='ocr_line' id='line_1_4' title="bbox 186 522 1528 611; baseline -0.003 -20"><span class='ocrx_word' id='word_1_24' title='bbox 186 547 280 592; x_wconf 90' lang='lat' dir='ltr'>vero</span> <span class='ocrx_word' id='word_1_25' title='bbox 308 525 416 591; x_wconf 91' lang='lat' dir='ltr'>nulla</span> <span class='ocrx_word' id='word_1_26' title='bbox 446 525 619 610; x_wconf 83' lang='lat' dir='ltr'>epistola</span> <span class='ocrx_word' id='word_1_27' title='bbox 651 526 909 611; x_wconf 81' lang='lat' dir='ltr'>significavi,</span> <span class='ocrx_word' id='word_1_28' title='bbox 938 525 971 589; x_wconf 91' lang='lat' dir='ltr'>si</span> <span class='ocrx_word' id='word_1_29' title='bbox 1002 529 1153 591; x_wconf 83' lang='lat' dir='ltr'>Gnaeus</span> <span class='ocrx_word' id='word_1_30' title='bbox 1175 525 1296 590; x_wconf 93' lang='lat' dir='ltr'>ltalia</span> <span class='ocrx_word' id='word_1_31' title='bbox 1321 522 1528 597; x_wconf 86' lang='lat' dir='ltr'>cederet,</span> 
     </span>
     <span class='ocr_line' id='line_1_5' title="bbox 184 617 1529 704; baseline -0.003 -18"><span class='ocrx_word' id='word_1_32' title='bbox 184 632 224 686; x_wconf 92' lang='lat' dir='ltr'>ut</span> <span class='ocrx_word' id='word_1_33' title='bbox 246 628 286 684; x_wconf 92' lang='lat' dir='ltr'>tn</span> <span class='ocrx_word' id='word_1_34' title='bbox 307 640 386 686; x_wconf 87' lang='lat' dir='ltr'>una</span> <span class='ocrx_word' id='word_1_35' title='bbox 407 619 598 695; x_wconf 90' lang='lat' dir='ltr'>cederes;</span> <span class='ocrx_word' id='word_1_36' title='bbox 626 629 713 693; x_wconf 91' lang='lat' dir='ltr'>aut,</span> <span class='ocrx_word' id='word_1_37' title='bbox 737 620 769 684; x_wconf 92' lang='lat' dir='ltr'>si</span> <span class='ocrx_word' id='word_1_38' title='bbox 792 618 1053 704; x_wconf 79' lang='lat' dir='ltr'><strong>significavi,</strong></span> <span class='ocrx_word' id='word_1_39' title='bbox 1083 640 1159 683; x_wconf 91' lang='lat' dir='ltr'>nou</span> <span class='ocrx_word' id='word_1_40' title='bbox 1180 619 1273 684; x_wconf 90' lang='lat' dir='ltr'>dico</span> <span class='ocrx_word' id='word_1_41' title='bbox 1296 618 1363 684; x_wconf 90' lang='lat' dir='ltr'>sui</span> <span class='ocrx_word' id='word_1_42' title='bbox 1388 617 1529 683; x_wconf 90' lang='lat' dir='ltr'>incon·</span> 
     </span>
     <span class='ocr_line' id='line_1_6' title="bbox 162 711 1527 798; baseline -0.004 -19"><span class='ocrx_word' id='word_1_43' title='bbox 162 723 291 779; x_wconf 62' lang='lat' dir='ltr'>astans</span> <span class='ocrx_word' id='word_1_44' title='bbox 326 712 393 776; x_wconf 93' lang='lat' dir='ltr'>sed</span> <span class='ocrx_word' id='word_1_45' title='bbox 426 712 614 778; x_wconf 85' lang='lat' dir='ltr'>demens.&#39;&#39;</span> <span class='ocrx_word' id='word_1_46' title='bbox 671 718 706 778; x_wconf 91' lang='lat' dir='ltr'>ln</span> <span class='ocrx_word' id='word_1_47' title='bbox 727 713 836 777; x_wconf 87' lang='lat' dir='ltr'>eadem</span> <span class='ocrx_word' id='word_1_48' title='bbox 858 712 988 798; x_wconf 91' lang='lat' dir='ltr'>epistola</span> <span class='ocrx_word' id='word_1_49' title='bbox 1018 713 1081 777; x_wconf 91' lang='lat' dir='ltr'>alio</span> <span class='ocrx_word' id='word_1_50' title='bbox 1109 713 1196 777; x_wconf 88' lang='lat' dir='ltr'>loco:</span> <span class='ocrx_word' id='word_1_51' title='bbox 1227 711 1373 786; x_wconf 89' lang='lat' dir='ltr'>„Nihil</span> <span class='ocrx_word' id='word_1_52' title='bbox 1401 711 1527 775; x_wconf 87' lang='lat' dir='ltr'>relin-</span> 
     </span>
     <span class='ocr_line' id='line_1_7' title="bbox 185 805 1527 893; baseline -0.003 -21"><span class='ocrx_word' id='word_1_53' title='bbox 185 807 324 893; x_wconf 90' lang='lat' dir='ltr'>quitur</span> <span class='ocrx_word' id='word_1_54' title='bbox 346 805 422 869; x_wconf 92' lang='lat' dir='ltr'>nisi</span> <span class='ocrx_word' id='word_1_55' title='bbox 443 805 552 891; x_wconf 79' lang='lat' dir='ltr'>luga,</span> <span class='ocrx_word' id='word_1_56' title='bbox 575 806 638 871; x_wconf 91' lang='lat' dir='ltr'>cui</span> <span class='ocrx_word' id='word_1_57' title='bbox 666 816 701 871; x_wconf 90' lang='lat' dir='ltr'>te</span> <span class='ocrx_word' id='word_1_58' title='bbox 730 805 884 871; x_wconf 91' lang='lat' dir='ltr'>socium</span> <span class='ocrx_word' id='word_1_59' title='bbox 906 805 1136 891; x_wconf 88' lang='lat' dir='ltr'>neutiquam</span> <span class='ocrx_word' id='word_1_60' title='bbox 1164 817 1261 891; x_wconf 95' lang='lat' dir='ltr'>puto</span> <span class='ocrx_word' id='word_1_61' title='bbox 1284 826 1381 870; x_wconf 87' lang='lat' dir='ltr'>esse</span> <span class='ocrx_word' id='word_1_62' title='bbox 1405 824 1527 890; x_wconf 92' lang='lat' dir='ltr'>opor-</span> 
     </span>
     <span class='ocr_line' id='line_1_8' title="bbox 185 898 1526 985; baseline -0.003 -19"><span class='ocrx_word' id='word_1_63' title='bbox 185 912 269 966; x_wconf 91' lang='lat' dir='ltr'>tere</span> <span class='ocrx_word' id='word_1_64' title='bbox 299 917 367 963; x_wconf 91' lang='lat' dir='ltr'>ncc</span> <span class='ocrx_word' id='word_1_65' title='bbox 394 920 565 984; x_wconf 87' lang='lat' dir='ltr'>unquam</span> <span class='ocrx_word' id='word_1_66' title='bbox 593 904 761 985; x_wconf 88' lang='lat' dir='ltr'>putavi.”</span> <span class='ocrx_word' id='word_1_67' title='bbox 804 904 834 967; x_wconf 86' lang='grc'>7.</span> <span class='ocrx_word' id='word_1_68' title='bbox 863 905 973 964; x_wconf 81' lang='lat' dir='ltr'>&#39;lotam</span> <span class='ocrx_word' id='word_1_69' title='bbox 1002 912 1106 965; x_wconf 84' lang='lat' dir='ltr'>autem</span> <span class='ocrx_word' id='word_1_70' title='bbox 1134 900 1212 965; x_wconf 86' lang='lat' dir='ltr'>banc</span> <span class='ocrx_word' id='word_1_71' title='bbox 1244 898 1526 965; x_wconf 75' lang='lat' dir='ltr'>deliberationem</span> 
     </span>
     <span class='ocr_line' id='line_1_9' title="bbox 184 990 1525 1076; baseline -0.003 -17"><span class='ocrx_word' id='word_1_72' title='bbox 184 991 304 1059; x_wconf 90' lang='lat' dir='ltr'>evolvis</span> <span class='ocrx_word' id='word_1_73' title='bbox 325 992 498 1056; x_wconf 80' lang='lat' dir='ltr'>accuratius</span> <span class='ocrx_word' id='word_1_74' title='bbox 519 992 551 1056; x_wconf 92' lang='lat' dir='ltr'>in</span> <span class='ocrx_word' id='word_1_75' title='bbox 579 992 692 1058; x_wconf 86' lang='lat' dir='ltr'>litteris</span> <span class='ocrx_word' id='word_1_76' title='bbox 715 1013 775 1058; x_wconf 86' lang='lat' dir='ltr'>nr.</span> <span class='ocrx_word' id='word_1_77' title='bbox 802 993 932 1058; x_wconf 85' lang='lat' dir='ltr'>Kalend.</span> <span class='ocrx_word' id='word_1_78' title='bbox 961 998 1051 1058; x_wconf 86' lang='lat' dir='ltr'>Mart.</span> <span class='ocrx_word' id='word_1_79' title='bbox 1081 993 1177 1059; x_wconf 90' lang='lat' dir='ltr'>datis:</span> <span class='ocrx_word' id='word_1_80' title='bbox 1214 994 1282 1067; x_wconf 81' lang='lat' dir='ltr'>,Si</span> <span class='ocrx_word' id='word_1_81' title='bbox 1303 997 1366 1058; x_wconf 86' lang='lat' dir='ltr'>M&#39;.</span> <span class='ocrx_word' id='word_1_82' title='bbox 1408 990 1525 1076; x_wconf 86' lang='lat' dir='ltr'>Lepi-</span> 
     </span>
     <span class='ocr_line' id='line_1_10' title="bbox 184 1084 1525 1173; baseline -0.003 -20"><span class='ocrx_word' id='word_1_83' title='bbox 184 1088 253 1153; x_wconf 86' lang='lat' dir='ltr'>dus</span> <span class='ocrx_word' id='word_1_84' title='bbox 283 1096 322 1151; x_wconf 90' lang='lat' dir='ltr'>et</span> <span class='ocrx_word' id='word_1_85' title='bbox 351 1089 386 1151; x_wconf 88' lang='grc' dir='ltr'>Ι..</span> <span class='ocrx_word' id='word_1_86' title='bbox 416 1086 625 1152; x_wconf 88' lang='lat' dir='ltr'>Volcatius</span> <span class='ocrx_word' id='word_1_87' title='bbox 656 1096 879 1159; x_wconf 85' lang='lat' dir='ltr'>remanent,</span> <span class='ocrx_word' id='word_1_88' title='bbox 910 1087 1139 1152; x_wconf 88' lang='lat' dir='ltr'>manendum</span> <span class='ocrx_word' id='word_1_89' title='bbox 1171 1096 1284 1173; x_wconf 95' lang='lat' dir='ltr'>puto,</span> <span class='ocrx_word' id='word_1_90' title='bbox 1324 1086 1384 1151; x_wconf 90' lang='lat' dir='ltr'>ita</span> <span class='ocrx_word' id='word_1_91' title='bbox 1406 1095 1470 1158; x_wconf 90' lang='lat' dir='ltr'>ut,</span> <span class='ocrx_word' id='word_1_92' title='bbox 1493 1084 1525 1150; x_wconf 90' lang='lat' dir='ltr'>si</span> 
     </span>
     <span class='ocr_line' id='line_1_11' title="bbox 149 1179 1526 1266; baseline -0.004 -18"><span class='ocrx_word' id='word_1_93' title='bbox 149 1182 320 1248; x_wconf 83' lang='lat' dir='ltr'>msalvus</span> <span class='ocrx_word' id='word_1_94' title='bbox 348 1179 400 1245; x_wconf 91' lang='lat' dir='ltr'>sit</span> <span class='ocrx_word' id='word_1_95' title='bbox 427 1180 640 1266; x_wconf 87' lang='lat' dir='ltr'>Pompeius</span> <span class='ocrx_word' id='word_1_96' title='bbox 669 1189 706 1245; x_wconf 90' lang='lat' dir='ltr'>et</span> <span class='ocrx_word' id='word_1_97' title='bbox 740 1180 976 1245; x_wconf 89' lang='lat' dir='ltr'>constiterit</span> <span class='ocrx_word' id='word_1_98' title='bbox 1011 1181 1178 1256; x_wconf 89' lang='lat' dir='ltr'>alicubi,</span> <span class='ocrx_word' id='word_1_99' title='bbox 1213 1182 1310 1245; x_wconf 91' lang='lat' dir='ltr'>banc</span> <span class='ocrx_word' id='word_1_100' title='bbox 1347 1188 1526 1243; x_wconf 73' lang='grc' dir='ltr'><strong><em>νεκυίαν</em></strong></span> 
     </span>
     <span class='ocr_line' id='line_1_12' title="bbox 184 1272 1525 1361; baseline -0.002 -20"><span class='ocrx_word' id='word_1_101' title='bbox 184 1276 391 1361; x_wconf 91' lang='lat' dir='ltr'>relinquas</span> <span class='ocrx_word' id='word_1_102' title='bbox 413 1281 451 1336; x_wconf 89' lang='lat' dir='ltr'>et</span> <span class='ocrx_word' id='word_1_103' title='bbox 473 1281 507 1337; x_wconf 90' lang='lat' dir='ltr'>te</span> <span class='ocrx_word' id='word_1_104' title='bbox 531 1273 568 1338; x_wconf 91' lang='lat' dir='ltr'>iu</span> <span class='ocrx_word' id='word_1_105' title='bbox 590 1274 810 1339; x_wconf 86' lang='lat' dir='ltr'>certamine</span> <span class='ocrx_word' id='word_1_106' title='bbox 834 1275 1037 1339; x_wconf 80' lang='lat' dir='ltr'>sincicum</span> <span class='ocrx_word' id='word_1_107' title='bbox 1060 1275 1132 1340; x_wconf 95' lang='lat' dir='ltr'>illo</span> <span class='ocrx_word' id='word_1_108' title='bbox 1151 1273 1322 1340; x_wconf 86' lang='lat' dir='ltr'>facilius</span> <span class='ocrx_word' id='word_1_109' title='bbox 1340 1272 1525 1359; x_wconf 86' lang='lat' dir='ltr'>patiaris</span> 
     </span>
     <span class='ocr_line' id='line_1_13' title="bbox 184 1366 1526 1456; baseline -0.001 -22"><span class='ocrx_word' id='word_1_110' title='bbox 184 1391 298 1456; x_wconf 91' lang='lat' dir='ltr'>quam</span> <span class='ocrx_word' id='word_1_111' title='bbox 327 1388 410 1433; x_wconf 88' lang='lat' dir='ltr'>cum</span> <span class='ocrx_word' id='word_1_112' title='bbox 444 1366 516 1432; x_wconf 91' lang='lat' dir='ltr'>hoc</span> <span class='ocrx_word' id='word_1_113' title='bbox 549 1368 586 1432; x_wconf 92' lang='lat' dir='ltr'>in</span> <span class='ocrx_word' id='word_1_114' title='bbox 620 1390 679 1442; x_wconf 92' lang='lat' dir='ltr'>ea,</span> <span class='ocrx_word' id='word_1_115' title='bbox 715 1390 814 1454; x_wconf 87' lang='lat' dir='ltr'>quae</span> <span class='ocrx_word' id='word_1_116' title='bbox 850 1370 1099 1455; x_wconf 87' lang='lat' dir='ltr'>perspicitur</span> <span class='ocrx_word' id='word_1_117' title='bbox 1134 1369 1289 1442; x_wconf 84' lang='lat' dir='ltr'>futura,</span> <span class='ocrx_word' id='word_1_118' title='bbox 1323 1367 1526 1433; x_wconf 81' lang='lat' dir='ltr'>colluvie</span> 
     </span>
     <span class='ocr_line' id='line_1_14' title="bbox 184 1461 1525 1547; baseline -0.001 -19"><span class='ocrx_word' id='word_1_119' title='bbox 184 1465 378 1547; x_wconf 81' lang='lat' dir='ltr'>regnare.”</span> <span class='ocrx_word' id='word_1_120' title='bbox 420 1462 514 1525; x_wconf 86' lang='lat' dir='ltr'>Multa</span> <span class='ocrx_word' id='word_1_121' title='bbox 537 1461 675 1547; x_wconf 87' lang='lat' dir='ltr'>disputas</span> <span class='ocrx_word' id='word_1_122' title='bbox 697 1461 770 1527; x_wconf 89' lang='lat' dir='ltr'>huic</span> <span class='ocrx_word' id='word_1_123' title='bbox 791 1463 962 1527; x_wconf 87' lang='lat' dir='ltr'>sententiae</span> <span class='ocrx_word' id='word_1_124' title='bbox 981 1463 1206 1529; x_wconf 84' lang='lat' dir='ltr'>convenientia.</span> <span class='ocrx_word' id='word_1_125' title='bbox 1252 1461 1391 1526; x_wconf 89' lang='lat' dir='ltr'>Indead</span> <span class='ocrx_word' id='word_1_126' title='bbox 1412 1471 1525 1527; x_wconf 85' lang='lat' dir='ltr'>extre·</span> 
     </span>
     <span class='ocr_line' id='line_1_15' title="bbox 185 1554 1525 1642; baseline -0.001 -21"><span class='ocrx_word' id='word_1_127' title='bbox 185 1577 286 1622; x_wconf 93' lang='lat' dir='ltr'>mum:</span> <span class='ocrx_word' id='word_1_128' title='bbox 321 1554 451 1632; x_wconf 86' lang='lat' dir='ltr'>„Quid</span> <span class='ocrx_word' id='word_1_129' title='bbox 479 1556 551 1630; x_wconf 91' lang='lat' dir='ltr'>si,”</span> <span class='ocrx_word' id='word_1_130' title='bbox 579 1556 700 1642; x_wconf 90' lang='lat' dir='ltr'>inquis,</span> <span class='ocrx_word' id='word_1_131' title='bbox 734 1556 932 1640; x_wconf 86' lang='lat' dir='ltr'>„Lepidus</span> <span class='ocrx_word' id='word_1_132' title='bbox 960 1566 998 1621; x_wconf 94' lang='lat' dir='ltr'>et</span> <span class='ocrx_word' id='word_1_133' title='bbox 1026 1557 1234 1623; x_wconf 87' lang='lat' dir='ltr'>Volcatius</span> <span class='ocrx_word' id='word_1_134' title='bbox 1265 1555 1525 1622; x_wconf 73' lang='lat' dir='ltr'>discedunt?</span> 
     </span>
     <span class='ocr_line' id='line_1_16' title="bbox 150 1647 1525 1736; baseline -0.001 -21"><span class='ocrx_word' id='word_1_135' title='bbox 150 1649 302 1718; x_wconf 78' lang='lat' dir='ltr'>ssl&#39;lane</span> <span class='ocrx_word' id='word_1_136' title='bbox 338 1652 490 1734; x_wconf 70' lang='lat' dir='ltr'>daupei.</span> <span class='ocrx_word' id='word_1_137' title='bbox 536 1650 645 1727; x_wconf 85' lang='lat' dir='ltr'>Quod</span> <span class='ocrx_word' id='word_1_138' title='bbox 684 1651 867 1714; x_wconf 87' lang='lat' dir='ltr'>evenerit</span> <span class='ocrx_word' id='word_1_139' title='bbox 903 1651 1029 1735; x_wconf 81' lang='lat' dir='ltr'>igitur</span> <span class='ocrx_word' id='word_1_140' title='bbox 1060 1660 1098 1714; x_wconf 95' lang='lat' dir='ltr'>et</span> <span class='ocrx_word' id='word_1_141' title='bbox 1134 1649 1237 1736; x_wconf 92' lang='lat' dir='ltr'>quod</span> <span class='ocrx_word' id='word_1_142' title='bbox 1273 1650 1436 1732; x_wconf 82' lang='lat' dir='ltr'>egeris,</span> <span class='ocrx_word' id='word_1_143' title='bbox 1483 1647 1525 1714; x_wconf 92' lang='lat' dir='ltr'>id</span> 
     </span>
     <span class='ocr_line' id='line_1_17' title="bbox 184 1739 1526 1829; baseline 0 -22"><span class='ocrx_word' id='word_1_144' title='bbox 184 1756 401 1827; x_wconf 76' lang='grc' dir='ltr'><strong><em>στερκτέον</em></strong></span> <span class='ocrx_word' id='word_1_145' title='bbox 423 1741 600 1829; x_wconf 89' lang='lat' dir='ltr'>putabo.”</span> <span class='ocrx_word' id='word_1_146' title='bbox 644 1744 676 1808; x_wconf 87' lang='lat' dir='ltr'>Si</span> <span class='ocrx_word' id='word_1_147' title='bbox 699 1754 764 1808; x_wconf 94' lang='lat' dir='ltr'>tum</span> <span class='ocrx_word' id='word_1_148' title='bbox 786 1743 962 1818; x_wconf 80' lang='lat' dir='ltr'>dubitares,</span> <span class='ocrx_word' id='word_1_149' title='bbox 986 1765 1069 1809; x_wconf 91' lang='lat' dir='ltr'>nunc</span> <span class='ocrx_word' id='word_1_150' title='bbox 1090 1755 1173 1809; x_wconf 89' lang='lat' dir='ltr'>certe</span> <span class='ocrx_word' id='word_1_151' title='bbox 1196 1764 1258 1808; x_wconf 92' lang='lat' dir='ltr'>non</span> <span class='ocrx_word' id='word_1_152' title='bbox 1274 1739 1427 1815; x_wconf 89' lang='lat' dir='ltr'>dubitas,</span> <span class='ocrx_word' id='word_1_153' title='bbox 1452 1742 1526 1807; x_wconf 85' lang='lat' dir='ltr'>istis</span> 
     </span>
     <span class='ocr_line' id='line_1_18' title="bbox 184 1835 1526 1922; baseline -0.001 -21"><span class='ocrx_word' id='word_1_154' title='bbox 184 1835 391 1902; x_wconf 89' lang='lat' dir='ltr'>manentibus.</span> <span class='ocrx_word' id='word_1_155' title='bbox 441 1841 471 1906; x_wconf 89' lang='lat'>8.</span> <span class='ocrx_word' id='word_1_156' title='bbox 500 1837 620 1902; x_wconf 88' lang='lat' dir='ltr'>Deinde</span> <span class='ocrx_word' id='word_1_157' title='bbox 648 1839 681 1904; x_wconf 91' lang='lat' dir='ltr'>in</span> <span class='ocrx_word' id='word_1_158' title='bbox 706 1839 774 1922; x_wconf 87' lang='lat' dir='ltr'>ipsa</span> <span class='ocrx_word' id='word_1_159' title='bbox 802 1837 877 1921; x_wconf 81' lang='lat' dir='ltr'>fuga</span> <span class='ocrx_word' id='word_1_160' title='bbox 903 1857 937 1902; x_wconf 89' lang='lat' dir='ltr'>v.</span> <span class='ocrx_word' id='word_1_161' title='bbox 968 1838 1036 1904; x_wconf 85' lang='lat' dir='ltr'>Kal.</span> <span class='ocrx_word' id='word_1_162' title='bbox 1064 1843 1174 1903; x_wconf 77' lang='lat' dir='ltr'>Mart:</span> <span class='ocrx_word' id='word_1_163' title='bbox 1210 1840 1413 1908; x_wconf 86' lang='lat' dir='ltr'>„Interea</span> <span class='ocrx_word' id='word_1_164' title='bbox 1437 1856 1526 1900; x_wconf 90' lang='lat' dir='ltr'>non</span> 
     </span>
     <span class='ocr_line' id='line_1_19' title="bbox 184 1927 1525 2017; baseline -0.001 -22"><span class='ocrx_word' id='word_1_165' title='bbox 184 1929 339 2004; x_wconf 93' lang='lat' dir='ltr'>dubito,</span> <span class='ocrx_word' id='word_1_166' title='bbox 377 1931 539 2017; x_wconf 84' lang='lat' dir='ltr'>quinio</span> <span class='ocrx_word' id='word_1_167' title='bbox 576 1932 783 1997; x_wconf 86' lang='lat' dir='ltr'>Formiano</span> <span class='ocrx_word' id='word_1_168' title='bbox 813 1952 1025 1996; x_wconf 91' lang='lat' dir='ltr'>mansurus</span> <span class='ocrx_word' id='word_1_169' title='bbox 1058 1932 1120 2000; x_wconf 89' lang='lat' dir='ltr'>sis.</span> <span class='ocrx_word' id='word_1_170' title='bbox 1177 1927 1525 1997; x_wconf 77' lang='lat' dir='ltr'>commodissime</span> 
     </span>
     <span class='ocr_line' id='line_1_20' title="bbox 184 2022 1525 2112; baseline 0.001 -25"><span class='ocrx_word' id='word_1_171' title='bbox 184 2024 285 2089; x_wconf 86' lang='lat' dir='ltr'>enim</span> <span class='ocrx_word' id='word_1_172' title='bbox 312 2025 355 2090; x_wconf 84' lang='grc' dir='ltr'>τὸ</span> <span class='ocrx_word' id='word_1_173' title='bbox 386 2033 535 2109; x_wconf 79' lang='grc' dir='ltr'><strong>μέλλον</strong></span> <span class='ocrx_word' id='word_1_174' title='bbox 562 2024 622 2089; x_wconf 87' lang='lat' dir='ltr'>ibi</span> <span class='ocrx_word' id='word_1_175' title='bbox 654 2027 990 2112; x_wconf 62' lang='lat' dir='ltr'>napaloxq&#39;orafl’</span> <span class='ocrx_word' id='word_1_176' title='bbox 1045 2026 1093 2091; x_wconf 81' lang='lat' dir='ltr'>Ad</span> <span class='ocrx_word' id='word_1_177' title='bbox 1119 2026 1186 2090; x_wconf 85' lang='lat' dir='ltr'>Kal.</span> <span class='ocrx_word' id='word_1_178' title='bbox 1215 2028 1324 2096; x_wconf 66' lang='lat' dir='ltr'>Mart„</span> <span class='ocrx_word' id='word_1_179' title='bbox 1360 2043 1440 2087; x_wconf 81' lang='lat' dir='ltr'>cum</span> <span class='ocrx_word' id='word_1_180' title='bbox 1466 2022 1525 2088; x_wconf 75' lang='lat' dir='ltr'>ille</span> 
     </span>
     <span class='ocr_line' id='line_1_21' title="bbox 145 2114 1524 2204; baseline -0.001 -22"><span class='ocrx_word' id='word_1_181' title='bbox 145 2117 324 2203; x_wconf 78' lang='lat' dir='ltr'>soquintum</span> <span class='ocrx_word' id='word_1_182' title='bbox 347 2118 409 2183; x_wconf 84' lang='lat' dir='ltr'>iam</span> <span class='ocrx_word' id='word_1_183' title='bbox 431 2118 513 2183; x_wconf 94' lang='lat' dir='ltr'>diem</span> <span class='ocrx_word' id='word_1_184' title='bbox 535 2118 693 2184; x_wconf 89' lang='lat' dir='ltr'>Brundisii</span> <span class='ocrx_word' id='word_1_185' title='bbox 721 2127 817 2183; x_wconf 90' lang='lat' dir='ltr'>esset:</span> <span class='ocrx_word' id='word_1_186' title='bbox 856 2124 975 2193; x_wconf 88' lang='lat' dir='ltr'>„Tum</span> <span class='ocrx_word' id='word_1_187' title='bbox 999 2119 1225 2204; x_wconf 88' lang='lat' dir='ltr'>poterimus</span> <span class='ocrx_word' id='word_1_188' title='bbox 1255 2114 1524 2191; x_wconf 83' lang='lat' dir='ltr'>deliberare,</span> 
     </span>
     <span class='ocr_line' id='line_1_22' title="bbox 183 2210 1525 2297; baseline 0 -23"><span class='ocrx_word' id='word_1_189' title='bbox 183 2231 255 2275; x_wconf 91' lang='lat' dir='ltr'>non</span> <span class='ocrx_word' id='word_1_190' title='bbox 289 2211 452 2277; x_wconf 91' lang='lat' dir='ltr'>scilicet</span> <span class='ocrx_word' id='word_1_191' title='bbox 480 2211 642 2297; x_wconf 80' lang='lat' dir='ltr'>integra</span> <span class='ocrx_word' id='word_1_192' title='bbox 673 2233 735 2285; x_wconf 94' lang='lat' dir='ltr'>re,</span> <span class='ocrx_word' id='word_1_193' title='bbox 772 2211 844 2276; x_wconf 91' lang='lat' dir='ltr'>sed·</span> <span class='ocrx_word' id='word_1_194' title='bbox 869 2223 977 2276; x_wconf 90' lang='lat' dir='ltr'>certe</span> <span class='ocrx_word' id='word_1_195' title='bbox 1007 2210 1356 2283; x_wconf 87' lang='lat' dir='ltr'>minusiuiracta,</span> <span class='ocrx_word' id='word_1_196' title='bbox 1399 2230 1525 2295; x_wconf 85' lang='lat' dir='ltr'>quam</span> 
     </span>
     <span class='ocr_line' id='line_1_23' title="bbox 183 2303 1523 2389; baseline 0.002 -22"><span class='ocrx_word' id='word_1_197' title='bbox 183 2303 217 2367; x_wconf 91' lang='lat' dir='ltr'>si</span> <span class='ocrx_word' id='word_1_198' title='bbox 245 2324 317 2368; x_wconf 92' lang='lat' dir='ltr'>una</span> <span class='ocrx_word' id='word_1_199' title='bbox 340 2304 564 2389; x_wconf 83' lang='lat' dir='ltr'>proieceris</span> <span class='ocrx_word' id='word_1_200' title='bbox 587 2310 651 2370; x_wconf 89' lang='lat' dir='ltr'>te.”</span> <span class='ocrx_word' id='word_1_201' title='bbox 694 2305 813 2369; x_wconf 86' lang='lat' dir='ltr'>Deinde</span> <span class='ocrx_word' id='word_1_202' title='bbox 841 2324 886 2369; x_wconf 87' lang='grc' dir='ltr'>ιν.</span> <span class='ocrx_word' id='word_1_203' title='bbox 909 2311 1011 2370; x_wconf 89' lang='lat' dir='ltr'>Nonas</span> <span class='ocrx_word' id='word_1_204' title='bbox 1032 2311 1121 2371; x_wconf 78' lang='lat' dir='ltr'>Mart</span> <span class='ocrx_word' id='word_1_205' title='bbox 1145 2306 1208 2371; x_wconf 77' lang='grc' dir='ltr'>ὑπὸ</span> <span class='ocrx_word' id='word_1_206' title='bbox 1231 2304 1287 2382; x_wconf 76' lang='grc' dir='ltr'>τήν</span> <span class='ocrx_word' id='word_1_207' title='bbox 1310 2309 1421 2383; x_wconf 78' lang='grc' dir='ltr'><strong>λῆψιν</strong></span> <span class='ocrx_word' id='word_1_208' title='bbox 1443 2325 1523 2370; x_wconf 89' lang='lat' dir='ltr'>cum</span> 
     </span>
     <span class='ocr_line' id='line_1_24' title="bbox 182 2395 1523 2484; baseline 0.001 -22"><span class='ocrx_word' id='word_1_209' title='bbox 182 2395 322 2463; x_wconf 89' lang='lat' dir='ltr'>breviter</span> <span class='ocrx_word' id='word_1_210' title='bbox 344 2398 518 2471; x_wconf 85' lang='lat' dir='ltr'>scriberes,</span> <span class='ocrx_word' id='word_1_211' title='bbox 556 2408 659 2463; x_wconf 84' lang='lat' dir='ltr'>tamen</span> <span class='ocrx_word' id='word_1_212' title='bbox 680 2399 771 2484; x_wconf 91' lang='lat' dir='ltr'>ponis</span> <span class='ocrx_word' id='word_1_213' title='bbox 792 2398 872 2463; x_wconf 93' lang='lat' dir='ltr'>hoc:</span> <span class='ocrx_word' id='word_1_214' title='bbox 915 2399 1235 2473; x_wconf 77' lang='lat' dir='ltr'>..Crasscribam</span> <span class='ocrx_word' id='word_1_215' title='bbox 1258 2396 1379 2482; x_wconf 86' lang='lat' dir='ltr'>plura</span> <span class='ocrx_word' id='word_1_216' title='bbox 1405 2410 1445 2463; x_wconf 89' lang='lat' dir='ltr'>et</span> <span class='ocrx_word' id='word_1_217' title='bbox 1469 2397 1523 2464; x_wconf 86' lang='lat' dir='ltr'>ad</span> 
     </span>
     <span class='ocr_line' id='line_1_25' title="bbox 183 2491 1524 2578; baseline 0.001 -22"><span class='ocrx_word' id='word_1_218' title='bbox 183 2496 332 2567; x_wconf 91' lang='lat' dir='ltr'>omnia;</span> <span class='ocrx_word' id='word_1_219' title='bbox 362 2492 433 2557; x_wconf 90' lang='lat' dir='ltr'>boc</span> <span class='ocrx_word' id='word_1_220' title='bbox 469 2504 597 2557; x_wconf 89' lang='lat' dir='ltr'>tamen</span> <span class='ocrx_word' id='word_1_221' title='bbox 629 2492 778 2566; x_wconf 91' lang='lat' dir='ltr'>dicam,</span> <span class='ocrx_word' id='word_1_222' title='bbox 816 2513 888 2557; x_wconf 95' lang='lat' dir='ltr'>non</span> <span class='ocrx_word' id='word_1_223' title='bbox 923 2493 1137 2578; x_wconf 91' lang='lat' dir='ltr'>poenitere</span> <span class='ocrx_word' id='word_1_224' title='bbox 1172 2513 1226 2556; x_wconf 89' lang='lat' dir='ltr'>me</span> <span class='ocrx_word' id='word_1_225' title='bbox 1256 2491 1434 2556; x_wconf 91' lang='lat' dir='ltr'>consilii</span> <span class='ocrx_word' id='word_1_226' title='bbox 1473 2491 1524 2558; x_wconf 84' lang='lat' dir='ltr'>ds</span> 
     </span>
     <span class='ocr_line' id='line_1_26' title="bbox 143 2586 1522 2671; baseline 0.002 -24"><span class='ocrx_word' id='word_1_227' title='bbox 143 2594 245 2649; x_wconf 75' lang='lat' dir='ltr'>sstua</span> <span class='ocrx_word' id='word_1_228' title='bbox 269 2586 485 2660; x_wconf 90' lang='lat' dir='ltr'>mansione,</span> <span class='ocrx_word' id='word_1_229' title='bbox 518 2594 571 2659; x_wconf 91' lang='lat' dir='ltr'>et,</span> <span class='ocrx_word' id='word_1_230' title='bbox 602 2607 836 2671; x_wconf 88' lang='lat' dir='ltr'>quamquam</span> <span class='ocrx_word' id='word_1_231' title='bbox 859 2608 996 2671; x_wconf 83' lang='lat' dir='ltr'>magna</span> <span class='ocrx_word' id='word_1_232' title='bbox 1019 2586 1332 2658; x_wconf 83' lang='lat' dir='ltr'>sollicitudine.</span> <span class='ocrx_word' id='word_1_233' title='bbox 1369 2596 1522 2661; x_wconf 82' lang='lat' dir='ltr'>tamen,</span> 
     </span>
     <span class='ocr_line' id='line_1_27' title="bbox 183 2678 1522 2768; baseline 0.002 -27"><span class='ocrx_word' id='word_1_234' title='bbox 183 2678 277 2759; x_wconf 87' lang='lat' dir='ltr'>quia</span> <span class='ocrx_word' id='word_1_235' title='bbox 310 2678 441 2743; x_wconf 90' lang='lat' dir='ltr'>minus</span> <span class='ocrx_word' id='word_1_236' title='bbox 471 2679 566 2744; x_wconf 88' lang='lat' dir='ltr'>mali</span> <span class='ocrx_word' id='word_1_237' title='bbox 595 2689 692 2765; x_wconf 90' lang='lat' dir='ltr'>puto</span> <span class='ocrx_word' id='word_1_238' title='bbox 721 2700 948 2766; x_wconf 89' lang='lat' dir='ltr'>essequam</span> <span class='ocrx_word' id='word_1_239' title='bbox 980 2684 1018 2744; x_wconf 94' lang='lat' dir='ltr'>in</span> <span class='ocrx_word' id='word_1_240' title='bbox 1042 2681 1113 2746; x_wconf 89' lang='lat' dir='ltr'>illa</span> <span class='ocrx_word' id='word_1_241' title='bbox 1134 2682 1412 2768; x_wconf 84' lang='lat' dir='ltr'>proiectione,</span> <span class='ocrx_word' id='word_1_242' title='bbox 1436 2701 1522 2745; x_wconf 85' lang='lat' dir='ltr'>ma-</span> 
     </span>
     <span class='ocr_line' id='line_1_28' title="bbox 183 2769 1521 2857; baseline 0.003 -22"><span class='ocrx_word' id='word_1_243' title='bbox 183 2791 256 2835; x_wconf 91' lang='lat' dir='ltr'>neo</span> <span class='ocrx_word' id='word_1_244' title='bbox 289 2770 327 2836; x_wconf 94' lang='lat' dir='ltr'>in</span> <span class='ocrx_word' id='word_1_245' title='bbox 360 2773 562 2837; x_wconf 88' lang='lat' dir='ltr'>sententia</span> <span class='ocrx_word' id='word_1_246' title='bbox 595 2782 631 2837; x_wconf 86' lang='lat' dir='ltr'>et</span> <span class='ocrx_word' id='word_1_247' title='bbox 658 2772 813 2857; x_wconf 81' lang='lat' dir='ltr'>gaudeo</span> <span class='ocrx_word' id='word_1_248' title='bbox 850 2783 887 2837; x_wconf 92' lang='lat' dir='ltr'>te</span> <span class='ocrx_word' id='word_1_249' title='bbox 920 2776 1143 2839; x_wconf 85' lang='lat' dir='ltr'>mansisse.&#39;&#39;</span> <span class='ocrx_word' id='word_1_250' title='bbox 1187 2780 1216 2839; x_wconf 82' lang='lat'>9.</span> <span class='ocrx_word' id='word_1_251' title='bbox 1240 2781 1317 2842; x_wconf 85' lang='lat' dir='ltr'>Cum</span> <span class='ocrx_word' id='word_1_252' title='bbox 1341 2796 1426 2840; x_wconf 89' lang='lat' dir='ltr'>vero</span> <span class='ocrx_word' id='word_1_253' title='bbox 1450 2769 1521 2840; x_wconf 73' lang='lat' dir='ltr'>ia&#39;in</span> 
     </span>
     <span class='ocr_line' id='line_1_29' title="bbox 182 2866 1522 2952; baseline 0.004 -24"><span class='ocrx_word' id='word_1_254' title='bbox 182 2885 316 2948; x_wconf 85' lang='lat' dir='ltr'>angerer</span> <span class='ocrx_word' id='word_1_255' title='bbox 337 2874 368 2929; x_wconf 93' lang='lat' dir='ltr'>et</span> <span class='ocrx_word' id='word_1_256' title='bbox 389 2866 549 2940; x_wconf 89' lang='lat' dir='ltr'>timerem,</span> <span class='ocrx_word' id='word_1_257' title='bbox 578 2888 617 2931; x_wconf 91' lang='lat' dir='ltr'>ne</span> <span class='ocrx_word' id='word_1_258' title='bbox 640 2866 717 2952; x_wconf 89' lang='lat' dir='ltr'>quid</span> <span class='ocrx_word' id='word_1_259' title='bbox 740 2888 758 2930; x_wconf 91' lang='lat' dir='ltr'>a</span> <span class='ocrx_word' id='word_1_260' title='bbox 780 2888 830 2931; x_wconf 92' lang='lat' dir='ltr'>me</span> <span class='ocrx_word' id='word_1_261' title='bbox 853 2867 1016 2933; x_wconf 90' lang='lat' dir='ltr'>dedecoris</span> <span class='ocrx_word' id='word_1_262' title='bbox 1039 2878 1121 2933; x_wconf 90' lang='lat' dir='ltr'>esset</span> <span class='ocrx_word' id='word_1_263' title='bbox 1142 2869 1328 2945; x_wconf 87' lang='lat' dir='ltr'>admissum,</span> <span class='ocrx_word' id='word_1_264' title='bbox 1368 2890 1428 2935; x_wconf 91' lang='grc' dir='ltr'><strong>ιιι.</strong></span> <span class='ocrx_word' id='word_1_265' title='bbox 1451 2874 1522 2934; x_wconf 83' lang='lat' dir='ltr'>No·</span> 
     </span>
     <span class='ocr_line' id='line_1_30' title="bbox 125 2951 1521 3048; baseline 0.005 -28"><span class='ocrx_word' id='word_1_266' title='bbox 125 2951 128 2957; x_wconf 77' lang='grc'><strong>’</strong></span> <span class='ocrx_word' id='word_1_267' title='bbox 182 2962 364 3022; x_wconf 81' lang='lat' dir='ltr'>nasllart.:</span> <span class='ocrx_word' id='word_1_268' title='bbox 405 2964 572 3031; x_wconf 87' lang='lat' dir='ltr'>„Tamen</span> <span class='ocrx_word' id='word_1_269' title='bbox 602 2969 637 3024; x_wconf 90' lang='lat' dir='ltr'>te</span> <span class='ocrx_word' id='word_1_270' title='bbox 665 2981 741 3025; x_wconf 92' lang='lat' dir='ltr'>uon</span> <span class='ocrx_word' id='word_1_271' title='bbox 772 2981 856 3025; x_wconf 91' lang='lat' dir='ltr'>esse</span> <span class='ocrx_word' id='word_1_272' title='bbox 884 2982 957 3025; x_wconf 90' lang='lat' dir='ltr'>uua</span> <span class='ocrx_word' id='word_1_273' title='bbox 989 2982 1072 3027; x_wconf 89' lang='lat' dir='ltr'>cum</span> <span class='ocrx_word' id='word_1_274' title='bbox 1101 2965 1290 3048; x_wconf 91' lang='lat' dir='ltr'>Pompeio</span> <span class='ocrx_word' id='word_1_275' title='bbox 1312 2986 1390 3030; x_wconf 93' lang='lat' dir='ltr'>non</span> <span class='ocrx_word' id='word_1_276' title='bbox 1416 2963 1521 3045; x_wconf 84' lang='lat' dir='ltr'>iero</span> 
     </span>
     <span class='ocr_line' id='line_1_31' title="bbox 142 3052 1519 3140; baseline 0.005 -26"><span class='ocrx_word' id='word_1_277' title='bbox 142 3052 359 3116; x_wconf 78' lang='lat' dir='ltr'>somoleste.</span> <span class='ocrx_word' id='word_1_278' title='bbox 402 3056 546 3117; x_wconf 87' lang='lat' dir='ltr'>Postea</span> <span class='ocrx_word' id='word_1_279' title='bbox 575 3054 605 3118; x_wconf 92' lang='lat' dir='ltr'>si</span> <span class='ocrx_word' id='word_1_280' title='bbox 628 3075 724 3140; x_wconf 90' lang='lat' dir='ltr'>opus</span> <span class='ocrx_word' id='word_1_281' title='bbox 746 3052 891 3127; x_wconf 84' lang='lat' dir='ltr'>fuerit,</span> <span class='ocrx_word' id='word_1_282' title='bbox 922 3056 1321 3135; x_wconf 86' lang='lat' dir='ltr'>noneritdiil&#39;icile;</span> <span class='ocrx_word' id='word_1_283' title='bbox 1358 3057 1519 3129; x_wconf 92' lang='lat' dir='ltr'>etilli,</span> 
     </span>
     <span class='ocr_line' id='line_1_32' title="bbox 183 3147 1518 3232; baseline 0.006 -24"><span class='ocrx_word' id='word_1_284' title='bbox 183 3165 344 3231; x_wconf 90' lang='lat' dir='ltr'>quoquo</span> <span class='ocrx_word' id='word_1_285' title='bbox 373 3155 551 3232; x_wconf 91' lang='lat' dir='ltr'>tempore</span> <span class='ocrx_word' id='word_1_286' title='bbox 580 3147 671 3223; x_wconf 85' lang='lat' dir='ltr'>liet,</span> <span class='ocrx_word' id='word_1_287' title='bbox 702 3149 778 3212; x_wconf 91' lang='lat' dir='ltr'>erit</span> <span class='ocrx_word' id='word_1_288' title='bbox 811 3153 1073 3232; x_wconf 79' lang='grc' dir='ltr'><strong>ἀσμένιστον.</strong></span> <span class='ocrx_word' id='word_1_289' title='bbox 1127 3150 1200 3215; x_wconf 90' lang='lat' dir='ltr'>Sed</span> <span class='ocrx_word' id='word_1_290' title='bbox 1223 3150 1375 3216; x_wconf 90' lang='lat' dir='ltr'>bocita</span> <span class='ocrx_word' id='word_1_291' title='bbox 1400 3151 1518 3223; x_wconf 92' lang='lat' dir='ltr'>dico,</span> 
     </span>
     <span class='ocr_line' id='line_1_33' title="bbox 183 3238 1520 3328; baseline 0.006 -25"><span class='ocrx_word' id='word_1_292' title='bbox 183 3238 216 3303; x_wconf 92' lang='lat' dir='ltr'>si</span> <span class='ocrx_word' id='word_1_293' title='bbox 242 3238 322 3310; x_wconf 87' lang='lat' dir='ltr'>hie,</span> <span class='ocrx_word' id='word_1_294' title='bbox 354 3241 782 3325; x_wconf 89' lang='lat' dir='ltr'>quaratioueinitium</span> <span class='ocrx_word' id='word_1_295' title='bbox 806 3243 923 3318; x_wconf 87' lang='lat' dir='ltr'>iecit,</span> <span class='ocrx_word' id='word_1_296' title='bbox 958 3244 1093 3308; x_wconf 89' lang='lat' dir='ltr'>eadem</span> <span class='ocrx_word' id='word_1_297' title='bbox 1121 3255 1396 3328; x_wconf 80' lang='lat' dir='ltr'>ceterasget,</span> <span class='ocrx_word' id='word_1_298' title='bbox 1434 3247 1520 3311; x_wconf 88' lang='lat' dir='ltr'>siu-</span> 
     </span>
     <span class='ocr_line' id='line_1_34' title="bbox 183 3336 1518 3421; baseline 0.007 -26"><span class='ocrx_word' id='word_1_299' title='bbox 183 3352 294 3404; x_wconf 89' lang='lat' dir='ltr'>ccre,</span> <span class='ocrx_word' id='word_1_300' title='bbox 317 3343 554 3420; x_wconf 88' lang='lat' dir='ltr'>temperate,</span> <span class='ocrx_word' id='word_1_301' title='bbox 577 3337 813 3421; x_wconf 89' lang='lat' dir='ltr'>prudenter,</span> <span class='ocrx_word' id='word_1_302' title='bbox 836 3336 952 3402; x_wconf 86' lang='lat' dir='ltr'>valde</span> <span class='ocrx_word' id='word_1_303' title='bbox 974 3337 1113 3401; x_wconf 89' lang='lat' dir='ltr'>videro</span> <span class='ocrx_word' id='word_1_304' title='bbox 1144 3349 1182 3401; x_wconf 92' lang='lat' dir='ltr'>et</span> <span class='ocrx_word' id='word_1_305' title='bbox 1204 3338 1518 3404; x_wconf 89' lang='lat' dir='ltr'>consideratius</span> 
     </span>
     <span class='ocr_line' id='line_1_35' title="bbox 183 3425 1519 3497; baseline 0.005 -7"><span class='ocrx_word' id='word_1_306' title='bbox 183 3425 356 3491; x_wconf 88' lang='lat' dir='ltr'>utilitati</span> <span class='ocrx_word' id='word_1_307' title='bbox 371 3438 536 3493; x_wconf 91' lang='lat' dir='ltr'>nostrae</span> <span class='ocrx_word' id='word_1_308' title='bbox 558 3432 831 3496; x_wconf 88' lang='lat' dir='ltr'>consuluero.”</span> <span class='ocrx_word' id='word_1_309' title='bbox 874 3437 918 3497; x_wconf 87' lang='lat'>10.</span> <span class='ocrx_word' id='word_1_310' title='bbox 942 3451 1003 3496; x_wconf 88' lang='lat' dir='ltr'>vu.</span> <span class='ocrx_word' id='word_1_311' title='bbox 1020 3431 1092 3496; x_wconf 93' lang='lat' dir='ltr'>ldus</span> <span class='ocrx_word' id='word_1_312' title='bbox 1107 3436 1198 3496; x_wconf 89' lang='lat' dir='ltr'>lllart.</span> <span class='ocrx_word' id='word_1_313' title='bbox 1213 3431 1324 3497; x_wconf 89' lang='lat' dir='ltr'>scribis</span> <span class='ocrx_word' id='word_1_314' title='bbox 1338 3432 1519 3497; x_wconf 89' lang='lat' dir='ltr'>Peducaeo</span> 
     </span>
     <span class='ocr_line' id='line_1_36' title="bbox 145 3522 1514 3611; baseline 0.007 -29"><span class='ocrx_word' id='word_1_315' title='bbox 145 3541 174 3583; x_wconf 82' lang='lat' dir='ltr'>ss</span> <span class='ocrx_word' id='word_1_316' title='bbox 184 3539 309 3603; x_wconf 88' lang='lat' dir='ltr'>quoque</span> <span class='ocrx_word' id='word_1_317' title='bbox 318 3531 426 3586; x_wconf 93' lang='lat' dir='ltr'>nostro</span> <span class='ocrx_word' id='word_1_318' title='bbox 434 3522 573 3608; x_wconf 86' lang='lat' dir='ltr'>probari,</span> <span class='ocrx_word' id='word_1_319' title='bbox 587 3525 671 3610; x_wconf 92' lang='lat' dir='ltr'>quod</span> <span class='ocrx_word' id='word_1_320' title='bbox 680 3525 828 3611; x_wconf 90' lang='lat' dir='ltr'>quierim;</span> <span class='ocrx_word' id='word_1_321' title='bbox 841 3527 1242 3591; x_wconf 87' lang='lat' dir='ltr'>cuinsauetoritasmultum</span> <span class='ocrx_word' id='word_1_322' title='bbox 1251 3525 1333 3610; x_wconf 93' lang='lat' dir='ltr'>apud</span> <span class='ocrx_word' id='word_1_323' title='bbox 1345 3546 1395 3588; x_wconf 94' lang='lat' dir='ltr'>me</span> <span class='ocrx_word' id='word_1_324' title='bbox 1411 3526 1514 3591; x_wconf 90' lang='lat' dir='ltr'>valet.</span> 
     </span>
     <span class='ocr_line' id='line_1_37' title="bbox 183 3612 1516 3705; baseline 0.008 -30"><span class='ocrx_word' id='word_1_325' title='bbox 183 3612 238 3676; x_wconf 88' lang='lat' dir='ltr'>His</span> <span class='ocrx_word' id='word_1_326' title='bbox 260 3633 318 3697; x_wconf 84' lang='lat' dir='ltr'>ego</span> <span class='ocrx_word' id='word_1_327' title='bbox 342 3615 402 3679; x_wconf 92' lang='lat' dir='ltr'>tuis</span> <span class='ocrx_word' id='word_1_328' title='bbox 423 3617 546 3698; x_wconf 88' lang='lat' dir='ltr'>scriptis</span> <span class='ocrx_word' id='word_1_329' title='bbox 568 3639 618 3681; x_wconf 92' lang='lat' dir='ltr'>me</span> <span class='ocrx_word' id='word_1_330' title='bbox 640 3618 803 3690; x_wconf 89' lang='lat' dir='ltr'>consolor,</span> <span class='ocrx_word' id='word_1_331' title='bbox 827 3629 861 3684; x_wconf 89' lang='lat' dir='ltr'>ut</span> <span class='ocrx_word' id='word_1_332' title='bbox 882 3620 957 3683; x_wconf 88' lang='lat' dir='ltr'>nihil</span> <span class='ocrx_word' id='word_1_333' title='bbox 981 3641 998 3682; x_wconf 91' lang='lat' dir='ltr'>a</span> <span class='ocrx_word' id='word_1_334' title='bbox 1021 3641 1070 3683; x_wconf 93' lang='lat' dir='ltr'>me</span> <span class='ocrx_word' id='word_1_335' title='bbox 1093 3620 1193 3684; x_wconf 89' lang='lat' dir='ltr'>adbuc</span> <span class='ocrx_word' id='word_1_336' title='bbox 1216 3620 1361 3684; x_wconf 86' lang='lat' dir='ltr'>delictum</span> <span class='ocrx_word' id='word_1_337' title='bbox 1385 3629 1516 3705; x_wconf 92' lang='lat' dir='ltr'>putem.</span> 
     </span>
     <span class='ocr_line' id='line_1_38' title="bbox 182 3705 1515 3799; baseline 0.007 -30"><span class='ocrx_word' id='word_1_338' title='bbox 182 3710 228 3770; x_wconf 81' lang='lat' dir='ltr'>Tu</span> <span class='ocrx_word' id='word_1_339' title='bbox 251 3705 345 3771; x_wconf 94' lang='lat' dir='ltr'>modo</span> <span class='ocrx_word' id='word_1_340' title='bbox 367 3709 583 3774; x_wconf 86' lang='lat' dir='ltr'>auctoritatem</span> <span class='ocrx_word' id='word_1_341' title='bbox 606 3720 689 3775; x_wconf 90' lang='lat' dir='ltr'>tuam</span> <span class='ocrx_word' id='word_1_342' title='bbox 712 3711 890 3776; x_wconf 85' lang='lat' dir='ltr'>defendito:</span> <span class='ocrx_word' id='word_1_343' title='bbox 913 3712 1063 3777; x_wconf 83' lang='lat' dir='ltr'>adversus</span> <span class='ocrx_word' id='word_1_344' title='bbox 1086 3733 1136 3775; x_wconf 90' lang='lat' dir='ltr'>me</span> <span class='ocrx_word' id='word_1_345' title='bbox 1159 3713 1235 3778; x_wconf 91' lang='lat' dir='ltr'>nibil</span> <span class='ocrx_word' id='word_1_346' title='bbox 1258 3734 1338 3799; x_wconf 94' lang='lat' dir='ltr'>opus</span> <span class='ocrx_word' id='word_1_347' title='bbox 1361 3725 1427 3786; x_wconf 90' lang='lat' dir='ltr'>est,</span> <span class='ocrx_word' id='word_1_348' title='bbox 1453 3712 1515 3779; x_wconf 89' lang='lat' dir='ltr'>sed</span> 
     </span>
    </p>
   </div>
   <div class='ocr_carea' id='block_1_3' title="bbox 596 3876 1512 3888">
    <p class='ocr_par' dir='ltr' id='par_1_3' title="bbox 596 3876 1512 3888">
     <span class='ocr_line' id='line_1_39' title="bbox 596 3876 1512 3888; baseline 0.004 -6"><span class='ocrx_word' id='word_1_349' title='bbox 596 3876 748 3883; x_wconf 70' lang='lat'><em>-—.--.</em></span> <span class='ocrx_word' id='word_1_350' title='bbox 931 3877 941 3882; x_wconf 88' lang='lat'><em>-</em></span> <span class='ocrx_word' id='word_1_351' title='bbox 954 3878 1010 3883; x_wconf 67' lang='lat'>—-</span> <span class='ocrx_word' id='word_1_352' title='bbox 1024 3878 1105 3883; x_wconf 80' lang='lat'>—.-</span> <span class='ocrx_word' id='word_1_353' title='bbox 1120 3878 1189 3884; x_wconf 73' lang='lat'>--—-</span> <span class='ocrx_word' id='word_1_354' title='bbox 1208 3879 1243 3885; x_wconf 89' lang='grc'><strong>.-..</strong></span> <span class='ocrx_word' id='word_1_355' title='bbox 1256 3880 1266 3884; x_wconf 91' lang='grc'>-</span> <span class='ocrx_word' id='word_1_356' title='bbox 1307 3879 1319 3883; x_wconf 80' lang='lat'>-.</span> <span class='ocrx_word' id='word_1_357' title='bbox 1346 3880 1349 3884; x_wconf 89' lang='lat'><em>.</em></span> <span class='ocrx_word' id='word_1_358' title='bbox 1371 3879 1512 3888; x_wconf 69' lang='lat'><em>.—.·..-..</em></span> 
     </span>
    </p>
   </div>
   <div class='ocr_carea' id='block_1_4' title="bbox 181 3962 1572 4869">
    <p class='ocr_par' dir='ltr' id='par_1_4' title="bbox 181 3962 1572 4869">
     <span class='ocr_line' id='line_1_40' title="bbox 251 3962 1512 4047; baseline 0.006 -36"><span class='ocrx_word' id='word_1_359' title='bbox 251 3966 275 4011; x_wconf 85' lang='lat'>1.</span> <span class='ocrx_word' id='word_1_360' title='bbox 295 3978 484 4034; x_wconf 75' lang='grc' dir='ltr'>ρενικωτερον</span> <span class='ocrx_word' id='word_1_361' title='bbox 501 3965 550 4024; x_wconf 86' lang='grc' dir='ltr'>Μ,</span> <span class='ocrx_word' id='word_1_362' title='bbox 580 3980 785 4047; x_wconf 75' lang='grc' dir='ltr'>αρενικοτερον</span> <span class='ocrx_word' id='word_1_363' title='bbox 803 3963 926 4028; x_wconf 83' lang='lat' dir='ltr'>(sic)R,</span> <span class='ocrx_word' id='word_1_364' title='bbox 959 3962 1192 4036; x_wconf 77' lang='grc' dir='ltr'>ἀρρενικώτερον</span> <span class='ocrx_word' id='word_1_365' title='bbox 1212 3981 1266 4030; x_wconf 76' lang='lat' dir='ltr'>mg.</span> <span class='ocrx_word' id='word_1_366' title='bbox 1291 3968 1340 4027; x_wconf 92' lang='grc' dir='ltr'>Μ,</span> <span class='ocrx_word' id='word_1_367' title='bbox 1373 3970 1512 4034; x_wconf 78' lang='grc' dir='ltr'>αἰνικτη-</span> 
     </span>
     <span class='ocr_line' id='line_1_41' title="bbox 181 4029 1509 4104; baseline 0.005 -23"><span class='ocrx_word' id='word_1_368' title='bbox 181 4029 320 4102; x_wconf 80' lang='lat' dir='ltr'>pmirapov</span> <span class='ocrx_word' id='word_1_369' title='bbox 339 4035 513 4094; x_wconf 84' lang='lat' dir='ltr'>Schuetaius,</span> <span class='ocrx_word' id='word_1_370' title='bbox 533 4032 899 4104; x_wconf 75' lang='lat' dir='ltr'>ysvvcxnirapovldntthiae</span> <span class='ocrx_word' id='word_1_371' title='bbox 937 4036 982 4094; x_wconf 90' lang='lat' dir='ltr'>(Ut</span> <span class='ocrx_word' id='word_1_372' title='bbox 1000 4050 1065 4095; x_wconf 90' lang='lat' dir='ltr'>nos,</span> <span class='ocrx_word' id='word_1_373' title='bbox 1093 4037 1301 4088; x_wconf 70' lang='lat' dir='ltr'>Victoriusl-</span> <span class='ocrx_word' id='word_1_374' title='bbox 1339 4036 1375 4101; x_wconf 85' lang='lat' dir='ltr'>ct]</span> <span class='ocrx_word' id='word_1_375' title='bbox 1395 4041 1442 4088; x_wconf 81' lang='lat' dir='ltr'>sed</span> <span class='ocrx_word' id='word_1_376' title='bbox 1464 4055 1509 4103; x_wconf 90' lang='lat' dir='ltr'>pr.</span> 
     </span>
     <span class='ocr_line' id='line_1_42' title="bbox 181 4105 1511 4169; baseline 0.003 -14"><span class='ocrx_word' id='word_1_377' title='bbox 181 4105 269 4155; x_wconf 87' lang='grc' dir='ltr'>Μ.-</span> <span class='ocrx_word' id='word_1_378' title='bbox 308 4107 435 4169; x_wconf 64' lang='lat' dir='ltr'>quomam</span> <span class='ocrx_word' id='word_1_379' title='bbox 452 4106 552 4155; x_wconf 88' lang='lat' dir='ltr'>delevit</span> <span class='ocrx_word' id='word_1_380' title='bbox 574 4106 740 4156; x_wconf 82' lang='lat' dir='ltr'>Schuetaius.</span> <span class='ocrx_word' id='word_1_381' title='bbox 778 4106 849 4155; x_wconf 82' lang='lat' dir='ltr'>Fort.</span> <span class='ocrx_word' id='word_1_382' title='bbox 877 4109 953 4169; x_wconf 75' lang='lat' dir='ltr'>qsaasi</span> <span class='ocrx_word' id='word_1_383' title='bbox 983 4107 1059 4155; x_wconf 86' lang='lat' dir='ltr'>clam.</span> <span class='ocrx_word' id='word_1_384' title='bbox 1090 4107 1198 4156; x_wconf 87' lang='grc' dir='ltr'><strong>οιι.-</strong></span> <span class='ocrx_word' id='word_1_385' title='bbox 1231 4117 1311 4169; x_wconf 78' lang='lat' dir='ltr'>putas</span> <span class='ocrx_word' id='word_1_386' title='bbox 1337 4111 1380 4157; x_wconf 81' lang='lat' dir='ltr'>sed</span> <span class='ocrx_word' id='word_1_387' title='bbox 1406 4111 1511 4160; x_wconf 82' lang='lat' dir='ltr'>utita-</span> 
     </span>
     <span class='ocr_line' id='line_1_43' title="bbox 182 4172 1506 4239; baseline 0.004 -17"><span class='ocrx_word' id='word_1_388' title='bbox 182 4175 245 4223; x_wconf 77' lang='lat' dir='ltr'>ltam</span> <span class='ocrx_word' id='word_1_389' title='bbox 264 4188 304 4236; x_wconf 86' lang='lat' dir='ltr'>pr</span> <span class='ocrx_word' id='word_1_390' title='bbox 323 4173 413 4224; x_wconf 86' lang='grc' dir='ltr'>Μ.-</span> <span class='ocrx_word' id='word_1_391' title='bbox 443 4175 468 4225; x_wconf 93' lang='grc'>3.</span> <span class='ocrx_word' id='word_1_392' title='bbox 488 4172 602 4239; x_wconf 81' lang='lat' dir='ltr'>nulla]</span> <span class='ocrx_word' id='word_1_393' title='bbox 592 4177 787 4226; x_wconf 78' lang='lat' dir='ltr'>mt&#39;lloll-</span> <span class='ocrx_word' id='word_1_394' title='bbox 807 4176 833 4225; x_wconf 89' lang='grc'><strong>8.</strong></span> <span class='ocrx_word' id='word_1_395' title='bbox 854 4176 1027 4225; x_wconf 79' lang='lat' dir='ltr'>cnolvil-</span> <span class='ocrx_word' id='word_1_396' title='bbox 1057 4178 1102 4226; x_wconf 85' lang='grc' dir='ltr'>Μ’.</span> <span class='ocrx_word' id='word_1_397' title='bbox 1124 4176 1269 4226; x_wconf 85' lang='lat' dir='ltr'>Graevius.</span> <span class='ocrx_word' id='word_1_398' title='bbox 1295 4179 1330 4227; x_wconf 91' lang='grc' dir='ltr'><strong>Μ</strong></span> <span class='ocrx_word' id='word_1_399' title='bbox 1351 4179 1451 4228; x_wconf 76' lang='lat' dir='ltr'>Mutis.</span> <span class='ocrx_word' id='word_1_400' title='bbox 1476 4203 1506 4215; x_wconf 93' lang='lat'>-</span> 
     </span>
     <span class='ocr_line' id='line_1_44' title="bbox 181 4245 1507 4312; baseline 0.004 -18"><span class='ocrx_word' id='word_1_401' title='bbox 181 4245 207 4294; x_wconf 87' lang='grc'>8.</span> <span class='ocrx_word' id='word_1_402' title='bbox 227 4250 377 4303; x_wconf 82' lang='lat' dir='ltr'>remanent,</span> <span class='ocrx_word' id='word_1_403' title='bbox 400 4246 463 4294; x_wconf 80' lang='lat' dir='ltr'>dum</span> <span class='ocrx_word' id='word_1_404' title='bbox 486 4250 608 4309; x_wconf 80' lang='lat' dir='ltr'>potuita</span> <span class='ocrx_word' id='word_1_405' title='bbox 627 4245 717 4302; x_wconf 76' lang='lat' dir='ltr'>naut,</span> <span class='ocrx_word' id='word_1_406' title='bbox 750 4254 883 4296; x_wconf 77' lang='lat' dir='ltr'>remanent</span> <span class='ocrx_word' id='word_1_407' title='bbox 906 4253 959 4295; x_wconf 85' lang='lat' dir='ltr'>tum</span> <span class='ocrx_word' id='word_1_408' title='bbox 980 4249 1019 4295; x_wconf 86' lang='lat' dir='ltr'>ita</span> <span class='ocrx_word' id='word_1_409' title='bbox 1034 4254 1099 4310; x_wconf 83' lang='lat' dir='ltr'>puto</span> <span class='ocrx_word' id='word_1_410' title='bbox 1120 4253 1149 4294; x_wconf 81' lang='lat' dir='ltr'>nt</span> <span class='ocrx_word' id='word_1_411' title='bbox 1167 4247 1197 4295; x_wconf 78' lang='lat' dir='ltr'>R.</span> <span class='ocrx_word' id='word_1_412' title='bbox 1223 4273 1255 4284; x_wconf 92' lang='lat'>-</span> <span class='ocrx_word' id='word_1_413' title='bbox 1292 4249 1333 4297; x_wconf 82' lang='lat'>10.</span> <span class='ocrx_word' id='word_1_414' title='bbox 1353 4249 1441 4297; x_wconf 81' lang='lat' dir='ltr'>salvos</span> <span class='ocrx_word' id='word_1_415' title='bbox 1463 4264 1507 4312; x_wconf 85' lang='lat' dir='ltr'>pr.</span> 
     </span>
     <span class='ocr_line' id='line_1_45' title="bbox 182 4313 1504 4383; baseline 0.005 -20"><span class='ocrx_word' id='word_1_416' title='bbox 182 4313 219 4363; x_wconf 92' lang='grc' dir='ltr'>Μ.</span> <span class='ocrx_word' id='word_1_417' title='bbox 245 4337 270 4345; x_wconf 94' lang='grc'><strong>-</strong></span> <span class='ocrx_word' id='word_1_418' title='bbox 303 4314 402 4364; x_wconf 70' lang='lat' dir='ltr'>alicubi</span> <span class='ocrx_word' id='word_1_419' title='bbox 429 4315 466 4366; x_wconf 89' lang='grc' dir='ltr'>Μ.</span> <span class='ocrx_word' id='word_1_420' title='bbox 497 4342 525 4352; x_wconf 96' lang='grc'>-</span> <span class='ocrx_word' id='word_1_421' title='bbox 563 4314 692 4380; x_wconf 72' lang='lat' dir='ltr'>resolata]</span> <span class='ocrx_word' id='word_1_422' title='bbox 709 4315 891 4367; x_wconf 80' lang='lat' dir='ltr'><em>HEKTEINA</em></span> <span class='ocrx_word' id='word_1_423' title='bbox 910 4316 956 4372; x_wconf 88' lang='grc' dir='ltr'>Μ,</span> <span class='ocrx_word' id='word_1_424' title='bbox 994 4313 1015 4383; x_wconf 78' lang='grc' dir='ltr'><em>ἤ</em></span> <span class='ocrx_word' id='word_1_425' title='bbox 1041 4318 1139 4367; x_wconf 75' lang='grc' dir='ltr'><em>ἐκεῖνα</em></span> <span class='ocrx_word' id='word_1_426' title='bbox 1167 4331 1220 4377; x_wconf 80' lang='lat' dir='ltr'>mg.</span> <span class='ocrx_word' id='word_1_427' title='bbox 1251 4318 1296 4375; x_wconf 91' lang='grc' dir='ltr'>Μ,</span> <span class='ocrx_word' id='word_1_428' title='bbox 1323 4334 1440 4368; x_wconf 68' lang='lat' dir='ltr'>zazecca</span> <span class='ocrx_word' id='word_1_429' title='bbox 1470 4321 1504 4369; x_wconf 82' lang='lat' dir='ltr'>R.</span> 
     </span>
     <span class='ocr_line' id='line_1_46' title="bbox 183 4383 1502 4450; baseline 0.002 -15"><span class='ocrx_word' id='word_1_430' title='bbox 183 4383 267 4435; x_wconf 87' lang='lat' dir='ltr'>tCorr.</span> <span class='ocrx_word' id='word_1_431' title='bbox 288 4397 319 4434; x_wconf 81' lang='lat' dir='ltr'>ex</span> <span class='ocrx_word' id='word_1_432' title='bbox 339 4398 393 4447; x_wconf 71' lang='lat' dir='ltr'>mg.</span> <span class='ocrx_word' id='word_1_433' title='bbox 413 4384 498 4447; x_wconf 84' lang='lat' dir='ltr'>Crat.)</span> <span class='ocrx_word' id='word_1_434' title='bbox 518 4411 552 4422; x_wconf 93' lang='lat'><em>-</em></span> <span class='ocrx_word' id='word_1_435' title='bbox 590 4388 631 4437; x_wconf 81' lang='lat'>13.</span> <span class='ocrx_word' id='word_1_436' title='bbox 651 4388 829 4437; x_wconf 82' lang='lat' dir='ltr'>conuenientia</span> <span class='ocrx_word' id='word_1_437' title='bbox 846 4387 886 4436; x_wconf 85' lang='lat' dir='ltr'>bis</span> <span class='ocrx_word' id='word_1_438' title='bbox 906 4387 980 4449; x_wconf 81' lang='lat' dir='ltr'>ponit</span> <span class='ocrx_word' id='word_1_439' title='bbox 1000 4401 1039 4450; x_wconf 84' lang='lat' dir='ltr'>pr.</span> <span class='ocrx_word' id='word_1_440' title='bbox 1058 4388 1095 4437; x_wconf 87' lang='grc' dir='ltr'>Μ.</span> <span class='ocrx_word' id='word_1_441' title='bbox 1120 4413 1146 4422; x_wconf 96' lang='grc'>-</span> <span class='ocrx_word' id='word_1_442' title='bbox 1178 4388 1219 4436; x_wconf 68' lang='grc'>18.</span> <span class='ocrx_word' id='word_1_443' title='bbox 1241 4388 1308 4448; x_wconf 79' lang='lat' dir='ltr'>Quid</span> <span class='ocrx_word' id='word_1_444' title='bbox 1326 4402 1379 4437; x_wconf 89' lang='lat' dir='ltr'>om.</span> <span class='ocrx_word' id='word_1_445' title='bbox 1403 4389 1446 4436; x_wconf 76' lang='lat' dir='ltr'>lll.</span> <span class='ocrx_word' id='word_1_446' title='bbox 1474 4413 1502 4422; x_wconf 95' lang='lat'>-</span> 
     </span>
     <span class='ocr_line' id='line_1_47' title="bbox 183 4452 1507 4522; baseline 0.006 -21"><span class='ocrx_word' id='word_1_447' title='bbox 183 4452 337 4503; x_wconf 79' lang='lat' dir='ltr'>descendunt</span> <span class='ocrx_word' id='word_1_448' title='bbox 359 4469 399 4518; x_wconf 84' lang='lat' dir='ltr'>pr.</span> <span class='ocrx_word' id='word_1_449' title='bbox 426 4456 463 4507; x_wconf 90' lang='grc' dir='ltr'>Μ.</span> <span class='ocrx_word' id='word_1_450' title='bbox 485 4482 513 4490; x_wconf 98' lang='grc'><strong>-</strong></span> <span class='ocrx_word' id='word_1_451' title='bbox 556 4458 599 4508; x_wconf 85' lang='grc'>15.</span> <span class='ocrx_word' id='word_1_452' title='bbox 620 4472 670 4522; x_wconf 80' lang='lat' dir='ltr'>quc</span> <span class='ocrx_word' id='word_1_453' title='bbox 687 4459 816 4507; x_wconf 81' lang='lat' dir='ltr'>devenerit</span> <span class='ocrx_word' id='word_1_454' title='bbox 835 4472 874 4520; x_wconf 90' lang='lat' dir='ltr'>pr.</span> <span class='ocrx_word' id='word_1_455' title='bbox 895 4456 931 4505; x_wconf 90' lang='grc' dir='ltr'>Μ.</span> <span class='ocrx_word' id='word_1_456' title='bbox 951 4482 985 4490; x_wconf 97' lang='grc'>-</span> <span class='ocrx_word' id='word_1_457' title='bbox 1022 4458 1063 4506; x_wconf 79' lang='lat' dir='ltr'>ts.</span> <span class='ocrx_word' id='word_1_458' title='bbox 1084 4457 1308 4505; x_wconf 71' lang='lat' dir='ltr'>disultarealllll.</span> <span class='ocrx_word' id='word_1_459' title='bbox 1329 4459 1507 4514; x_wconf 81' lang='lat' dir='ltr'>(Emendavlt</span> 
     </span>
     <span class='ocr_line' id='line_1_48' title="bbox 185 4523 1507 4582; baseline 0.006 -11"><span class='ocrx_word' id='word_1_460' title='bbox 185 4523 300 4572; x_wconf 65' lang='lat' dir='ltr'>limium</span> <span class='ocrx_word' id='word_1_461' title='bbox 321 4549 351 4560; x_wconf 97' lang='lat'>-</span> <span class='ocrx_word' id='word_1_462' title='bbox 387 4526 663 4578; x_wconf 70' lang='lat' dir='ltr'>tantumn·</span> <span class='ocrx_word' id='word_1_463' title='bbox 698 4528 877 4577; x_wconf 76' lang='lat' dir='ltr'>ddv1.1sal.</span> <span class='ocrx_word' id='word_1_464' title='bbox 898 4527 918 4575; x_wconf 89' lang='grc' dir='ltr'>Ι.</span> <span class='ocrx_word' id='word_1_465' title='bbox 939 4528 1024 4575; x_wconf 64' lang='lat' dir='ltr'>trbd.</span> <span class='ocrx_word' id='word_1_466' title='bbox 1046 4529 1106 4576; x_wconf 74' lang='grc' dir='ltr'><strong>Καὶ.</strong></span> <span class='ocrx_word' id='word_1_467' title='bbox 1130 4528 1247 4582; x_wconf 73' lang='lat' dir='ltr'>Rosius.)</span> <span class='ocrx_word' id='word_1_468' title='bbox 1276 4550 1305 4560; x_wconf 93' lang='lat'><em>-</em></span> <span class='ocrx_word' id='word_1_469' title='bbox 1343 4529 1385 4575; x_wconf 76' lang='lat' dir='ltr'>ut.</span> <span class='ocrx_word' id='word_1_470' title='bbox 1407 4529 1507 4580; x_wconf 78' lang='lat' dir='ltr'>scilicet</span> 
     </span>
     <span class='ocr_line' id='line_1_49' title="bbox 182 4595 1572 4659; baseline 0.006 -18"><span class='ocrx_word' id='word_1_471' title='bbox 182 4595 211 4641; x_wconf 82' lang='lat' dir='ltr'>in</span> <span class='ocrx_word' id='word_1_472' title='bbox 232 4595 334 4659; x_wconf 74' lang='lat' dir='ltr'>intepro</span> <span class='ocrx_word' id='word_1_473' title='bbox 360 4595 435 4647; x_wconf 75' lang='grc' dir='ltr'><strong>ΜΒΙ.</strong></span> <span class='ocrx_word' id='word_1_474' title='bbox 469 4621 497 4631; x_wconf 99' lang='grc'>-</span> <span class='ocrx_word' id='word_1_475' title='bbox 535 4597 579 4645; x_wconf 77' lang='lat'>22.</span> <span class='ocrx_word' id='word_1_476' title='bbox 609 4612 663 4647; x_wconf 81' lang='lat' dir='ltr'>una</span> <span class='ocrx_word' id='word_1_477' title='bbox 694 4612 747 4648; x_wconf 84' lang='lat' dir='ltr'>om.</span> <span class='ocrx_word' id='word_1_478' title='bbox 769 4599 800 4647; x_wconf 81' lang='lat' dir='ltr'>ll.</span> <span class='ocrx_word' id='word_1_479' title='bbox 822 4622 852 4632; x_wconf 89' lang='lat'>-</span> <span class='ocrx_word' id='word_1_480' title='bbox 889 4595 1131 4646; x_wconf 77' lang='grc' dir='ltr'><em>ΤΠΟΤΠΑΜΨΙΝ</em></span> <span class='ocrx_word' id='word_1_481' title='bbox 1147 4597 1191 4655; x_wconf 89' lang='grc' dir='ltr'>Μ,</span> <span class='ocrx_word' id='word_1_482' title='bbox 1218 4608 1271 4644; x_wconf 90' lang='lat' dir='ltr'>om.</span> <span class='ocrx_word' id='word_1_483' title='bbox 1295 4597 1324 4644; x_wconf 86' lang='lat' dir='ltr'>ll.</span> <span class='ocrx_word' id='word_1_484' title='bbox 1347 4621 1377 4633; x_wconf 87' lang='lat'>-·</span> <span class='ocrx_word' id='word_1_485' title='bbox 1414 4599 1459 4647; x_wconf 70' lang='lat'><em>⁸2⁸1.</em></span> <span class='ocrx_word' id='word_1_486' title='bbox 1481 4605 1507 4650; x_wconf 82' lang='lat' dir='ltr'>te</span> <span class='ocrx_word' id='word_1_487' title='bbox 1565 4626 1572 4637; x_wconf 93' lang='lat'><strong>·</strong></span> 
     </span>
     <span class='ocr_line' id='line_1_50' title="bbox 182 4661 1501 4729; baseline 0.004 -17"><span class='ocrx_word' id='word_1_488' title='bbox 182 4665 313 4713; x_wconf 71' lang='lat' dir='ltr'>mambre.</span> <span class='ocrx_word' id='word_1_489' title='bbox 352 4661 426 4727; x_wconf 85' lang='lat' dir='ltr'>Cum]</span> <span class='ocrx_word' id='word_1_490' title='bbox 451 4672 538 4714; x_wconf 82' lang='lat' dir='ltr'>tamen</span> <span class='ocrx_word' id='word_1_491' title='bbox 556 4668 691 4717; x_wconf 66' lang='lat' dir='ltr'>draccum</span> <span class='ocrx_word' id='word_1_492' title='bbox 709 4669 746 4717; x_wconf 92' lang='grc' dir='ltr'>Μ.</span> <span class='ocrx_word' id='word_1_493' title='bbox 767 4675 803 4723; x_wconf 83' lang='lat' dir='ltr'>(te</span> <span class='ocrx_word' id='word_1_494' title='bbox 821 4669 944 4717; x_wconf 77' lang='lat' dir='ltr'>mansius</span> <span class='ocrx_word' id='word_1_495' title='bbox 964 4679 1018 4725; x_wconf 81' lang='lat' dir='ltr'>mg.</span> <span class='ocrx_word' id='word_1_496' title='bbox 1038 4666 1087 4727; x_wconf 86' lang='grc' dir='ltr'>Μ.)</span> <span class='ocrx_word' id='word_1_497' title='bbox 1117 4691 1148 4701; x_wconf 90' lang='grc'>-</span> <span class='ocrx_word' id='word_1_498' title='bbox 1184 4666 1227 4714; x_wconf 74' lang='lat'>28.</span> <span class='ocrx_word' id='word_1_499' title='bbox 1248 4663 1276 4728; x_wconf 82' lang='lat' dir='ltr'>a]</span> <span class='ocrx_word' id='word_1_500' title='bbox 1295 4667 1330 4715; x_wconf 86' lang='lat' dir='ltr'>ad</span> <span class='ocrx_word' id='word_1_501' title='bbox 1349 4682 1388 4729; x_wconf 87' lang='lat' dir='ltr'>pr.</span> <span class='ocrx_word' id='word_1_502' title='bbox 1409 4668 1447 4717; x_wconf 93' lang='grc' dir='ltr'>Μ.</span> <span class='ocrx_word' id='word_1_503' title='bbox 1472 4695 1501 4706; x_wconf 93' lang='grc'>-</span> 
     </span>
     <span class='ocr_line' id='line_1_51' title="bbox 183 4734 1504 4800; baseline 0.004 -18"><span class='ocrx_word' id='word_1_504' title='bbox 183 4734 225 4783; x_wconf 64' lang='grc'>88.</span> <span class='ocrx_word' id='word_1_505' title='bbox 252 4735 300 4783; x_wconf 78' lang='lat' dir='ltr'>ius</span> <span class='ocrx_word' id='word_1_506' title='bbox 325 4735 481 4784; x_wconf 86' lang='lat' dir='ltr'>Lambinus.</span> <span class='ocrx_word' id='word_1_507' title='bbox 510 4761 541 4770; x_wconf 93' lang='lat'>-</span> <span class='ocrx_word' id='word_1_508' title='bbox 579 4737 622 4786; x_wconf 89' lang='grc'>33.</span> <span class='ocrx_word' id='word_1_509' title='bbox 647 4744 671 4786; x_wconf 84' lang='lat' dir='ltr'>ct</span> <span class='ocrx_word' id='word_1_510' title='bbox 689 4752 743 4787; x_wconf 92' lang='lat' dir='ltr'>om.</span> <span class='ocrx_word' id='word_1_511' title='bbox 765 4738 785 4785; x_wconf 90' lang='lat' dir='ltr'>l.</span> <span class='ocrx_word' id='word_1_512' title='bbox 819 4762 848 4772; x_wconf 93' lang='lat'>-</span> <span class='ocrx_word' id='word_1_513' title='bbox 885 4737 928 4786; x_wconf 80' lang='grc'>37.</span> <span class='ocrx_word' id='word_1_514' title='bbox 949 4749 1013 4797; x_wconf 78' lang='lat' dir='ltr'>opus</span> <span class='ocrx_word' id='word_1_515' title='bbox 1031 4743 1090 4784; x_wconf 78' lang='lat' dir='ltr'>essct</span> <span class='ocrx_word' id='word_1_516' title='bbox 1111 4737 1173 4793; x_wconf 85' lang='lat' dir='ltr'>(sio)</span> <span class='ocrx_word' id='word_1_517' title='bbox 1191 4739 1299 4785; x_wconf 78' lang='lat' dir='ltr'>consciis</span> <span class='ocrx_word' id='word_1_518' title='bbox 1317 4751 1363 4800; x_wconf 77' lang='lat' dir='ltr'>epo</span> <span class='ocrx_word' id='word_1_519' title='bbox 1382 4737 1443 4787; x_wconf 79' lang='lat' dir='ltr'>aliis</span> <span class='ocrx_word' id='word_1_520' title='bbox 1463 4739 1504 4799; x_wconf 84' lang='lat' dir='ltr'>Y,</span> 
     </span>
     <span class='ocr_line' id='line_1_52' title="bbox 184 4807 990 4869; baseline 0.005 -19"><span class='ocrx_word' id='word_1_521' title='bbox 184 4816 249 4865; x_wconf 81' lang='lat' dir='ltr'>opus</span> <span class='ocrx_word' id='word_1_522' title='bbox 266 4818 318 4854; x_wconf 78' lang='lat' dir='ltr'>ease</span> <span class='ocrx_word' id='word_1_523' title='bbox 335 4809 450 4855; x_wconf 69' lang='lat' dir='ltr'>cumcito</span> <span class='ocrx_word' id='word_1_524' title='bbox 469 4821 515 4869; x_wconf 80' lang='lat' dir='ltr'>epo</span> <span class='ocrx_word' id='word_1_525' title='bbox 533 4807 594 4856; x_wconf 75' lang='lat' dir='ltr'>aliis</span> <span class='ocrx_word' id='word_1_526' title='bbox 613 4807 684 4856; x_wconf 79' lang='lat' dir='ltr'>alut.</span> <span class='ocrx_word' id='word_1_527' title='bbox 722 4808 767 4866; x_wconf 82' lang='lat' dir='ltr'>(Ut</span> <span class='ocrx_word' id='word_1_528' title='bbox 787 4820 852 4864; x_wconf 91' lang='lat' dir='ltr'>nos,</span> <span class='ocrx_word' id='word_1_529' title='bbox 874 4808 990 4863; x_wconf 79' lang='lat' dir='ltr'>Rosius.)</span> 
     </span>
    </p>
   </div>
   <div class='ocr_carea' id='block_1_5' title="bbox 0 0 1632 5400">
    <p class='ocr_par' dir='ltr' id='par_1_5' title="bbox 0 0 1632 5400">
     <span class='ocr_line' id='line_1_53' title="bbox 0 0 1632 5400; baseline 0 2"><span class='ocrx_word' id='word_1_530' title='bbox 0 0 1632 5400; x_wconf 95' lang='lat' dir='ltr'> </span> 
     </span>
    </p>
   </div>
  </div>
 </body>
</html>
