3256 5400
531 256 605 320 nm.
626 257 681 321 xi.
722 257 782 321 nr.
806 227 861 321 rr.¹
880 258 930 322 rs.
954 258 1003 322 ro.
1024 259 1076 322 eo.
1401 263 1461 326 sor

141 409 221 487 Quis
241 408 325 474 enim
346 419 442 484 esset,
477 412 529 499 qui
552 412 638 478 illum
660 424 724 479 tam
749 413 904 479 furiosum
925 413 1149 491 arbitraretur,
1182 426 1231 490 ut,
1261 417 1315 503 qui
1344 418 1377 482 in
1399 440 1464 483 ma·

140 503 228 568 ximo
258 502 342 568 bello
374 523 482 589 pacem
514 506 595 570 velle
621 529 655 572 se
677 508 823 583 dixisset,
860 507 887 573 is
908 508 940 572 in
962 509 1154 594 optatissima
1176 530 1253 596 pace
1275 508 1392 576 bellum
1413 511 1462 578 rei

140 594 282 681 publicae
303 596 473 662 indiceret?
512 604 574 664 Nec
595 599 720 675 dubito,
758 602 833 688 quin
855 610 889 667 tu
908 602 978 688 plus
999 601 1176 688 provideas.
1225 607 1255 669 3.
1278 605 1340 670 Sed
1359 615 1463 671 umen

140 700 202 754 tam
225 690 344 754 recenti
368 692 593 776 gratulatione,
631 716 725 780 quam
754 706 809 760 tuo
840 695 966 760 nornine
999 694 1166 761 adomnia
1193 696 1326 763 deorum
1349 699 1463 786 templa

139 783 283 858 fecimus,
311 786 475 850 renovatio
507 788 630 853 timoris
659 812 803 874 magnam
831 789 1006 855 molestiam
1036 783 1196 856 afferebat.
1241 795 1347 870 Quare
1369 793 1487 859 velints

138 876 302 963 equidem,
325 879 357 944 id
383 880 468 966 quod
501 903 612 967 spero,
649 893 683 947 ut
704 885 795 970 piane
817 883 955 949 abiectus
976 892 1007 947 et
1030 883 1145 948 fractus
1168 885 1209 948 sit
1223 886 1393 963 Antonins3
1415 887 1464 952 sin

138 971 256 1057 aliquid
277 973 392 1038 virium
415 973 497 1038 iorte
519 975 696 1060 collegerit,
725 979 837 1044 sentiet
858 999 915 1043 nec
937 977 1056 1042 senatui
1078 977 1244 1042 consilium
1266 1000 1324 1043 nec
1345 981 1464 1066 populo

136 1072 279 1225 lquqmqno
306 1067 453 1132 virtutem
481 1068 591 1134 deesse
619 1091 677 1135 nec
704 1071 752 1136 rei
774 1071 916 1158 publicae
946 1080 977 1137 te
998 1071 1072 1135 vivo
1094 1071 1327 1156 imperatorem.
1370 1093 1463 1139 xrrrr.

197 1207 206 1225 .
241 1183 295 1227 un.

602 1307 685 1369 xrs.
729 1307 778 1389 (A.
804 1308 835 1370 o.
859 1308 890 1370 c.
913 1304 998 1390 711.)
1476 1354 1502 1395 ,υ

341 1421 378 1482 n.
399 1419 549 1482 sauros
571 1419 650 1482 mr.
674 1418 759 1482 cos
781 1420 866 1482 nas
890 1421 921 1483 s.
943 1421 1044 1483 nn.
1067 1419 1262 1484 ciceroni.

223 1542 251 1603 l.
279 1536 326 1602 Ad
355 1547 496 1602 senatum
524 1559 602 1624 quas
629 1536 748 1602 litteras
777 1538 861 1614 misi,
894 1538 988 1604 velim
1010 1537 1099 1625 prius
1120 1537 1264 1623 perlegas
1286 1548 1330 1613 et,
1353 1538 1378 1604 si
1401 1562 1463 1625 qua

136 1631 195 1698 tibi
215 1630 421 1706 videbuntur,
444 1641 627 1696 commutes.
669 1632 852 1697 Necessario
872 1653 921 1697 me
938 1632 1100 1718 scripsisse
1123 1632 1190 1718 ipse
1216 1632 1463 1711 animadvertes;

136 1748 208 1791 nam
244 1746 315 1790 cnm
347 1734 490 1810 putarem
517 1734 658 1811 quartam
687 1734 719 1790 et
753 1725 895 1791 Martiam
930 1725 1070 1810 legiones
1099 1747 1221 1792 mecum
1255 1726 1395 1803 suturas,
1428 1738 1464 1793 ut

136 1825 240 1885 Druso
262 1818 432 1904 Paulloque
455 1818 612 1904 placuerat
633 1817 723 1885 vobis
745 1818 1001 1894 assentientibus,
1024 1822 1128 1885 minus
1151 1820 1190 1886 de
1212 1819 1342 1905 reliquis
1363 1818 1461 1885 rebus
1475 1847 1501 1889 rs

136 1911 343 1980 laborandum
359 1911 545 1977 existimavi.
587 1918 675 1978 Nune
695 1932 786 1988 vero,
808 1933 879 1978 cum
903 1914 961 1978 sim
979 1935 1050 1978 cum
1068 1913 1224 1979 tironibus
1243 1913 1461 1997 egentissimis,

136 2005 227 2073 valde
255 2013 288 2070 et
316 2027 418 2070 meam
448 2015 479 2069 et
508 2017 643 2070 vestram
669 2005 769 2071 vicem
801 2006 926 2071 timeam
953 2027 1079 2071 necesse
1106 2015 1163 2072 est.
1206 2010 1236 2071 2.
1258 2007 1391 2073 Vicetini
1412 2029 1464 2074 me

136 2110 169 2164 et
189 2104 230 2164 Μ.
252 2104 383 2163 Brutum
405 2099 574 2185 praecipue
596 2097 774 2164 observant.
826 2100 882 2165 His
904 2121 943 2164 ne
965 2122 1059 2187 quam
1081 2101 1200 2186 patiare
1222 2100 1368 2166 iniuriam
1393 2100 1464 2167 lieri

136 2193 169 2258 in
190 2201 300 2257 senatu
323 2213 490 2257 vernarum
507 2214 617 2266 causa,
639 2213 658 2257 a
679 2200 710 2257 te
723 2203 808 2278 peto.
852 2197 983 2261 Causam
1003 2193 1118 2258 habent
1139 2194 1304 2280 optimam,
1326 2194 1463 2260 officinm

135 2287 169 2352 in
191 2284 436 2371 rempublicam
458 2308 631 2362 summum,
653 2307 751 2372 genus
773 2285 934 2351 bominum
955 2285 1211 2352 adversariorum
1232 2287 1417 2354 seditiosum
1432 2297 1502 2354 etas

136 2380 371 2446 inertissimum.
413 2401 475 2446 ιιι.
496 2381 564 2447 Kal.
585 2385 671 2457 lun,
693 2380 854 2447 Vercellis.

601 2524 668 2585 rr.
712 2522 765 2602 (Α.
792 2524 824 2586 n
847 2522 879 2585 c.
902 2522 993 2602 nr.)
1044 2515 1046 2520 ·

494 2647 532 2708 Ι).
554 2645 703 2708 BRUTUS
726 2645 757 2706 S.
779 2646 817 2706 D.
839 2646 880 2706 Μ.
904 2643 1099 2708 CIOERONI.

223 2760 251 2821 l.
274 2754 368 2833 Quod
389 2774 449 2840 pro
470 2775 522 2819 me
544 2775 607 2820 non
629 2753 726 2828 facio,
752 2753 785 2819 id
807 2774 866 2840 pro
888 2762 919 2817 te
941 2751 1045 2818 iacere
1066 2775 1157 2820 amor
1178 2776 1267 2820 meus
1288 2755 1321 2820 in
1343 2763 1374 2820 te
1396 2763 1464 2821 tua·

134 2871 197 2936 que
220 2848 320 2913 ollicia
339 2857 468 2932 cogunt,
490 2856 526 2913 ut
545 2848 682 2914 timeam.
725 2851 825 2933 Saepe
847 2848 930 2911 enim
945 2846 1022 2911 mibi
1036 2868 1107 2912 cum
1126 2858 1208 2913 esset
1224 2848 1342 2914 dictum
1359 2868 1462 2935 neque
1472 2879 1501 2921 ss

134 2963 228 3008 ame
253 2950 482 3028 contemptum,
515 2942 683 3007 novissime
715 2939 821 3006 Labeo
847 2940 1011 3025 Segulius,
1049 2939 1146 3006 bomo
1174 2941 1237 3008 sibi
1267 2942 1462 3018 simillimus,

134 3046 242 3101 namat
263 3035 338 3100 mihi
363 3036 447 3122 apud
471 3039 636 3101 Caesarem
662 3057 696 3101 se
720 3035 817 3100 luisse
844 3034 1039 3122 multumque
1059 3056 1237 3102 sermonem
1265 3033 1305 3100 de
1328 3043 1358 3100 te
1375 3033 1464 3100 habi·

135 3139 202 3195 tum
224 3150 309 3208 esse;
332 3129 435 3216 ipsum
457 3134 621 3197 Caesarem
649 3129 727 3194 nibil
753 3150 827 3194 sane
851 3129 890 3194 de
916 3138 947 3194 te
973 3140 1118 3215 questum
1148 3128 1209 3195 uisi
1237 3128 1354 3195 dictum
1376 3127 1463 3216 quod

135 3222 256 3289 diceret
277 3234 307 3288 te
330 3223 471 3299 dixisse,
507 3222 723 3299 „laudandum
745 3222 989 3297 adolescentem,
1024 3221 1219 3296 ornandum,
1249 3222 1461 3300 tollendum”;

135 3338 169 3382 se
199 3338 261 3381 non
287 3338 357 3382 esse
385 3318 643 3391 commissurum,
676 3326 711 3381 ut
742 3315 808 3381 tolli
830 3316 939 3402 possit.
990 3320 1059 3381 Hoc
1080 3336 1140 3401 ego
1162 3314 1341 3380 Labeonem
1363 3314 1499 3388 eredere

134 3411 180 3477 illi
206 3412 363 3478 rettulisse
389 3421 444 3477 aut
469 3411 597 3476 linxisse
619 3410 753 3485 dictum,
786 3430 849 3474 non
871 3407 910 3473 ab
932 3408 1129 3473 adolescente
1151 3408 1318 3493 prolatum.
1369 3414 1464 3474 Vete-

134 3526 229 3570 ranos
251 3527 328 3571 vero
350 3505 483 3590 pessime
505 3504 593 3591 loqui
609 3502 734 3569 volebat
750 3501 855 3569 Labeo
877 3524 928 3567 me
947 3502 1078 3567 credere
1093 3512 1125 3566 et
1146 3500 1203 3566 tibi
1224 3499 1263 3566 ab
1286 3500 1323 3566 iis
1344 3500 1462 3565 instare

133 3598 326 3684 pericnlum;
348 3598 547 3685 maximeque
561 3595 723 3681 indignari,
746 3595 832 3682 quod
853 3595 885 3660 in
909 3594 1096 3661 decemviris
1113 3615 1215 3682 neme
1231 3598 1345 3661 Caesar
1360 3614 1463 3680 neque

133 3712 195 3776 ego
226 3691 322 3756 babiti
356 3713 496 3758 essemus
528 3701 622 3778 atque
648 3689 752 3755 omnia
779 3689 820 3755 ad
847 3701 987 3756 vestrum
1010 3688 1177 3754 arbitrium
1210 3698 1314 3752 essent
1341 3687 1462 3753 collata.

135 3789 165 3850 2.
187 3787 272 3850 Haec
293 3806 365 3850 eum
386 3784 542 3851 audissem
564 3793 595 3848 et
616 3783 678 3848 iam
699 3783 732 3849 in
753 3782 864 3848 itinere
886 3804 1002 3858 essem,
1036 3780 1291 3848 committendum
1321 3779 1501 3854 nondum„

133 3883 255 3964 putavi,
278 3884 366 3965 prius
387 3888 423 3945 ut
443 3879 537 3964 Alpes
558 3875 811 3962 transgrederer,
834 3899 945 3964 qnam
968 3875 1044 3962 qnid
1065 3875 1137 3941 istie
1150 3884 1314 3960 ageretur,
1337 3873 1461 3941 scirem.

133 3975 211 4036 Nam
233 3971 272 4037 de
294 3983 349 4039 tuo
370 3971 528 4056 periculo,
555 3968 650 4036 crede
672 3968 763 4044 mibi,
793 3970 959 4035 iactatione
981 3969 1152 4035 verborum
1175 3978 1207 4034 et
1228 3967 1463 4034 denuntiatione

133 4063 265 4150 periculi
293 4086 422 4152 sperare
453 4085 525 4140 eos,
558 4074 589 4131 te
610 4062 844 4151 pertimeiaeto,
867 4063 1064 4129 adolescente
1087 4062 1237 4148 impulso,
1274 4082 1368 4148 posse
1399 4083 1464 4127 ma·

133 4178 193 4242 gna
216 4160 367 4245 consequi
387 4159 542 4245 praemia,
578 4167 610 4223 et
639 4167 735 4224 totam
757 4157 848 4221 istam
873 4157 1058 4223 cantilenam
1086 4177 1127 4222 ex
1154 4155 1215 4221 boc
1240 4154 1396 4241 pendere,
1428 4163 1464 4220 ut

134 4272 228 4337 quam
249 4252 420 4338 plurimum
442 4251 661 4318 lucrifaciant.
703 4254 812 4338 Neque
834 4261 937 4317 tamen
959 4272 1023 4316 non
1044 4260 1074 4315 te
1096 4259 1221 4315 cautum
1243 4270 1313 4314 esse
1335 4247 1409 4313 volo
1431 4256 1462 4313 et
1472 4275 1501 4319 lo

131 4342 262 4410 insidias
284 4346 450 4424 vitantem;
486 4345 562 4410 nihil
585 4344 669 4409 enim
697 4352 750 4409 tna
772 4343 849 4408 mihi
871 4344 934 4409 vita
954 4352 1060 4430 potest
1080 4364 1149 4408 esse
1170 4341 1336 4407 iucundius
1358 4361 1461 4427 neque

133 4437 246 4504 carius.
289 4445 320 4507 3.
342 4441 422 4507 lllud
443 4438 531 4514 vide,
553 4460 593 4505 nc
615 4437 753 4503 timendo
767 4439 865 4523 magis
887 4442 998 4504 timere
1013 4458 1142 4524 cogare,
1166 4447 1213 4510 et,
1236 4433 1351 4522 quibus
1365 4432 1463 4498 rebus

134 4538 238 4615 potest
258 4531 383 4596 occurri
407 4531 577 4606 veteranis,
600 4551 764 4597 occurras:
787 4532 942 4618 primum,
966 4531 1052 4619 quod
1074 4530 1255 4597 desiderant
1276 4528 1315 4592 de
1338 4527 1462 4593 decem-

204 4747 232 4798 8.
251 4761 325 4798 rrrrr.
344 4748 391 4798 Με
422 4763 483 4799 rur.
504 4750 535 4800 li.
566 4775 600 4785 -
635 4751 679 4801 20.
698 4763 754 4811 rep.
772 4749 809 4799 tt.
842 4775 873 4785 -
910 4750 955 4799 at.
975 4751 1175 4800 incertissimum
1193 4747 1277 4797 Codd.
1297 4747 1409 4809 aliquot.
1430 4767 1461 4782 -

134 4818 179 4869 st.
199 4831 276 4868 emor
292 4832 363 4868 mear
380 4820 410 4868 ta
427 4827 452 4870 te
469 4820 515 4870 td:
541 4834 612 4870 meur
629 4822 659 4870 ta
675 4827 699 4870 te
717 4834 794 4870 amor
812 4820 843 4870 L.
872 4845 903 4855 -
939 4820 984 4870 Μ.
1003 4822 1053 4870 rtet
1071 4819 1114 4876 tt,
1133 4818 1174 4867 rui
1192 4817 1276 4868 Codd.
1296 4817 1409 4879 aliquot.
1430 4839 1463 4853 -

133 4887 178 4940 at.
197 4895 294 4939 senet
312 4888 358 4940 ld:
377 4892 501 4940 sancolt
520 4890 551 4942 u.
574 4916 603 4929 -
639 4889 684 4941 28.
702 4890 801 4941 dietam
819 4890 886 4942 secl.
905 4891 983 4943 8.-
1019 4889 1063 4942 ³5.
1082 4889 1198 4940 smum
1217 4887 1383 4940 stemate.
