3256 5400
185 227 246 291 113
611 224 888 290 uetsrouauuu
907 226 960 288 All
980 225 1071 291 aaut.

182 382 400 450 honestissime
425 381 536 449 Miloni
556 380 675 448 absenti
697 384 827 468 eiusque
849 383 1032 447 necessariis
1054 381 1255 454 satisfaceret,
1278 390 1310 446 et
1329 381 1503 447 secundum

182 485 249 544 eius
269 477 362 544 fidem
382 485 414 542 et
432 476 626 542 sedulitatem
648 475 838 543 existimatio
857 484 909 539 tua
932 483 1181 541 conservaretur.
1224 479 1254 538 3.
1275 475 1355 541 fllud
1383 497 1466 540 nunc
1483 497 1502 540 a

181 579 212 637 te
241 582 334 658 peto,
371 570 398 634 si
433 570 520 642 eris,
552 577 588 634 ut
619 590 729 656 spero,
766 571 903 644 otiosus,
936 569 1062 655 aliquod
1098 567 1138 633 ad
1174 588 1253 641 nos,
1289 578 1325 633 ut
1349 569 1505 654 intelliga-

181 686 251 730 mus
284 686 341 729 nos
368 661 424 727 tibi
459 683 553 727 curae
580 683 664 737 esse,
700 664 870 747 σύνταγμα
898 661 1087 727 conscribas.
1142 665 1203 739 Qut
1233 661 1289 728 tibi
1319 667 1418 737 istuc,
1454 663 1503 727 in-

158 758 268 845 aquis,
303 758 335 822 in
363 767 500 821 mentem
528 757 628 831 venit,
664 755 782 821 bomini
812 778 875 821 non
907 756 1035 841 inepto?
1076 754 1200 841 Aliquid
1237 777 1278 821 ex
1320 766 1382 822 tam
1419 756 1503 821 mul-

182 852 220 916 tis
242 851 303 916 tuis
326 851 535 916 monumentis
564 859 703 923 exstare,
737 847 822 935 quod
850 859 975 913 nostrae
1000 849 1153 914 amicitiae
1180 850 1364 916 memoriam
1397 861 1504 936 poste·

180 944 226 1009 ris
252 965 380 1032 quoque
404 945 526 1030 prodat.
580 942 761 1010 Cuiusmodi
783 943 893 1017 velim,
925 953 1017 1028 puto,
1052 942 1186 1028 quaeris.
1242 949 1289 1008 Tu
1317 948 1423 1016 citius,
1446 943 1503 1030 qui

183 1058 309 1105 omnem
334 1038 416 1103 nosti
440 1038 649 1124 disciplinam,
687 1036 770 1123 quod
796 1035 932 1101 maxime
950 1036 1109 1109 convenit,
1132 1035 1335 1121 excogitabis.
1378 1041 1501 1103 Genere

180 1141 301 1203 umen,
339 1131 424 1218 quod
448 1141 479 1197 et
506 1131 545 1196 ad
567 1153 624 1198 nos
648 1131 802 1218 pertineat
833 1141 865 1195 et
892 1137 1108 1196 διδασκαλίαν
1129 1130 1302 1218 quandam,
1334 1141 1370 1198 ut
1395 1151 1504 1197 verac-

146 1245 172 1287 sa
181 1234 233 1290 tur
254 1223 335 1289 inter
356 1246 482 1300 manus,
504 1223 626 1290 babeat.

654 1363 1019 1448 munem)

600 1479 762 1544 elanus
785 1479 968 1542 crunnum
990 1478 1021 1540 s
1042 1481 1080 1541 n.

271 1603 299 1664 1.
321 1597 449 1663 Invideo
470 1596 543 1663 tibi:
582 1607 643 1663 tam
665 1599 761 1663 multa
784 1596 942 1684 quotidie,
974 1617 1055 1682 quae
1077 1595 1207 1670 mirere,
1236 1595 1316 1663 istuc
1336 1597 1503 1684 perierun-

184 1700 246 1758 tur.
289 1692 428 1757 Primum
450 1691 542 1764 illud,
565 1690 741 1758 absolutum
758 1692 938 1767 Messalam
960 1689 1073 1754 deinde
1088 1690 1222 1756 eundem
1245 1689 1500 1770 condemnatum3

145 1788 218 1853 αθ.
240 1785 421 1850 Marcellum
451 1785 611 1850 consulem
643 1783 774 1862 lactum;
809 1788 849 1849 Μ.
885 1782 1035 1849 Calidium
1062 1781 1102 1847 ab
1123 1785 1249 1872 repulsa
1270 1786 1500 1872 postulatuma

184 1877 290 1943 Galliis
323 1875 463 1955 duobus;
496 1882 529 1942 P.
558 1874 750 1943 Dolabellam
776 1875 1056 1964 quindecimvirum
1085 1876 1211 1943 lactum.
1264 1882 1332 1945 lloc
1353 1878 1410 1944 tibi
1437 1902 1500 1945 non

181 1972 329 2046 invideo,
365 1978 502 2037 caruisse
531 1984 561 2039 te
591 1971 802 2060 pulcherrimo
832 1968 1008 2055 spectaculo
1037 1976 1068 2033 et
1095 1969 1219 2035 Lentuli
1247 1972 1354 2038 Craris
1382 1973 1499 2059 repulsi

179 2064 298 2129 vultum
328 2087 390 2130 non
424 2065 548 2130 vidisse.
602 2071 640 2131 At
670 2086 731 2151 qna
758 2084 829 2149 spe,
867 2083 960 2148 quam
987 2072 1071 2127 certa
1101 2063 1250 2149 opinione
1282 2065 1500 2131 descenderat!

180 2178 273 2244 quam
293 2162 361 2241 ipso
386 2158 543 2223 diffidente
564 2158 743 2224 Dolabellat
779 2160 834 2229 Et,
857 2152 1016 2230 hercules,
1038 2154 1098 2220 nisi
1119 2156 1219 2221 nostri
1240 2158 1361 2245 equites
1380 2159 1500 2224 acutius

141 2249 346 2323 sevidissent,
369 2272 468 2337 paene
491 2250 680 2317 concedente
703 2245 884 2316 adversario
898 2257 1085 2331 superasset.
1127 2249 1259 2315 a.1ttud
1281 2260 1311 2315 te
1333 2274 1396 2317 non
1418 2251 1501 2317 arbi·

183 2351 252 2408 tror
272 2341 436 2416 miratum,
470 2344 630 2418 Servium,
663 2342 856 2427 designatum
881 2338 1042 2406 tribunum
1067 2340 1166 2427 plebi,
1197 2344 1445 2418 condemnatum,
1467 2346 1499 2410 in

180 2435 269 2500 cuius
293 2435 395 2501 locum
418 2439 451 2502 C.
474 2436 570 2503 Curio
591 2437 690 2523 petiit.
733 2441 907 2521 Sanequam
927 2433 1038 2498 incutit
1058 2434 1177 2509 multis,
1201 2435 1255 2522 qui
1277 2457 1350 2503 eum
1371 2438 1499 2504 lacilita·

182 2537 307 2614 temque
324 2530 392 2594 eius
411 2550 474 2594 non
496 2540 632 2606 norunt,
666 2550 813 2615 magnum
834 2535 968 2603 metum;
999 2526 1071 2602 sed,
1093 2536 1128 2592 ut
1149 2549 1244 2615 spero
1266 2539 1297 2595 et
1317 2531 1391 2597 volo
1413 2540 1444 2595 et
1465 2540 1500 2597 ut

183 2642 217 2687 se
239 2622 301 2687 lert
322 2622 406 2708 ipse,
429 2621 530 2689 bonos
552 2633 584 2688 et
604 2635 745 2690 senatum
767 2623 873 2700 malet;
909 2629 1006 2694 totus,
1028 2629 1063 2686 ut
1085 2642 1168 2687 nunc
1189 2631 1254 2698 est,
1276 2623 1337 2690 boc
1359 2625 1497 2690 scaturit

143 2715 283 2780 salluius
306 2725 408 2779 autem
430 2716 597 2782 voluntatis
619 2717 743 2783 initium
764 2724 795 2780 et
816 2734 909 2779 causa
930 2722 993 2788 est,
1029 2713 1115 2800 quod
1138 2734 1210 2780 eum
1238 2738 1301 2783 non
1332 2717 1501 2783 mediocri·

181 2817 231 2872 ter
252 2811 382 2881 Caesar,
421 2809 476 2895 qui
498 2812 577 2876 solet
603 2811 784 2876 intimorum
811 2807 972 2873 bominum
1002 2807 1170 2873 amicitiam
1200 2808 1262 2875 sibi
1281 2811 1421 2897 qualibet
1441 2812 1501 2876 im-

181 2921 277 2985 pensa
288 2900 470 2986 adiungere,
493 2903 583 2968 valde
601 2903 794 2990 contempsit
838 2904 907 2978 Qua
923 2900 954 2964 iu
970 2921 1006 2964 re
1021 2900 1096 2965 mibi
1111 2901 1238 2968 videtur
1251 2903 1328 2969 illud
1344 2926 1498 2992 perquam

180 3004 311 3058 venuste
333 2994 496 3070 cecidisse,
519 2997 604 3084 quod
627 3021 645 3062 a
665 2996 797 3083 reliquis
821 3014 947 3081 quoque
971 3014 1072 3079 usque
1093 3013 1132 3059 eo
1156 3005 1204 3060 est
1226 2996 1496 3071 animadversum,

179 3095 215 3150 ut
237 3086 349 3158 Curio,
385 3088 440 3174 qui
463 3090 539 3155 nibil
560 3091 693 3157 consilio
720 3089 809 3161 lacit‘,
844 3087 965 3152 ratione
987 3095 1019 3150 et
1039 3086 1160 3153 insidiis
1185 3111 1261 3154 usus
1284 3090 1446 3157 videretur
1466 3091 1498 3156 in

142 3177 334 3246 maritandis
356 3180 394 3244 iis
416 3182 569 3257 consiliis,
592 3184 646 3271 qui
667 3205 701 3249 se
722 3181 917 3248 intenderant
938 3180 1136 3246 adversarios
1158 3182 1190 3247 in
1206 3187 1274 3248 eius
1289 3182 1498 3250 tribunatum:

180 3270 304 3336 Laelios
332 3281 364 3337 et
383 3276 534 3341 Antonios
556 3286 588 3341 et
608 3277 639 3342 id
661 3297 759 3362 genus
780 3275 918 3339 valentes
944 3273 1025 3339 dico.
1072 3280 1102 3341 3.
1135 3279 1199 3341 llas
1221 3297 1280 3361 ego
1302 3275 1358 3341 tibi
1380 3276 1499 3341 litteras

179 3381 219 3427 eo
240 3363 360 3429 maiore
381 3366 452 3432 misi
474 3368 658 3443 intervallo,
682 3367 767 3456 quod
789 3367 989 3433 comitiorum
1009 3366 1171 3433 dilationes
1192 3370 1425 3454 occupatiorem
1447 3390 1499 3434 me

179 3453 334 3521 trabebant
352 3469 382 3523 et
403 3473 585 3546 exspectare
606 3463 638 3528 in
654 3462 721 3527 dies
742 3461 862 3526 exitum
884 3458 1053 3544 cogebant,
1074 3469 1110 3526 ut
1131 3460 1280 3526 conlectis
1298 3461 1445 3527 omnibus
1467 3473 1499 3526 te

177 3546 313 3613 lacerem
341 3551 519 3620 certiorem.
575 3555 621 3622 td
642 3555 796 3622 Kalendas
814 3553 946 3619 Sextiles
967 3574 1068 3639 usque
1090 3554 1278 3640 exspectavi.
1328 3555 1500 3622 Praetoriis

141 3660 286 3714 remorae
301 3643 454 3728 quaedam
471 3647 659 3714 inciderunt.
701 3654 771 3714 Mea
792 3670 890 3734 porro
907 3646 1032 3712 comitia
1051 3668 1145 3734 quem
1169 3656 1314 3713 eventum
1337 3647 1399 3712 sint
1413 3647 1500 3713 babi-

178 3745 263 3810 tura,
296 3737 415 3813 nescio:
445 3740 628 3824 opinionem
651 3741 793 3828 quidem,
816 3740 901 3828 quod
926 3739 966 3805 ad
984 3740 1114 3806 Hirrum
1138 3741 1259 3816 attinet,
1282 3740 1499 3808 incredibilem

177 3827 324 3894 aedilium
346 3830 388 3917 pl.
411 3832 545 3898 comitiis
572 3846 659 3900 nacta
683 3844 764 3901 sunt.
821 3839 897 3900 Nam
923 3839 964 3900 Μ.
993 3834 1130 3900 Caelium
1160 3834 1354 3901 Vinicianum
1379 3834 1499 3900 mentio

179 3921 232 3986 illa
255 3921 355 3997 latua,
389 3945 482 4009 qnam
504 3926 714 3994 deriseramus
744 3929 838 4003 olim,
875 3939 906 3993 et
928 3928 1139 4015 promulgatio
1158 3928 1198 3994 de
1220 3928 1370 3994 dictatore
1392 3926 1499 3993 subito

248 4083 274 4134 3.
302 4084 403 4149 aliquid
432 4084 469 4134 Μ.
497 4106 530 4119 -
576 4083 603 4133 d.
635 4084 698 4148 quid
728 4084 775 4133 tibi
802 4083 839 4133 Μ.
869 4107 899 4118 -
934 4083 960 4133 5.
992 4082 1103 4146 Aliquod
1133 4081 1289 4132 Lambinus.
1318 4105 1345 4118 -
1383 4082 1410 4133 ’1.
1435 4095 1499 4145 pro·

178 4153 244 4209 dut,
263 4154 350 4203 uelim
386 4154 534 4204 Cuiusmodi
550 4160 630 4216 puto,
658 4155 762 4216 quaeris
779 4154 927 4204 Manutius.
948 4175 979 4189 -
1016 4152 1043 4202 8.
1063 4153 1131 4215 quod
1148 4152 1194 4202 bl:
1214 4154 1276 4216 quid
1293 4153 1324 4203 11.
1346 4176 1377 4188 -
1409 4164 1498 4201 couve-

177 4224 218 4272 att
236 4223 283 4273 bl:
310 4225 446 4273 conueniat
471 4225 500 4273 11.
539 4225 610 4273 Fort.
631 4225 772 4272 conueniet.
791 4223 842 4274 Οι.
870 4247 901 4258 -
937 4224 964 4274 1.
983 4223 1020 4273 ad
1037 4235 1092 4271 om.
1112 4221 1150 4271 Μ.
1180 4243 1210 4257 ·-
1248 4223 1289 4272 13.
1310 4223 1412 4272 mutiles
1437 4221 1498 4271 etibl

177 4293 216 4342 Μ.
237 4315 269 4327 -
292 4295 373 4344 mirer
390 4294 427 4344 Μ.
449 4317 479 4329 -
498 4295 563 4342 tatae
582 4292 619 4342 Μ.
645 4317 677 4327 -
715 4293 758 4343 15.
778 4293 908 4344 Caltdwm
926 4292 1081 4343 Corradus:
1110 4291 1247 4341 Claudium
1264 4291 1324 4343 ΜΕ.
1345 4317 1376 4330 -·
1401 4291 1435 4340 ab
1454 4304 1499 4341 re·

175 4362 254 4425 pulsu
271 4375 343 4414 corr.
370 4364 412 4414 Mc
440 4378 458 4413 o
473 4363 599 4426 prmutso
618 4376 659 4424 pr.
679 4361 724 4422 Μ,
749 4376 767 4411 a
784 4363 888 4425 repulsu
908 4362 937 4412 a.
967 4385 997 4398 -
1034 4362 1078 4412 16.
1098 4360 1191 4412 Galliis
1217 4361 1382 4412 Wetzaliusc
1415 4360 1498 4411 daut·

177 4432 237 4483 MR.
268 4458 296 4469 -
334 4434 377 4484 11.
407 4436 459 4484 πᾶα·
484 4434 628 4496 nostrisque
654 4428 752 4494 (littera
771 4446 784 4481 s
802 4438 902 4496 puncto
920 4429 1024 4493 notata)
1042 4433 1151 4481 -acuttaa
1168 4430 1207 4480 Μ.
1236 4455 1267 4467 -
1304 4432 1348 4481 11.
1368 4426 1497 4493 Seruium

177 4514 253 4550 seron
270 4516 327 4552 eam
344 4503 382 4553 Μ.
402 4529 435 4540 -
469 4503 499 4552 tn
516 4503 587 4550 euius
605 4502 688 4551 locem
706 4501 842 4552 Orelliuae
870 4505 941 4552 estas
957 4504 988 4551 tu
1005 4502 1089 4552 locum
1105 4499 1299 4561 Markiandus,
1324 4501 1397 4552 cutus
1415 4499 1499 4550 um

179 4570 238 4622 ΜΕ.
262 4598 292 4608 -
327 4573 372 4622 14.
391 4574 433 4622 bic
449 4572 579 4622 unarum
597 4571 755 4623 Lambinus.
776 4596 806 4608 -
832 4573 877 4623 16.
897 4571 981 4621 Huius
998 4578 1085 4623 auem
1102 4569 1147 4618 bl:
1168 4568 1253 4618 Huius
1271 4571 1302 4620 11.
1324 4597 1353 4608 -
1391 4583 1499 4620 mon

180 4637 237 4703 (sed
257 4641 345 4691 littera
361 4657 388 4691 m
414 4648 514 4706 puncto
533 4638 634 4703 notata)
653 4642 690 4691 Μ.
718 4666 749 4678 -
785 4642 829 4692 16.
854 4643 997 4692 audatiam
1015 4640 1058 4690 ll:
1084 4639 1214 4690 murtae
1240 4639 1270 4690 11.
1303 4666 1335 4678 -
1371 4639 1498 4690 366611.

177 4711 211 4760 tte
228 4712 344 4761 comitis
361 4710 404 4762 ld:
443 4714 504 4762 autc.
524 4724 613 4761 eorum
638 4711 751 4761 cordula
774 4718 884 4763 auctore
910 4711 1032 4761 llanutto
1059 4709 1096 4765 ll,
1121 4709 1250 4758 evitandis
1275 4709 1389 4758 emittis
1416 4708 1499 4760 Grae·

179 4781 248 4832 vius.
278 4804 309 4816 -
346 4781 390 4832 31.
417 4781 514 4831 Lotltor
536 4780 682 4832 Manutius.
703 4779 786 4844 (11161
804 4783 889 4832 Laets't
906 4780 1109 4832 contunduntur
1125 4791 1187 4828 cum
1206 4778 1294 4829 Aeltta.
1325 4778 1381 4831 Cir.
1395 4779 1431 4830 de
1449 4779 1497 4830 0r.

180 4850 350 4912 1.61,165.
371 4848 434 4915 Οι.)
455 4877 484 4889 -
516 4850 770 4916 3316111111-
789 4851 833 4903 31.
851 4849 1066 4904 uictum!-
1088 4872 1117 4888 ·-
1142 4847 1187 4899 33.
1206 4848 1353 4899 domm
1370 4849 1408 4901 Μ.
