3256 5400
613 223 689 287 Lm.
710 225 762 290 vl.
803 224 864 288 ΕΡ.
885 225 933 288 13.
957 225 1007 289 14.
1404 227 1461 288 101

143 404 229 463 rem3
265 403 337 447 nam
359 389 391 447 et
411 402 464 455 res
485 402 558 446 eum
579 381 719 468 quotidie
741 390 772 445 et
793 380 861 446 dies
882 389 914 446 et
935 382 1042 466 opinio
1064 380 1226 447 bominum
1248 391 1295 456 et,
1331 393 1365 450 ut
1388 387 1486 452 mibi'

144 478 284 552 videtur,
306 476 400 541 etiam
423 497 478 541 sua
499 485 611 541 natura
632 477 789 541 mitiorem
809 475 902 554 facit;
925 476 1019 562 idque
1041 497 1112 541 cum
1134 476 1173 540 de
1195 477 1324 562 reliquis
1346 481 1462 555 sentio,

145 582 210 638 tum
232 571 271 637 de
293 579 323 636 te
338 571 431 634 etiam
445 569 540 635 audio
555 591 594 634 ex
611 569 859 635 familiarissimis
880 571 964 643 eius,
987 569 1099 656 quibus
1115 591 1174 655 ego
1189 593 1229 634 ex
1246 592 1285 635 eo
1301 580 1462 657 tempore,

145 687 209 753 quo
230 666 367 752 primum
389 684 430 728 ex
451 664 555 728 Africa
577 665 703 729 nuntius
724 664 823 738 venit,
858 663 1034 748 supplicare
1056 686 1117 728 una
1140 686 1210 728 cum
1232 664 1380 730 fratribus
1403 667 1463 732 tuis

145 779 209 823 non
224 757 339 822 destiti.
382 760 525 836 Quorum
541 758 668 844 quidem
683 768 715 822 et
728 760 843 823 virtute
859 766 889 821 et
903 758 1018 842 pietate
1033 767 1064 821 et
1085 779 1173 822 amor
1193 759 1226 821 in
1246 768 1275 823 te
1297 760 1486 843 singularias

144 862 175 916 et
196 851 319 916 assidua
354 860 385 914 et
415 861 567 937 perpetua
596 872 670 916 cura
698 852 804 916 salutis
833 861 905 916 tuae
936 860 1054 915 tanturn
1083 850 1223 936 proficit,
1256 863 1289 917 nt
1311 853 1386 917 nibil
1408 854 1462 928 sit,

145 945 231 1032 quod
248 966 312 1010 non
332 945 434 1030 ipsum
457 949 622 1010 Caesarem
651 945 841 1010 tributurum
868 945 1055 1010 existimem.
1105 951 1134 1010 3.
1158 946 1218 1010 Sed
1241 946 1266 1009 si
1289 946 1407 1010 tardius
1429 946 1464 1012 lit

145 1061 238 1126 quam
259 1039 419 1113 volumus,
444 1039 563 1122 magnis
585 1038 839 1124 occupationibus
862 1040 944 1113 eius,
968 1060 986 1102 a
1008 1058 1071 1124 quo
1093 1040 1197 1104 omnia
1211 1050 1373 1125 petuntur,
1396 1040 1463 1104 adi·

144 1144 194 1199 tus
215 1131 254 1197 ad
276 1153 348 1196 oum
370 1132 558 1198 difficiliores
580 1132 720 1206 fuerunt,
744 1144 774 1197 et
796 1133 889 1198 simul
905 1132 1066 1197 Africanae
1082 1153 1193 1196 causae
1215 1133 1325 1199 iratior
1347 1134 1462 1200 diutius

143 1226 223 1291 velle
244 1224 369 1290 videtur
390 1246 446 1290 eos
467 1225 584 1290 babere
606 1226 770 1301 sollicitos,
793 1248 811 1290 a
833 1225 947 1313 quibus
969 1246 1002 1288 se
1024 1235 1110 1310 putat
1132 1226 1380 1291 diuturnioribus
1393 1244 1497 1291 essem

144 1319 293 1384 molestiis
315 1318 534 1384 conflictatum.
588 1319 650 1385 Sed
672 1320 732 1385 boc
753 1321 854 1406 ipsum
877 1319 1076 1402 intelligimus
1099 1341 1170 1384 cum
1193 1320 1330 1404 quotidie
1352 1321 1462 1385 remis-

144 1413 208 1478 sius
230 1422 262 1477 et
281 1413 430 1498 placatius
457 1412 552 1477 ferre.
608 1416 714 1491 Quare
736 1414 812 1478 mibi
841 1412 935 1477 crede
958 1422 988 1476 et
1009 1415 1179 1478 memoriae
1202 1413 1313 1477 manda
1334 1434 1384 1476 me
1407 1413 1463 1477 tibi

143 1507 176 1572 id
196 1507 365 1571 affirmasse
386 1515 416 1570 te
438 1506 470 1569 in
492 1506 558 1571 istis
581 1507 732 1573 molestiis
748 1507 863 1572 diutius
878 1528 942 1570 nou
958 1506 1109 1570 futurum.
1151 1511 1181 1572 4.
1206 1507 1371 1585 Quoniam,
1387 1505 1462 1593 quid

144 1602 309 1675 sentirem,
331 1601 479 1686 exposui,
503 1601 578 1686 quid
599 1601 692 1665 velim
713 1610 765 1665 tua
787 1621 893 1672 causa,
915 1620 950 1663 re
971 1600 1077 1684 potius
1096 1600 1262 1664 declarabo
1285 1622 1377 1686 quam
1392 1621 1464 1664 ora-

144 1695 238 1760 tione.
288 1699 343 1766 Et,
370 1695 396 1758 si
426 1703 544 1759 mutum
575 1716 716 1780 possem,
750 1703 900 1779 quantum
933 1693 964 1757 in
987 1714 1024 1756 ea
1045 1715 1080 1757 re
1102 1694 1240 1778 publica,
1277 1693 1316 1757 de
1338 1715 1399 1778 qua
1421 1694 1500 1758 itan

143 1810 211 1852 sum
240 1789 387 1860 meritus,
417 1796 453 1852 ut
484 1797 518 1852 tu
548 1788 722 1863 existimas,
751 1808 843 1873 posse
874 1786 1043 1860 debebam,
1077 1808 1116 1851 nc
1139 1796 1173 1851 tu
1193 1786 1319 1872 quidem
1341 1787 1374 1849 in
1395 1786 1463 1852 istis

142 1880 348 1946 incommodis
363 1899 462 1959 esscs;
478 1881 587 1946 eadem
603 1886 685 1946 enim
697 1903 789 1946 causa
801 1902 877 1966 opes
888 1902 972 1945 meas
983 1881 1087 1965 fregit,
1103 1902 1182 1967 quae
1192 1890 1275 1944 tuam
1288 1881 1418 1946 salutem
1430 1885 1463 1946 in

143 1973 310 2039 discrimen
332 1973 471 2039 adduxit.
515 1975 577 2040 Sed
599 1984 718 2047 tamen,
742 1975 895 2061 quidquid
916 1976 1020 2059 imago
1042 1974 1157 2039 veteris
1179 1995 1266 2038 meae
1289 1974 1461 2058 dignitatis,

144 2066 296 2152 quidquid
318 2067 469 2155 reliquiae
496 2069 613 2154 gratiae
645 2067 805 2140 valebunt,
828 2068 980 2140 studium,
1003 2068 1182 2141 consilium,
1212 2087 1324 2152 opera,
1346 2067 1460 2152 gratia,

143 2158 218 2224 fides
242 2183 311 2225 mea
332 2162 417 2227 nullo
439 2162 510 2227 loco
533 2162 632 2226 deerit
655 2161 714 2227 tuis
736 2161 863 2246 optimis
884 2160 1043 2226 fratribus.
1087 2166 1116 2225 5.
1139 2166 1185 2225 Tu
1203 2159 1252 2224 fac
1267 2159 1382 2223 babeas
1397 2159 1498 2223 for-ro

144 2264 204 2320 tem
220 2253 370 2330 animum,
393 2277 488 2341 quem
505 2277 629 2341 semper
643 2254 798 2320 habuisti:
821 2255 957 2340 primum
976 2254 1017 2320 ob
1032 2275 1085 2318 eas
1100 2275 1218 2325 causas,
1242 2274 1318 2339 quas
1333 2253 1459 2336 scripsi;

144 2347 269 2423 deinde,
308 2350 393 2434 quod
419 2371 455 2414 ea
483 2349 522 2414 de
550 2371 586 2414 re
614 2350 737 2435 publica
765 2370 890 2435 semper
911 2349 1037 2414 voluisti
1058 2358 1151 2433 atque
1172 2348 1308 2419 sensisti,
1342 2357 1461 2410 utnon

143 2441 239 2506 modo
261 2464 345 2507 nunc
365 2443 500 2507 secunda
522 2465 651 2529 sperare
673 2442 804 2517 debeas,
827 2443 882 2507 sed
905 2444 1012 2515 etiam,
1035 2442 1061 2505 si
1083 2441 1187 2505 omnia
1202 2442 1332 2506 adversa
1347 2447 1459 2513 essent,

143 2546 243 2602 menen
266 2537 455 2602 conscientia
476 2546 508 2601 et
529 2537 683 2602 factorum
705 2545 735 2600 et
764 2537 967 2600 consiliorum
990 2543 1133 2609 tuorum,
1156 2554 1359 2620 quaecunque
1381 2532 1461 2596 acci·

143 2629 267 2706 derent,
290 2630 462 2695 fortissimo
484 2640 515 2695 et
536 2632 675 2696 maximo
696 2631 800 2695 animo
822 2629 906 2694 ferre
929 2629 1071 2694 deberes.
1469 2641 1497 2680 ¹⁵

603 2772 684 2834 xre.
729 2768 777 2852 (a,
804 2772 836 2834 u
860 2767 999 2853 cao-1.)

633 2885 775 2948 crunno
797 2884 969 2948 troanno.

227 2998 255 3059 1.
277 2999 326 3059 Me
348 2994 425 3059 scito
447 3015 573 3058 omnem
593 3015 698 3058 meum
720 2994 876 3067 laborem,
910 3016 1036 3059 omnem
1057 3016 1206 3080 operam,
1242 3016 1367 3067 curam,
1396 3001 1461 3059 stu-

142 3089 228 3154 dium
250 3089 280 3153 in
302 3096 355 3153 tua
377 3089 474 3153 salute
496 3108 694 3164 consumere;
718 3109 789 3151 nam
811 3108 882 3152 cuna
906 3097 935 3151 te
958 3109 1082 3173 semper
1100 3091 1234 3154 maxime
1257 3090 1369 3164 dilexi,
1393 3097 1459 3153 tum

142 3182 272 3247 fratrum
295 3192 437 3257 tuorum,
461 3203 540 3267 quos
562 3201 660 3266 aeque
682 3189 774 3266 atque
796 3191 826 3245 te
847 3202 968 3245 summa
992 3181 1208 3246 benevolentia
1230 3205 1300 3248 sum
1322 3182 1497 3268 comple-ao

140 3297 218 3348 xus,
252 3275 416 3358 singularis
438 3275 536 3360 pietas
558 3294 709 3358 amorque
731 3273 887 3338 fraternus
907 3274 1026 3338 nullum
1047 3296 1098 3338 me
1120 3276 1236 3360 patitur
1264 3277 1359 3341 oflicii
1385 3295 1460 3358 erga

141 3376 172 3433 te
193 3369 349 3454 studiique
382 3389 495 3433 munus
524 3376 577 3433 aut
598 3377 720 3452 tempus
741 3367 1002 3452 praetermittere.
1059 3368 1121 3432 Sed
1143 3390 1223 3454 quae
1245 3367 1355 3432 faciam
1377 3368 1461 3433 fece-

141 3463 263 3548 rimque
292 3482 352 3547 pro
384 3471 430 3536 te,
464 3484 505 3526 ex
533 3461 657 3525 illorum
692 3469 722 3524 te
743 3461 854 3524 litteris
876 3483 968 3547 quam
991 3483 1030 3526 ex
1052 3463 1132 3526 meis
1153 3463 1235 3526 malo
1258 3481 1459 3546 cognoscere.

142 3555 224 3632 Quid
247 3564 349 3619 autern
372 3576 494 3640 sperem
516 3563 570 3618 aut
598 3553 750 3620 confidam
773 3562 804 3617 et
825 3554 1021 3638 exploratum
1053 3553 1184 3618 babeam
1207 3554 1245 3618 de
1268 3556 1365 3619 salute
1388 3565 1458 3626 tua,

141 3647 173 3711 id
195 3647 249 3712 tibi
273 3670 290 3711 a
318 3670 368 3712 me
406 3647 558 3712 declarari
587 3647 669 3711 volo.
723 3653 799 3711 Nam
822 3648 849 3712 si
877 3649 1039 3734 quisquam
1068 3657 1115 3713 est
1135 3648 1263 3713 timidus
1285 3648 1317 3712 in
1340 3647 1497 3730 magnisaa

141 3740 387 3827 periculosisque
414 3741 508 3805 rebus
536 3762 722 3826 semperque
755 3741 851 3825 magis
884 3743 1032 3808 adversos
1062 3765 1170 3808 rerum
1192 3742 1294 3806 exitus
1316 3749 1457 3805 metuens

142 3855 235 3918 quam
257 3855 385 3919 sperans
407 3834 575 3907 secundos,
597 3835 624 3898 is
645 3855 705 3918 ego
726 3856 811 3911 sum;
841 3846 890 3910 et,
914 3838 940 3900 si
962 3837 1022 3901 boc
1043 3837 1152 3901 vitium
1174 3849 1235 3908 est,
1258 3856 1296 3899 eo
1318 3855 1369 3898 me
1389 3854 1452 3897 non

142 3947 249 3992 carere
271 3928 431 3994 confiteor.
474 3934 504 3993 2.
527 3933 593 4012 Ego
615 3928 698 3992 idem
720 3937 823 3992 tamen
845 3950 915 3994 cum
938 3952 965 3996 a.
989 3931 1019 3994 d.
1034 3953 1063 3995 v.
1079 3930 1145 3995 Kal.
1161 3929 1360 3994 intercalares
1375 3927 1461 4011 prio-

142 4040 192 4084 res
221 4030 334 4104 rogatu
360 4022 491 4086 fratrum
522 4031 647 4086 tuorum
676 4022 829 4086 venissem
859 4044 949 4087 mane
971 4024 1011 4088 ad
1033 4027 1196 4088 Caesarem
1218 4031 1310 4108 atque
1332 4041 1459 4085 omnem

143 4112 274 4178 adeundi
296 4122 327 4177 et
348 4114 554 4178 conveniendi
575 4115 656 4178 illius
679 4114 892 4199 indignitatem
915 4126 946 4180 et
963 4117 1137 4181 molestiam
1152 4114 1364 4201 pertulissem;
1388 4133 1497 4177 cumea

142 4205 252 4270 fratres
281 4216 312 4270 et
338 4207 507 4294 propinqui
535 4207 580 4272 tui
611 4212 750 4272 iacerent
770 4209 810 4272 ad
831 4209 926 4294 pedes
949 4219 980 4273 et
1000 4231 1059 4295 ego
1082 4231 1182 4274 essem
1204 4209 1342 4279 locutus,
1378 4225 1459 4291 quae

212 4379 239 4428 5.
270 4381 367 4428 virtute
388 4384 413 4429 tt
437 4381 535 4441 pictate
559 4378 604 4428 bl:
631 4381 715 4428 virtus
744 4387 768 4429 et
795 4384 882 4444 pietas
909 4382 940 4430 Ε.
968 4404 996 4415 -
1034 4380 1060 4430 6.
1080 4381 1188 4444 profecit
1206 4378 1458 4443 illustrat-Lagona.

141 4444 224 4509 (fort.
246 4448 360 4511 Quorum
379 4451 480 4512 quidem
498 4456 523 4498 et
542 4450 639 4498 virtute
657 4456 682 4498 et
698 4452 798 4511 pietate
816 4458 840 4501 et
858 4466 947 4500 amora
964 4453 992 4499 ia
1011 4458 1034 4499 te
1053 4450 1184 4512 singulari
1202 4450 1307 4498 ωιίαιια
1328 4455 1351 4497 et
1368 4459 1459 4509 perpe·

141 4525 187 4567 tuo
204 4533 269 4568 curu
286 4520 379 4569 solutis
398 4527 457 4568 tuuc
476 4525 580 4568 tuntum
596 4520 718 4583 profecit.
738 4517 802 4581 On.)
836 4547 865 4558 -
905 4523 947 4570 to.
964 4526 1061 4582 putent
1080 4520 1118 4569 Μ.
1146 4545 1177 4555 -
1209 4520 1251 4568 1³.
1274 4518 1402 4580 Quoniam
1415 4514 1458 4564 bl:

142 4588 252 4649 woodo
272 4589 301 4638 E.
330 4614 361 4625 -
399 4590 442 4639 tt.
460 4590 550 4639 vetlem
567 4589 605 4639 Μ.
627 4613 657 4624 -
685 4590 822 4640 declarabo
840 4605 919 4655 quam
937 4593 1057 4640 oratione
1074 4589 1118 4640 bl:
1143 4603 1221 4653 quam
1240 4590 1358 4637 oratione
1376 4585 1457 4634 declu-

140 4658 204 4708 rubo
223 4658 253 4708 E.
283 4685 311 4696 -
350 4661 392 4709 17.
412 4660 552 4709 commodis
569 4659 607 4709 Μ.
629 4683 660 4694 -
696 4660 741 4709 22.
761 4662 792 4709 da
809 4676 864 4711 om.
884 4661 920 4710 bl.
943 4685 970 4695 -
1008 4674 1062 4709 noa
1078 4660 1156 4709 modo
1173 4672 1241 4708 nuno
1258 4655 1459 4706 secundatum-

141 4730 237 4779 binua:
257 4743 311 4778 non
327 4731 403 4779 modo
421 4745 478 4779 cum
495 4731 606 4778 reconda
623 4729 666 4787 Μ,
693 4743 748 4778 non
764 4733 841 4780 modo
859 4731 971 4782 racundo
996 4730 1027 4779 E.
1060 4753 1090 4764 -
1127 4728 1171 4778 28.
1197 4741 1297 4777 omnem
1314 4739 1396 4774 meum
1414 4723 1456 4775 bl:

140 4810 241 4849 οιιιιιιιιι
259 4798 290 4848 E.
323 4824 353 4836 -
390 4800 433 4850 35.
452 4801 589 4864 quisquam
605 4798 652 4849 bl:
673 4800 729 4860 quir
758 4799 788 4849 Β.
818 4827 846 4838 -
895 4801 939 4851 ³⁷.
967 4801 1084 4850 vitium
1110 4798 1148 4850 bl.
1182 4821 1211 4832 -
1256 4797 1300 4848 39.
1330 4793 1460 4858 otqueod

140 4881 242 4921 omnem
259 4868 297 4920 M·
334 4872 407 4920 Fort.
428 4877 505 4934 oeque
523 4871 588 4919 adeo
606 4881 716 4917 omnem.
736 4867 787 4919 On.
