3256 5400
646 228 720 291 tta.
741 227 809 292 XV.
850 226 910 290 ΕΡ.
932 229 962 289 b.
1398 230 1458 293 281

140 383 308 451 sedetiam
330 382 463 467 gloriam
485 427 525 438 -
547 383 652 450 studui
674 404 767 470 mam
782 382 979 448 ornatissima
999 393 1124 449 sanatus
1138 383 1312 472 populique
1331 386 1462 451 Romani

140 478 181 544 de
209 498 259 542 me
290 475 406 541 iudicia
434 477 639 544 intercedere.
683 484 789 564 ltaque
817 486 848 541 et
874 497 975 561 augur
1004 489 1111 562 postea
1142 478 1209 543 fieri
1239 478 1341 554 volui,
1378 479 1463 565 qnod

141 580 231 637 antea
252 572 468 655 neglexeram,
505 581 537 637 et
559 593 631 637 eum
654 571 825 644 honorem,
854 570 909 656 qui
938 591 956 634 a
977 580 1087 637 senatu
1108 571 1206 637 tribui
1227 572 1323 639 rebus
1343 571 1464 639 bellicis

141 664 240 739 solet,
277 664 452 748 neglectum
480 685 499 730 a
531 685 581 729 me
614 664 705 739 olim,
740 685 822 729 nunc
850 662 928 728 mihi
950 664 1158 749 expetendum
1181 676 1266 752 pnto.
1311 670 1361 733 1t.
1382 667 1464 732 Huic

141 780 230 825 meae
262 758 430 834 voluntati,
466 758 498 823 in
531 780 592 845 qna
623 757 705 823 inest
732 757 905 845 aliquavis
927 756 1076 823 desiderii
1098 758 1137 823 ad
1158 760 1330 825 sanandum
1351 761 1487 827 vulnnss

142 854 290 926 iniuriae,
319 860 355 917 ut
376 851 481 917 faveas
502 850 690 936 adiutorque
712 851 770 925 sis,
802 849 888 936 quod
908 850 1015 936 paullo
1037 859 1179 917 autema
1201 874 1348 938 negaram
1372 876 1465 940 roga·

142 957 267 1020 turum,
300 945 502 1012 vehementer
523 954 553 1010 te
575 966 675 1030 rogo,
709 944 844 1018 sedita,
867 943 895 1009 si
916 964 980 1008 non
1000 944 1140 1011 ieiunum
1161 946 1223 1012 hoc
1244 951 1349 1016 nescio
1370 951 1463 1039 quid,

141 1040 227 1126 qnod
249 1062 309 1126 ego
331 1041 429 1125 gessi,
465 1048 497 1104 ct
517 1038 777 1105 contemnendum
799 1037 975 1114 videbitur,
1001 1039 1057 1104 sed
1078 1040 1139 1105 tale
1161 1050 1253 1128 atque
1275 1053 1408 1120 tantum,
1431 1053 1465 1111 ut

142 1133 231 1198 multi
254 1154 450 1220 nequaquam
470 1131 600 1218 paribus
621 1131 717 1198 rebus
739 1132 878 1197 honores
900 1153 1041 1198 summos
1061 1154 1079 1197 a
1101 1143 1209 1199 senatu
1223 1139 1380 1203 consecuti
1395 1138 1464 1204 sint.

142 1225 295 1312 Equidem
313 1228 405 1293 etiam
418 1227 495 1293 illud
514 1227 592 1292 mibi
605 1226 742 1292 animum
757 1225 930 1292 advertisse
943 1226 1056 1293 videor
1068 1263 1109 1275 —
1127 1227 1187 1292 scis
1202 1229 1294 1305 enim,
1312 1252 1405 1317 qnam
1421 1239 1465 1297 at·
1475 1249 1501 1290 ao

142 1320 388 1386 tenteteaudire
400 1322 517 1387 soleam
537 1357 589 1396 -,
610 1330 790 1387 lenonium
805 1342 857 1386 res
869 1331 1073 1406 gestasquam
1085 1342 1200 1396 mores,
1221 1323 1358 1389 instituta
1373 1334 1465 1411 atque

142 1414 239 1479 vitam
251 1415 476 1500 imperatorum
486 1424 628 1501 spectare
644 1415 746 1480 solere
760 1414 794 1479 in
809 1413 960 1480 habendis
974 1423 1029 1480 aut
1042 1435 1107 1481 non
1116 1413 1269 1480 habendis
1283 1415 1466 1486 bonoribus.

143 1507 237 1586 Quod
252 1509 278 1573 si
293 1514 326 1574 in
340 1530 410 1573 mea
424 1529 516 1573 causa
529 1506 763 1583 considerabis,
788 1508 930 1595 reperies
944 1529 995 1574 me
1014 1509 1157 1574 exercitu
1177 1507 1335 1576 imbecillo
1357 1519 1465 1576 contra

142 1613 260 1668 metum
272 1602 400 1667 maximi
411 1600 485 1667 belli
493 1600 704 1668 firmissimum
712 1602 901 1687 praesidinm
909 1601 1054 1667 habuisse
1065 1603 1252 1688 aequitatem
1265 1611 1295 1668 et
1306 1603 1466 1669 continen-

142 1696 227 1762 tiam.
269 1697 327 1761 His
348 1717 407 1782 ego
428 1695 575 1762 subsidiis
596 1717 633 1760 ea
655 1717 724 1762 sum
750 1706 950 1770 consecutus,
978 1717 1058 1783 quae
1080 1697 1173 1762 nullis
1193 1697 1370 1783 legionibus
1392 1718 1501 1764 con-u

142 1791 232 1876 aequi
264 1791 451 1876 potuissem,
487 1797 522 1854 ut
544 1810 584 1854 ex
606 1789 802 1855 alienissimis
832 1788 928 1855 sociis
956 1790 1180 1867 amicissimos,
1218 1813 1259 1857 ex
1289 1790 1467 1856 infidelissi-

143 1883 204 1948 mis
224 1883 419 1950 firmissimos
436 1882 612 1958 redderem,
634 1883 817 1971 animosque
836 1903 990 1948 novarum
1012 1905 1121 1949 rernm
1143 1884 1377 1971 exspectatione
1398 1905 1467 1950 sus-
1490 1907 1493 1914 ·

143 1996 259 2064 pensos
294 1977 333 2043 ad
366 1977 480 2043 veteris
514 1976 639 2062 imperii
669 1975 918 2042 benevolentiam
950 1976 1158 2043 traducerem.
1218 1981 1268 2043 15.
1290 1978 1352 2044 Sed
1374 1977 1467 2043 nimis

144 2069 221 2136 haec
241 2071 337 2137 multa
359 2071 397 2137 de
419 2093 489 2147 me,
512 2071 697 2157 praesertim
719 2070 757 2136 ad
778 2079 823 2145 te,
846 2092 865 2137 a
886 2092 951 2158 quo
971 2092 1036 2137 nno
1054 2072 1195 2137 omnium
1210 2069 1369 2139 sociorum
1390 2093 1467 2159 que-

144 2163 230 2229 relae
252 2164 438 2245 audiuntur;
460 2186 631 2250 cognosces
653 2186 694 2230 ex
716 2164 775 2241 iis,
798 2165 853 2251 qui
867 2164 945 2230 meis
959 2164 1106 2230 institutis
1120 2186 1155 2230 se
1175 2176 1333 2232 recreatos
1347 2174 1503 2254 putantes

92 2334 96 2343 ,
145 2259 285 2344 Cumque
307 2278 416 2324 omnes
438 2279 501 2324 uno
523 2278 623 2344 prope
644 2278 798 2324 consensu
819 2257 931 2324 deme
952 2258 1036 2344 apud
1057 2269 1088 2324 te
1110 2280 1167 2334 ea,
1190 2260 1360 2347 quaemihi
1379 2270 1466 2348 opta·

144 2349 264 2416 tissima
285 2362 372 2425 sunt,
409 2351 647 2438 praedicabunt,
683 2361 749 2418 tum
772 2351 853 2417 duae
874 2352 1028 2417 maximae
1049 2352 1210 2418 clientelae
1231 2362 1322 2430 tuae,
1346 2357 1467 2442 Cyprus

144 2443 247 2510 insula
268 2453 299 2509 et
320 2445 533 2531 Cappadociae
553 2466 703 2532 regnum,
739 2454 843 2511 tecum
865 2444 904 2510 de
925 2466 976 2511 me
996 2445 1181 2532 loquentum
1202 2456 1279 2533 puto
1301 2447 1395 2513 etiam
1415 2469 1467 2515 ra-

145 2557 217 2625 gem
245 2537 442 2616 Deiotarum,
475 2541 530 2627 qni
557 2541 614 2606 nni
645 2538 702 2605 tibi
730 2546 779 2605 est
798 2539 937 2604 maxime
958 2539 1162 2606 necessarius.
1214 2541 1303 2617 Quae
1324 2542 1351 2607 si
1372 2542 1466 2608 etiam

145 2632 266 2699 maiora
286 2641 359 2699 sunt
380 2642 412 2698 et
433 2633 465 2699 in
486 2632 631 2701 omnibus
652 2633 765 2699 secnhs
784 2631 951 2719 pauciores
972 2632 1036 2697 viri
1055 2638 1171 2717 reperti
1194 2642 1281 2707 sunt,
1317 2640 1372 2722 qni
1393 2654 1504 2702 suasus

145 2726 346 2813 cupiditates,
368 2748 462 2814 quam
483 2729 538 2815 qni
560 2727 696 2794 hostium
717 2726 824 2812 copias
838 2724 1015 2799 vincerent,
1037 2734 1084 2790 est
1104 2724 1247 2813 proiecto
1268 2736 1373 2804 tuum,
1395 2749 1466 2794 cum

146 2819 187 2887 ad
218 2841 270 2886 res
297 2819 426 2887 bellicas
458 2821 551 2895 haec,
587 2842 668 2908 qnae
689 2822 813 2886 rariora
833 2828 866 2884 et
886 2818 1062 2884 difficiliora
1083 2829 1174 2895 sunt,
1207 2841 1323 2905 genera
1343 2820 1468 2887 virtutis

146 2912 344 2989 adiunxeris,
372 2913 455 3000 ipsas
476 2920 570 2979 etiam
591 2914 661 2980 ibas
681 2935 733 2979 res
754 2923 856 2999 gestas
876 2910 1025 2977 iustiores
1047 2932 1115 2977 esse
1137 2921 1169 2977 et
1189 2913 1324 2980 maiores
1344 2925 1467 3001 putare.

148 3011 199 3073 tt.
220 3011 404 3073 Extremum
423 3006 501 3074 illud
522 3017 588 3084 est,
620 3016 656 3074 nt
677 3007 765 3095 qnasi
786 3004 928 3072 diffidam
948 3004 1105 3089 rogationi
1127 3025 1215 3071 meae
1235 3007 1465 3096 philosophiam

146 3100 187 3167 ad
215 3109 246 3167 te
274 3101 422 3187 allegem,
455 3122 517 3190 qna
538 3123 597 3169 nec
616 3101 693 3167 mihi
713 3099 820 3166 carior
839 3098 903 3164 ulla
924 3119 1064 3184 unquam
1086 3118 1138 3163 res
1161 3099 1194 3164 in
1215 3099 1278 3166 vita
1299 3100 1374 3175 fuit,
1410 3122 1505 3167 necao

147 3193 310 3261 hominum
337 3194 446 3281 generi
474 3201 574 3262 maius
607 3218 626 3263 a
655 3196 722 3262 deis
755 3213 867 3259 munus
899 3192 998 3259 ullum
1020 3201 1067 3258 est
1088 3192 1203 3259 datum.
1246 3198 1331 3260 Haec
1349 3195 1467 3280 igitur,

148 3309 229 3377 qnae
249 3287 327 3354 mihi
347 3299 450 3354 tecum
471 3289 645 3356 communis
667 3297 730 3364 est,
753 3287 885 3354 societas
907 3285 1083 3352 studiorum
1105 3295 1198 3373 atqne
1216 3287 1330 3354 artium
1348 3297 1470 3353 nostra·

148 3401 244 3458 rum,
283 3380 397 3468 quibus
418 3403 436 3447 a
456 3383 592 3468 pueritia
616 3381 713 3448 dediti
745 3401 781 3446 ac
812 3379 948 3445 devincti
980 3379 1040 3445 soli
1061 3380 1289 3465 propemodum
1317 3402 1375 3448 nos
1400 3380 1470 3468 phi-

147 3475 322 3562 losophiam
351 3497 458 3542 veram
491 3477 577 3542 illam
598 3484 630 3542 et
650 3475 822 3563 antiquam,
853 3494 934 3560 qnae
955 3472 1141 3560 quibusdam
1163 3474 1221 3539 otii
1242 3495 1312 3540 esse
1332 3495 1369 3540 ac
1389 3474 1471 3540 desi·

149 3570 219 3638 diae
247 3570 386 3645 videtur,
418 3570 452 3636 in
482 3569 587 3636 iorum
619 3579 711 3655 atque
739 3573 772 3633 in
799 3587 867 3633 rem
898 3565 1055 3653 publicam
1084 3576 1176 3653 atque
1197 3567 1230 3633 in
1251 3568 1351 3656 ipsam
1373 3569 1504 3635 aciemrs

148 3685 249 3752 paene
280 3663 484 3742 dednximns,
520 3674 624 3731 tecum
656 3663 722 3747 agit
747 3661 789 3726 de
810 3681 880 3725 mea
907 3659 1014 3735 laude,
1047 3664 1098 3725 cui
1119 3660 1227 3743 negari
1248 3683 1266 3727 a
1287 3666 1403 3729 Catone
1423 3660 1470 3728 ias

148 3779 219 3825 esse
251 3778 314 3824 non
342 3769 428 3845 pnto.
482 3755 696 3837 Quamobrem
728 3753 786 3821 tibi
812 3754 857 3819 sic
886 3753 1077 3841 persuadeas
1103 3752 1215 3820 velim:
1259 3761 1285 3822 si
1314 3754 1390 3820 mihi
1418 3763 1471 3820 tua

150 3851 303 3918 sententia
324 3851 460 3919 tributus
482 3852 584 3918 honos
612 3871 653 3916 ex
682 3849 760 3915 meis
787 3848 899 3914 litteris
919 3847 1037 3924 haurit,
1072 3868 1123 3912 me
1144 3845 1190 3912 sic
1211 3851 1470 3923 existimaturum,

149 3964 223 4010 cnm
249 3946 432 4012 auctoritate
460 3957 529 4020 tna,
565 3953 632 4011 tum
659 3941 877 4009 benevolentia
907 3960 983 4027 erga
1011 3961 1062 4005 me
1091 3940 1189 4017 mihi,
1226 3940 1312 4028 qnod
1332 3941 1470 4008 maxime

150 4038 321 4125 cupierim,
344 4038 520 4126 contigisse.
1477 4048 1505 4089 ⁴⁰

644 4191 987 4280 umnam)

486 4322 527 4385 hl.
549 4319 653 4386 CATO
675 4320 707 4384 S.
727 4320 766 4382 Ι).
786 4320 828 4383 bi.
851 4316 1034 4381 CICERONI
1054 4317 1135 4385 ΙΜΡ.

238 4437 267 4499 1.
303 4431 396 4512 Quod
429 4440 459 4497 et
486 4452 538 4497 res
564 4429 688 4518 publica
717 4448 768 4493 me
796 4435 827 4492 et
854 4435 960 4491 nostra
982 4424 1118 4490 amicitia
1140 4425 1303 4503 hortatur,
1338 4425 1472 4492 libenter

151 4526 250 4602 facio,
272 4534 307 4593 ut
327 4535 413 4593 tuam
433 4525 597 4600 virtutem,
632 4521 861 4594 innocentiam,
883 4519 1075 4605 diligentiam
1096 4521 1252 4604 cognitam
1273 4520 1307 4586 in
1328 4519 1472 4585 maximis

224 4719 267 4769 10.
288 4717 356 4767 illud
373 4717 436 4765 mihi
448 4714 494 4766 hl:
513 4714 689 4764 mthtttludti.
702 4739 730 4750 -
752 4714 795 4764 to.
816 4726 849 4761 ec
862 4716 1020 4775 postulem.
1035 4724 1075 4772 pr.
1090 4711 1126 4762 Μ.
1140 4736 1174 4745 -
1192 4711 1236 4761 28.
1255 4710 1408 4760 illrutriorea
1417 4710 1473 4759 hta·

153 4789 256 4840 nntius.
283 4813 313 4823 —
350 4799 401 4836 erae
427 4785 480 4834 del.
503 4785 650 4834 Ernestius.
680 4809 707 4820 -
748 4785 791 4834 ³1.
819 4783 873 4832 dcta
898 4779 943 4831 u:
971 4780 1022 4829 diis
1040 4780 1070 4830 li.
1118 4781 1162 4830 32.
1190 4794 1322 4831 commune
1339 4787 1375 4829 sat
1393 4779 1473 4830 bl.-

153 4859 199 4911 dd.
218 4871 307 4911 cerum
325 4856 398 4907 illum
415 4855 464 4906 ld}
483 4855 557 4904 illam
575 4869 662 4905 veram
682 4853 710 4903 Ε.
731 4880 764 4888 -
799 4852 842 4903 lto.
864 4851 1000 4914 remigius
1017 4848 1060 4900 hl:
1080 4850 1224 4915 contigisse.
1265 4850 1334 4900 Vale.
1372 4849 1402 4900 E.
