3256 5400
446 216 521 280 LlB.
543 217 627 282 xm.
670 218 729 282 BP.
750 218 803 283 80.
823 218 876 282 hl.
897 219 949 283 82.
970 220 1023 284 33.
1044 219 1096 284 dd.
1117 219 1169 285 85.
1399 222 1463 287 249

585 376 712 438 xxm.
756 372 805 456 (A.
831 376 864 440 u.
886 375 919 441 c.
939 374 1025 461 ros.)

534 497 676 562 uerno
697 495 830 561 neruo
851 498 1017 564 procos,
1039 500 1070 563 s

226 628 255 691 t.
292 627 328 689 ln
362 622 507 689 llalesina
539 624 663 690 civitate
689 635 753 690 tam
784 626 868 692 lauta
902 634 1029 714 tamque
1058 625 1156 694 nobili
1190 627 1463 697 coniunctlsslmos

140 716 243 784 babeo
271 727 302 783 et
328 715 464 803 hospitio
487 726 518 783 et
540 717 746 786 familiaritate
767 724 809 786 N.
831 730 862 786 et
883 722 917 786 C.
942 719 1068 786 Clodios
1088 721 1318 807 Archagathum
1340 732 1372 789 et
1391 722 1465 790 Phi·

140 820 255 886 lonem.
298 817 361 885 Sed
382 839 512 894 vereor,
536 841 595 895 ne,
617 821 691 906 quia
713 822 891 908 complures
912 820 971 887 tibi
991 823 1162 909 praecipue
1183 824 1384 902 commendo,
1407 822 1484 892 ex·'³

139 934 277 1000 aequare
298 912 407 979 videar
432 911 602 978 ambitione
631 913 764 1000 quadarn
794 913 1079 980 commendationes
1111 936 1207 981 meas.
1265 918 1463 1005 Quamquam

140 1016 213 1072 ate
241 1006 368 1094 quidem
395 1006 552 1072 cumulate
573 1006 682 1072 satisfit
709 1015 741 1071 et
762 1006 838 1072 mihi
859 1017 890 1073 et
910 1008 990 1072 meis
1011 1007 1166 1075 omnibus.
1223 1013 1254 1074 2.
1289 1009 1350 1076 Sed
1370 1010 1464 1077 velim

141 1104 187 1165 sic
207 1100 383 1176 existimes,
417 1098 496 1164 banc
516 1098 664 1166 familiam
687 1100 796 1166 ethos
817 1100 893 1166 mihi
921 1101 1057 1167 maxime
1079 1122 1149 1167 esse
1170 1104 1354 1170 coniunctos
1375 1113 1464 1171 vetu-

141 1203 240 1269 state,
263 1192 392 1268 officiis,
414 1191 641 1258 benevolentia.
686 1192 900 1271 Quamobrem
922 1203 996 1281 peto
1016 1216 1035 1260 a
1056 1203 1087 1261 te
1108 1196 1141 1261 in
1155 1196 1307 1262 maiorem
1323 1197 1461 1275 modum,

141 1295 176 1353 ut
196 1286 236 1352 iis
257 1285 402 1353 omnibus
422 1285 457 1351 in
476 1285 588 1362 rebus,
621 1296 771 1373 quantum
796 1299 849 1353 tua
877 1287 955 1354 fides
976 1288 1172 1376 dignitasque
1192 1289 1346 1377 patietur,
1376 1311 1463 1357 com·
1475 1303 1501 1343 ¹⁰

141 1379 260 1446 modes.
302 1379 338 1445 ld
358 1379 386 1446 si
405 1378 536 1456 leceris,
559 1380 619 1445 crit
640 1379 716 1445 mihi
739 1381 1011 1448 vehementissime
1032 1392 1164 1468 gratum.

567 1551 712 1613 raam.
757 1546 806 1632 (A.
832 1551 865 1615 tt
888 1552 920 1615 e.
943 1549 1030 1635 ros.)

529 1671 672 1736 cremo
695 1671 828 1735 acuto
850 1672 1014 1737 enocos
1037 1674 1068 1736 s

226 1805 280 1866 Cu.
304 1798 436 1865 Otacilio
457 1804 579 1865 Nasone
601 1809 675 1865 utor
695 1799 952 1875 familiarissime,
980 1800 1023 1866 ita
1043 1822 1189 1888 prorsus,
1218 1814 1254 1870 ut
1272 1805 1355 1872 illius
1376 1805 1464 1873 ordi·

141 1894 190 1959 nis
211 1893 297 1958 nuNo
319 1892 512 1959 familiarius.
565 1899 642 1959 Nam
665 1903 696 1959 et
716 1893 906 1960 humanitate
928 1894 995 1960 cius
1016 1904 1047 1960 et
1067 1895 1223 1982 probitate
1243 1899 1276 1963 in
1297 1910 1500 1966 consuetu-rs

141 1987 214 2053 dine
239 1986 420 2072 quotidiana
448 2007 561 2072 magno
589 2009 687 2074 opere
716 1987 865 2054 delector.
915 1988 997 2054 Nihil
1028 1990 1090 2055 iam
1112 2011 1192 2076 opus
1213 1999 1260 2056 est
1281 2002 1463 2078 exspectare

141 2091 189 2158 te,
211 2080 326 2169 quihus
348 2102 421 2148 eum
443 2080 548 2147 verbis
571 2080 627 2146 tibi
648 2082 881 2159 commendem,
905 2104 969 2170 quo
990 2083 1035 2148 sic
1056 2093 1145 2158 utar,
1168 2093 1203 2149 ut
1217 2085 1337 2171 scripsi.
1363 2084 1464 2151 llabet

142 2174 220 2240 isin
240 2175 402 2261 provincia
424 2182 478 2240 tua
499 2175 640 2260 negotia,
669 2196 749 2262 quae
770 2185 940 2262 procurant
961 2175 1086 2251 liberti,
1109 2178 1250 2253 Hilarus,
1273 2177 1462 2263 Antigonus,

141 2272 371 2343 Demostratus,
394 2289 474 2354 quos
495 2268 551 2334 tibi
574 2269 761 2355 negotiaque
783 2269 888 2334 omnia
908 2270 1039 2335 Nasonis
1063 2292 1127 2336 non
1148 2292 1238 2337 secus
1258 2272 1461 2348 commendo,

142 2381 178 2426 ac
207 2366 233 2426 si
263 2382 332 2426 mea
365 2369 479 2428 essent.
536 2361 753 2428 Gratissimum
775 2363 851 2428 mihi
871 2362 1001 2439 leceris,
1023 2364 1051 2430 si
1071 2364 1257 2431 intellexero
1278 2363 1357 2430 banc
1377 2381 1500 2432 com-ao

142 2454 372 2522 mandationem
392 2476 539 2543 magnum
559 2455 642 2542 apud
664 2464 694 2520 te
716 2455 838 2542 pondus
859 2454 1016 2523 babuisse.
1057 2458 1143 2523 Vale.

577 2625 716 2688 aratu.
758 2625 811 2704 (A.
838 2625 870 2689 u.
893 2627 925 2690 c.
948 2627 1039 2708 ros)

534 2747 678 2812 CICERO
699 2746 832 2812 ACILIO
854 2747 1019 2812 PROCOS.
1042 2749 1073 2812 S.

225 2866 350 2932 Avitum
371 2864 448 2930 mihi
468 2863 638 2952 hospitium
660 2875 708 2932 est
728 2886 800 2931 cum
821 2870 961 2954 Lysone,
988 2862 1120 2952 Lysonis
1141 2863 1223 2938 filio,
1245 2863 1463 2954 Lilybaetano,

142 2959 294 3047 valdeque
315 2958 355 3024 ab
377 2980 416 3024 eo
438 2957 593 3025 observor
613 2959 811 3047 cognovique
832 2959 962 3046 dignum
983 2966 1015 3023 et
1034 2966 1124 3044 patre
1145 2967 1177 3024 et
1197 2980 1276 3036 avo;
1310 2968 1357 3023 est
1376 2957 1460 3024 enim
1473 2959 1503 3003 ²⁸

143 3052 334 3119 nobilissima
366 3050 492 3118 familia.
551 3055 753 3138 Quapropter
785 3051 971 3120 commendo
1004 3051 1062 3117 tibi
1093 3052 1244 3118 maiorem
1271 3051 1304 3116 in
1335 3049 1464 3116 modum

142 3169 210 3214 rem
231 3148 422 3235 domumque
443 3146 528 3224 eius3
566 3165 742 3234 magnoque
763 3168 862 3234 opere
884 3147 992 3214 abste
1012 3154 1103 3233 peto,
1137 3167 1243 3221 eures,
1265 3154 1301 3210 ut
1321 3144 1348 3210 is
1369 3144 1461 3210 intel·

142 3241 218 3327 ligat
238 3261 340 3306 meam
360 3238 664 3308 commendationem
685 3241 824 3308 maximo
846 3239 907 3308 sibi
927 3238 1012 3328 apud
1031 3250 1063 3307 te
1083 3248 1115 3306 et
1128 3239 1307 3306 adiumento
1321 3247 1353 3306 et
1368 3259 1462 3305 orna-

142 3344 248 3401 mento
268 3333 375 3402 luisse.

591 3506 713 3569 man
754 3504 806 3586 (a.
831 3507 865 3569 u.
885 3505 918 3569 c.
940 3501 1027 3588 ros.)
1469 3516 1499 3558 a

532 3626 675 3691 uerno
697 3625 831 3691 acuro
852 3625 1017 3691 rnocos
1040 3626 1072 3690 s

228 3751 258 3813 1.
280 3750 313 3814 C.
334 3746 482 3812 Avianius
503 3743 694 3811 Philoxenus
713 3746 858 3832 antiquus
879 3755 927 3812 est
946 3745 1062 3833 hospes
1083 3765 1172 3810 meus
1200 3757 1232 3810 et
1262 3754 1388 3828 praeter
1406 3744 1465 3811 ho-

143 3839 269 3928 spitium
300 3839 390 3906 valde
421 3838 514 3905 etiam
545 3838 722 3919 familiaris;
751 3860 846 3926 quem
868 3843 981 3906 Caesar
1000 3859 1073 3905 meo
1095 3837 1246 3904 benelicio
1268 3838 1299 3903 in
1320 3844 1463 3905 Novoco-

142 3954 266 4000 menses
286 3933 416 3999 rettudit„
471 3937 591 3998 Nomen
612 3943 716 3998 autem
737 3932 860 3999 Avianii
884 3942 1008 3998 secutus
1029 3941 1093 4008 est,
1122 3931 1207 4019 quod
1228 3932 1354 3998 homine
1375 3932 1462 3998 nullo

142 4029 212 4117 plus
234 4037 281 4094 est
302 4049 378 4094 usus
405 4046 499 4113 quam
520 4027 631 4093 Flacco
651 4025 800 4101 Avianio,
823 4047 911 4101 meo,
942 4025 1204 4112 quemadmodum
1226 4036 1256 4092 te
1277 4027 1357 4093 scire
1378 4024 1503 4093 arbi-³⁵

142 4133 228 4199 tror,
260 4120 514 4188 familiarissimo.
572 4123 661 4198 Quae
683 4140 743 4206 ego
765 4120 869 4186 omnia
891 4119 1018 4206 collegi,
1045 4128 1081 4187 ut
1101 4119 1290 4205 inteNigeres
1311 4141 1375 4186 non
1395 4120 1465 4186 vul-

142 4235 251 4301 garem
272 4235 341 4281 esse
362 4213 665 4280 commendationem
685 4212 765 4279 bane
795 4234 907 4279 meam.
962 4217 994 4279 2.
1029 4216 1106 4279 Peto
1134 4213 1231 4298 igitur
1256 4213 1312 4279 abs
1341 4225 1392 4289 te,
1428 4224 1464 4281 ut

143 4308 290 4376 omnibus
311 4308 424 4386 rebus,
458 4307 544 4395 quod
565 4307 633 4374 sine
654 4308 797 4373 molestia
819 4317 872 4374 tua
893 4307 996 4373 facere
1017 4307 1135 4394 possis,
1158 4307 1188 4372 ei
1209 4307 1389 4373 commodes
1410 4306 1465 4371 ha-

142 4401 282 4490 beasque
310 4403 343 4468 iu
370 4422 503 4467 numero
524 4410 652 4468 tuorum
673 4401 900 4488 perficiasque,
932 4410 968 4469 ut
987 4401 1138 4487 intelligat
1158 4400 1214 4467 has
1235 4401 1353 4466 litteras
1375 4420 1463 4465 meas

143 4516 258 4582 magno
279 4494 339 4562 sibi
359 4494 432 4561 usui
452 4493 560 4561 fuisse.
602 4494 672 4560 Erit
690 4493 724 4560 id
745 4494 823 4560 mihi
843 4495 997 4562 maiorem
1017 4495 1050 4560 in
1071 4493 1200 4561 modum
1221 4503 1354 4580 gratum.
1473 4503 1504 4546 ⁸⁰

213 4714 239 4765 8.
268 4716 314 4764 tos
338 4714 453 4763 homines
477 4713 634 4764 Lambinus.
664 4737 694 4751 -
732 4715 775 4764 lt).
802 4717 836 4766 its
861 4715 996 4767 Orettlus:
1027 4716 1066 4764 tta
1091 4703 1162 4767 ΜΕ.
1185 4735 1216 4748 -
1250 4712 1295 4763 st.
1323 4711 1467 4776 Ltlgbttont

144 4785 188 4906 ³ld8.
208 4784 366 4906 c-gmzlmqs
374 4783 454 4905 ἱνα
473 4790 500 4835 et
518 4783 582 4836 lort-
601 4783 639 4837 st.
661 4807 691 4822 -·
722 4785 768 4836 ³2.
786 4785 913 4838 dotentas
929 4786 973 4840 ld:
991 4786 1107 4838 dotatae
1124 4784 1156 4836 s.
1176 4784 1240 4835 ltern
1258 4797 1285 4836 r.
1303 4782 1348 4834 dd.
1366 4782 1411 4834 st.
1433 4804 1465 4818 -
