3256 5400
176 233 241 295 774
520 226 578 287 ΕΡ.
600 225 652 286 ΑΙ)
675 220 832 310 BRUl'UM
854 220 927 282 LlB.
949 219 974 281 1.
1016 219 1075 281 ΕΡ.
1100 217 1149 282 18.

176 389 267 474 sequi
289 387 477 454 noluerunt?
506 388 537 446 et
558 379 591 442 in
613 399 677 465 quo
698 376 862 442 incolumis
885 375 1073 463 imperator,
1104 373 1278 442 bonoribus
1298 374 1508 464 amplissimis

177 483 373 568 fortunisque
400 473 561 546 maximis,
591 472 738 555 coniuge,
766 469 891 544 liberis,
920 468 1011 535 vobis
1037 467 1182 535 affinibus
1207 478 1355 546 ornatus,
1383 468 1505 535 bellum

176 578 225 642 rei
238 575 381 662 publicae
403 567 572 634 indixerit?
596 564 679 642 Quid
701 563 817 639 dicam,
840 565 872 629 in
894 573 980 629 tanto
1001 572 1126 629 senatus
1147 564 1321 651 populique
1344 584 1506 630 consensu

177 691 247 736 cum
275 678 391 733 tantum
419 660 555 726 resideat
583 659 664 723 intra
693 676 801 723 muros
821 659 916 723 mali‘l
952 662 982 723 3.
1011 657 1149 723 Maximo
1175 668 1294 734 autem,
1323 678 1398 724 eum
1427 657 1506 724 baec

155 760 367 832 sscribebam‚
390 753 547 820 afficiebar
569 752 697 826 dolore,
719 751 821 837 quod,
844 774 915 817 cnm
937 773 988 817 me
1010 772 1069 837 pro
1087 750 1319 819 adolescentulo
1342 774 1378 818 ac
1401 773 1506 840 paene

176 876 276 942 puero
304 873 356 917 res
383 848 507 935 publica
535 847 705 931 accepisset
733 847 859 919 vadem,
891 847 945 911 rix
976 844 1121 921 videbar,
1158 847 1243 934 quod
1273 850 1505 934 promiseram,

175 957 333 1035 praestare
355 964 458 1029 posse.
494 946 548 1006 Est
570 951 673 1005 antem
695 940 822 1025 gravior
843 950 875 1004 et
893 940 1050 1007 difficilior
1071 941 1168 1006 animi
1189 950 1220 1006 et
1241 944 1416 1008 sententiae
1439 963 1507 1007 ma-

175 1040 268 1107 ximis
296 1037 482 1124 praesertim
509 1035 543 1100 in
568 1032 663 1098 rebus
691 1054 751 1118 pro
778 1033 878 1098 altero
907 1055 1001 1119 quam
1028 1035 1178 1120 pecuniae
1206 1033 1366 1120 obligatio.
1417 1039 1508 1101 Haec

175 1134 258 1199 enim
285 1132 365 1197 solvi
392 1137 496 1215 potest
525 1138 556 1194 et
583 1139 630 1194 est
657 1128 705 1192 rei
727 1127 889 1192 familiaris
916 1128 1035 1193 iactura
1066 1127 1252 1194 tolerabilis:
1279 1131 1328 1196 rei
1355 1128 1506 1218 publicae

140 1230 260 1316 nequod
289 1225 513 1313 spoponderis,
542 1221 805 1310 quemadmodum
834 1223 952 1297 solvas,
981 1224 1007 1289 si
1036 1225 1063 1290 is
1090 1224 1224 1310 dependi
1251 1224 1341 1290 lacile
1365 1223 1505 1311 patitur,

175 1343 234 1410 pro
256 1342 320 1408 quo
341 1318 570 1405 spoponderis?
606 1321 637 1382 d.
669 1321 865 1402 Quemquam
888 1325 919 1380 et
940 1317 1036 1392 bunc,
1066 1327 1102 1383 ut
1122 1339 1233 1404 spere,
1256 1317 1370 1384 tenebo
1393 1317 1505 1382 multis

174 1413 430 1502 repugnantibus.
474 1411 605 1478 Videtur
634 1410 715 1475 enirn
740 1431 808 1474 esse
828 1409 966 1487 indoles,
997 1412 1051 1476 sed
1072 1410 1220 1478 flexibilis
1240 1422 1325 1478 aetas
1347 1413 1505 1499 multique

174 1510 213 1577 ad
229 1506 461 1593 depravandum
482 1505 598 1592 parati,
621 1505 691 1590 qui,
714 1504 882 1590 splendore
903 1504 973 1570 falsi
994 1504 1123 1570 honoris
1145 1505 1285 1580 obiecto,
1308 1506 1410 1571 aciem
1424 1504 1504 1571 boni

174 1602 291 1688 ingenii
312 1600 499 1686 praestringi
520 1620 613 1685 posse
634 1597 803 1663 confidunt.
839 1602 949 1684 Itaque
971 1598 1010 1663 ad
1024 1599 1164 1685 reliquos
1185 1599 1237 1664 bic
1259 1621 1388 1686 quoque
1410 1599 1506 1666 labor

141 1696 252 1761 umihi
274 1694 416 1769 accessit,
446 1703 481 1758 nt
502 1713 610 1757 omnes
639 1690 802 1755 adhibeam
825 1692 982 1757 machinas
1011 1692 1050 1757 ad
1070 1693 1239 1759 tenendum
1258 1694 1503 1770 adolescentem,

176 1812 215 1854 ne
242 1788 355 1853 sumam
383 1785 513 1852 subeam
541 1785 734 1850 temeritatis.
779 1788 976 1871 Quamquam
1005 1806 1085 1873 quae
1114 1788 1273 1854 temeritas
1295 1795 1363 1856 esti
1401 1789 1503 1874 Magis

176 1882 259 1947 enim
280 1881 382 1953 illum,
405 1900 465 1966 pro
487 1900 550 1965 quo
566 1879 738 1965 spopondi,
761 1899 854 1965 quam
876 1885 1044 1965 meipsum
1066 1879 1212 1965 obligavi.
1247 1886 1310 1948 Nec
1332 1902 1410 1949 vero
1424 1903 1504 1969 poe·

175 1976 276 2040 nitere
306 1983 409 2060 potest
435 1972 681 2058 rempublicam
710 1995 760 2037 me
790 1993 849 2060 pro
872 1994 911 2038 eo
940 1974 1159 2060 spopondisse,
1187 1976 1242 2061 qui
1263 1976 1323 2042 luit
1348 1979 1381 2042 in
1402 1975 1503 2041 rebus

176 2068 321 2154 gerendis
343 2089 414 2134 cnm
436 2088 494 2134 suo
516 2067 659 2152 ingenio,
690 2076 757 2132 tum
777 2089 848 2133 mea
870 2067 1078 2153 promissione
1100 2070 1300 2136 constantior.
1342 2076 1374 2138 5.
1402 2071 1503 2136 blaxis

140 2170 246 2228 ”mus
268 2173 371 2227 antem
393 2198 434 2209 -
456 2162 516 2227 nisi
538 2182 588 2226 me
609 2161 692 2225 sorte
715 2160 793 2226 lallit
814 2196 853 2209 —
876 2161 908 2225 in
930 2182 966 2225 re
988 2161 1111 2247 publica
1133 2162 1234 2229 nodus
1256 2173 1303 2229 est
1323 2163 1431 2250 inopia
1452 2163 1503 2229 rei

176 2256 384 2342 pecuniariae.
431 2254 650 2320 Obdurescnnt
671 2254 755 2319 enim
784 2255 884 2339 magis
906 2255 1046 2340 quotidie
1068 2253 1143 2320 boni
1165 2256 1224 2321 viri
1251 2257 1291 2322 ad
1312 2278 1424 2323 rocem
1445 2258 1505 2324 tri·

177 2348 258 2426 huti;
281 2349 367 2435 quod
388 2371 429 2414 ex
443 2348 611 2413 centesima
632 2348 778 2413 collatum
793 2348 965 2435 impudenti
981 2370 1076 2415 censu
1095 2350 1295 2436 locupletium
1317 2351 1348 2416 in
1364 2351 1504 2416 duarum

176 2443 336 2528 legionum
358 2442 505 2529 praemiis
527 2462 619 2506 omne
641 2442 844 2508 consumitur.
888 2441 1070 2529 Impendent
1095 2455 1200 2509 autem
1224 2443 1336 2510 infiniti
1355 2453 1503 2532 sumptus

178 2557 249 2601 cum
271 2537 304 2600 in
318 2535 376 2601 bos
391 2540 563 2610 exercitus,
587 2534 702 2621 quibus
725 2558 806 2601 nune
821 2535 1034 2612 defendimur,
1057 2547 1123 2602 tum
1144 2558 1220 2604 vero
1241 2539 1275 2604 in
1290 2549 1388 2605 tunm.
1422 2544 1504 2604 Nam

142 2629 302 2696 esCassius
322 2639 430 2694 noster
451 2628 575 2694 videtur
596 2650 689 2713 posse
710 2631 784 2695 satis
806 2640 934 2697 ornatus
955 2631 1073 2698 venire.
1116 2633 1176 2699 Sed
1198 2642 1228 2698 et
1246 2633 1327 2698 baec
1348 2643 1379 2698 ct
1401 2634 1503 2700 multa

179 2722 238 2787 alia
260 2743 366 2786 coram
394 2722 502 2808 cupio,
533 2722 628 2809 idque
656 2725 918 2808 quamprimum.
962 2730 992 2789 6.
1021 2730 1067 2790 De
1088 2726 1209 2791 sororis
1236 2736 1308 2792 tuae
1336 2725 1409 2792 liliis
1436 2749 1504 2793 non

180 2814 372 2899 exspectavi,
394 2820 506 2889 Brute,
530 2815 603 2880 dnm
622 2815 787 2880 scriberes.
825 2818 960 2883 Omnino
982 2818 1048 2903 ipsa
1071 2828 1266 2905 tempora-
1282 2819 1503 2886 bellumenim

179 2909 311 2974 ducetur
331 2942 373 2955 -
395 2908 547 2994 integram
576 2908 631 2973 tibi
660 2929 784 2973 causam
813 2920 984 2976 reservant.
1028 2912 1090 2977 Sed
1119 2934 1177 2998 ego
1206 2914 1402 3001 aprincipio
1427 2935 1503 2980 cum

179 3002 319 3069 divinare
340 3002 380 3067 dc
394 3001 468 3068 belli
489 3003 690 3069 diuturnitate
704 3025 847 3089 possem,
870 3008 912 3068 ita
927 3024 1052 3070 causam
1075 3006 1124 3090 egi
1138 3027 1310 3093 puerorum
1331 3009 1363 3072 in
1379 3018 1502 3084 senatu,

142 3108 215 3161 aeut
244 3105 275 3160 te
302 3095 439 3162 arbitror
466 3118 484 3162 e
506 3098 613 3163 matris
634 3098 745 3163 litteris
773 3096 912 3182 potuisse
934 3117 1134 3183 cognoscere.
1177 3106 1240 3166 Nec
1260 3123 1338 3168 vero
1362 3103 1426 3168 ulla
1448 3125 1504 3169 res

180 3191 240 3255 erit
262 3212 411 3275 unquam,
433 3191 466 3255 in
487 3213 549 3277 qna
570 3212 630 3276 ego
651 3212 714 3257 non
736 3191 786 3257 vel
808 3190 889 3257 vitae
910 3193 1051 3276 periculo
1073 3215 1110 3258 ea
1131 3194 1232 3260 dicam
1254 3217 1353 3283 eaque
1374 3196 1502 3272 luciam,

180 3305 261 3371 quac
283 3294 313 3348 te
335 3284 415 3348 velle
436 3305 579 3370 quaeque
601 3284 641 3350 ad
664 3295 694 3349 te
714 3286 874 3371 pertinere
896 3284 1041 3352 arbitrer.
1083 3308 1131 3353 vr.
1152 3289 1280 3355 Kalend.
1303 3293 1389 3357 Sext.

186 3424 356 3434 ----

250 3504 277 3552 2.
296 3503 372 3552 uobis
389 3502 410 3550 1.
438 3527 473 3536 —
508 3504 612 3552 ornatis
629 3501 667 3552 111.
694 3527 727 3538 -
764 3505 806 3553 10.
825 3503 929 3565 solvus,
949 3506 973 3553 si
990 3505 1055 3556 llssl:
1075 3506 1314 3569 solues,'eisilli.
1344 3536 1372 3546 -
1412 3510 1505 3572 depre-

180 3572 256 3621 bendi
274 3572 306 3621 11.
328 3598 356 3608 -
395 3572 438 3622 12.
458 3573 526 3622 enim
544 3586 595 3622 essa
612 3574 679 3624 Mili
698 3574 766 3622 enim
784 3573 813 3622 in
832 3586 861 3622 eo
880 3587 931 3623 esso
948 3576 993 3624 ni.
1018 3602 1047 3612 -
1083 3577 1195 3642 indoles]
1216 3579 1286 3629 bonu
1303 3579 1406 3629 indotos
1423 3581 1448 3630 1.
1471 3605 1503 3619 -

181 3642 223 3690 rt.
241 3643 389 3703 perstringi
407 3641 428 3690 1.
459 3667 490 3676 -
527 3645 569 3693 17.
594 3645 739 3702 meipsum
758 3644 876 3707 obliquet
893 3643 959 3695 itit:
978 3657 1019 3693 me
1037 3646 1151 3711 obttgcuu‘
1169 3650 1213 3698 iii.
1243 3675 1274 3685 -
1311 3651 1355 3701 19.
1374 3652 1505 3716 gerundis

181 3712 213 3762 11.
234 3737 264 3747 -
292 3709 361 3773 erun]
381 3712 498 3760 tumlti.
521 3739 549 3748 -
581 3713 625 3763 21.
646 3713 837 3764 obsurdescunt
857 3728 920 3764 cum
938 3715 1060 3767 Manutio
1078 3723 1105 3766 at
1122 3718 1256 3769 Lambino
1274 3720 1377 3772 malim.
1408 3720 1504 3772 Oa.-

180 3782 225 3830 22.
246 3781 411 3843 locupletium
430 3782 508 3830 Mill:
528 3782 687 3845 locupletum
705 3784 734 3832 E.
754 3811 787 3820 -
807 3785 850 3835 at.
871 3782 939 3847 cum]
953 3792 1008 3835 tum
1025 3787 1048 3836 1.
1067 3811 1100 3824 -
1119 3788 1162 3838 27.
1182 3791 1241 3851 ipsu
1259 3790 1325 3841 MR:
1344 3792 1400 3841 ium
1419 3791 1501 3841 111.-

179 3851 224 3912 28.
252 3851 300 3900 riti
326 3864 379 3900 om.
400 3852 431 3901 11.
461 3875 491 3886 -
529 3854 572 3903 29.
601 3853 777 3903 dituumitute
791 3867 895 3915 possem
920 3856 976 3907 Ml:
1006 3856 1182 3908 diuturnitate
1199 3873 1254 3909 non
1268 3873 1373 3921 possem
1400 3860 1446 3912 lii.
1472 3886 1502 3898 -

181 3923 224 3971 ³⁸2.
252 3922 373 3972 arbitror
398 3921 426 3980 1,
455 3922 608 3973 arbitrabor
634 3923 792 3974 Cratander.
822 3950 854 3959 -
892 3939 929 3974 vr.
958 3925 997 3975 Vb
1016 3924 1129 3988 (etb1):
1161 3931 1231 3981 l'ola.
1255 3943 1291 3980 rr.
1310 3931 1376 3981 11111.
