3256 5400
140 237 226 289 mi·

140 383 296 474 memori.
339 380 459 450 Primo
485 385 594 472 ipitrsr
618 383 750 474 dicam,
784 383 874 474 prod
904 383 1062 452 diciasmr
1087 402 1204 475 mam,
1240 384 1368 453 deinde
1393 390 1466 455 toris

140 488 363 573 respondebo.
406 485 700 555 Bartholomaeus
718 482 959 555 Cremonensis
981 486 1069 556 mibi
1089 487 1192 555 bodie
1212 486 1412 579 affimuavtt
1428 508 1466 559 sc

145 589 322 660 &ceronsis
348 591 515 679 epistolas
544 609 592 656 ex
620 594 858 658 vetsntisrima
889 591 1009 659 littera
1037 597 1217 679 reperisse.
1264 587 1468 682 Constempsi

141 701 252 786 primo
263 716 276 782 ‚·
307 708 391 761 mom
414 714 493 761 cum
516 698 629 783 napis
653 699 829 784 mapisqcse
853 700 1089 783 asseveraret,
1117 693 1302 781 confestim
1326 697 1467 765 domum

143 807 217 869 eius
231 799 367 866 meridi
380 799 498 867 studio
510 817 566 865 me
581 802 753 886 ciomipai3
776 818 841 889 quo
855 803 894 865 ln
907 798 982 865 ioco
995 797 1081 865 mibi
1096 799 1292 866 ostenditur
1305 800 1467 869 volumen

142 906 422 994 antipsissimum
443 920 530 969 saoce
560 921 604 968 ac
628 902 879 969 omicrandum.
937 899 1014 970 Sed
1038 903 1121 969 dnm
1145 904 1248 969 avide
1274 903 1392 970 evolvo
1423 923 1468 973 ac

140 1006 280 1095 eripuis
300 1009 456 1096 scrutor,
480 1009 618 1072 isovcnio
642 1005 809 1092 epistolas
829 1005 878 1072 ad
898 1003 1051 1072 Brutum
1073 1006 1178 1072 etad
1198 1004 1366 1086 ansdum
1382 1004 1468 1095 fra-

141 1116 248 1201 trem,
271 1128 332 1178 eas
356 1107 519 1175 videlicet
543 1113 658 1198 ipsas,
681 1105 969 1200 prestolemur,
991 1109 1180 1194 etseptem
1202 1107 1395 1178 dumtaxat
1419 1112 1468 1179 ad

139 1212 302 1281 Atticum
320 1211 437 1278 libros.
480 1209 570 1278 Fuit
584 1212 623 1277 id
635 1217 750 1279 motus
765 1228 870 1303 mom
890 1215 1068 1298 optarcm3
1091 1209 1153 1276 sed
1173 1214 1310 1303 tamesis
1332 1218 1466 1301 optima

141 1315 399 1408 aliqumituinm
420 1318 527 1381 boecii
553 1313 643 1381 tucri
660 1314 709 1381 ad
729 1319 872 1380 nostras
894 1312 1131 1380 manasseas
1151 1304 1216 1395 ἰ].
1259 1313 1355 1382 Iiind
1376 1321 1468 1385 satir

142 1423 299 1509 emutat,
329 1438 415 1509 quas
437 1424 546 1486 ardea
570 1417 769 1508 babuimus,
805 1436 852 1482 ev
876 1435 915 1483 eo
937 1416 1109 1484 volumine
1130 1435 1201 1483 non
1221 1413 1334 1503 fuisse
1360 1423 1468 1487 tram

140 1528 311 1612 scriptas,
345 1541 423 1590 mem
442 1521 491 1589 ibi
512 1542 582 1589 soon
601 1521 720 1610 piures
741 1540 845 1612 mam
865 1523 1000 1608 septem
1020 1520 1068 1586 ad
1087 1517 1246 1587 Atticum
1268 1521 1365 1614 iibri,
1398 1543 1465 1591 nos

141 1647 239 1717 vero,
270 1630 313 1693 ut
335 1631 458 1714 opicum
474 1626 752 1700 mealtuordecim
774 1616 861 1707 (sict
890 1623 1076 1689 fortassee
1097 1623 1222 1691 librarii
1240 1643 1355 1693 errore
1373 1624 1470 1693 XIV.

141 1750 204 1818 pro
222 1720 339 1811 XVI.)
361 1729 537 1797 babemus.
580 1729 689 1796 Huius
711 1727 845 1796 Codicis
871 1747 969 1792 unum
998 1729 1191 1817 praeterea,
1218 1725 1280 1795 sed
1304 1732 1470 1814 pertenue

142 1837 256 1901 inveni
268 1835 448 1923 vestigium
462 1831 551 1919 apud
566 1831 691 1899 Mehus
706 1833 739 1898 in
753 1831 832 1900 Vita
845 1830 1013 1897 Ambrosii
1025 1829 1233 1897 Traversaril
1249 1850 1280 1916 p.
1290 1830 1470 1900 LXXXV.

145 1957 187 2005 ex
202 1938 373 2004 Ambrosii
387 1935 481 2024 Epp.
500 1936 573 2003 Lib.
584 1936 643 2002 VI.
659 1936 724 2022 Ep.
741 1932 794 2001 2:
819 1932 1006 2002 «Nicotaus
1028 1925 1072 2016 (l.
1087 1953 1116 2000 e.
1131 1934 1290 2001 Nicotaus
1306 1928 1469 2017 Nicolus)

141 2046 261 2108 noster
290 2041 338 2106 ad
369 2044 405 2106 te
441 2032 678 2121 (Franciscum
714 2039 898 2105 Barbarum
935 2029 1124 2119 venetum)
1156 2043 1254 2106 misit
1290 2034 1469 2108 &cervius

141 2143 327 2232 Epistoias
350 2143 399 2209 ad
419 2139 597 2233 Atticum,
620 2163 706 2234 psas
729 2148 764 2209 te
789 2147 964 2230 accepisse
984 2147 1058 2208 iam
1077 2146 1252 2208 existimo.
1295 2141 1337 2209 Id
1357 2147 1468 2210 autem

141 2266 281 2335 prorsus
305 2248 514 2335 ignoramus,
549 2252 658 2312 utrum
691 2241 836 2313 criticus
862 2246 981 2331 aliquis
1008 2243 1124 2312 codice
1154 2245 1210 2310 illo
1238 2247 1468 2333 antiquissimo

141 2349 319 2437 aliquando
352 2349 395 2417 od
430 2347 636 2417 emendanda
666 2348 866 2439 apographa
894 2347 1029 2416 Codicis
1064 2367 1086 2415 a
1116 2348 1303 2416 Peirarcba
1337 2352 1468 2438 reperti

141 2474 224 2521 usus
245 2457 291 2519 sit
313 2471 430 2522 necne.

228 2555 384 2624 Andreas
398 2554 631 2625 Cratander
646 2557 680 2621 in
694 2555 806 2623 Praei.
822 2553 909 2642 0pp.
923 2553 992 2624 cic.
1007 2557 1082 2623 Vol.
1096 2557 1123 2623 1.
1137 2575 1215 2647 pag.
1229 2557 1281 2624 4:
1303 2557 1468 2643 Imprimis

142 2680 224 2728 usus
245 2679 317 2726 sum
341 2660 513 2730 codicibus
536 2659 625 2727 baud
648 2659 859 2728 mediocriter
884 2661 1046 2739 vetustis:
1070 2701 1091 2717 .
1106 2700 1127 2718 .
1141 2663 1268 2728 -inter
1295 2680 1380 2749 quos
1401 2681 1470 2730 nou

142 2783 271 2854 paucos
287 2783 394 2852 neque
410 2763 632 2852 poenitendos
651 2764 748 2830 nobis
763 2765 1018 2831 communicavit
1031 2765 1082 2831 lo.
1095 2759 1296 2849 sichardus,
1317 2768 1468 2832 veterum

142 2870 415 2936 monimentorum
448 2869 669 2937 conservator
701 2867 983 2958 diligentissimus
1039 2865 1137 2934 Unde
1165 2867 1290 2935 lucium
1318 2871 1394 2957 est,
1431 2873 1469 2935 ui

143 2976 298 3058 coeptum
320 2973 488 3060 negotium
510 2972 674 3058 principio
698 2969 938 3057 difficillimum,
960 2973 1072 3057 paullo
1094 2972 1210 3038 minori
1225 2973 1365 3061 negotio
1380 2990 1467 3040 con-

143 3078 297 3145 fecerim:
319 3074 409 3163 quod
432 3077 576 3143 libenter
601 3079 635 3141 et
659 3076 805 3166 ingenue
828 3079 862 3141 et
884 3075 1026 3141 latemur
1050 3079 1085 3141 et
1106 3077 1341 3165 cognoscimus
1362 3066 1467 3159 (sic)

143 3182 323 3267 amicisque
352 3184 525 3265 acceptum
556 3180 708 3266 ierimus3
744 3180 865 3245 multos
889 3181 974 3245 enim
1000 3177 1078 3244 inde
1100 3176 1237 3245 mendas
1263 3179 1468 3264 sustulimus,

144 3304 229 3373 quae
250 3286 379 3370 priores
401 3281 565 3350 editiones
585 3286 807 3368 occuparant:
836 3287 937 3370 atque
959 3281 993 3348 id
1012 3287 1091 3349 ante
1116 3283 1225 3348 omnio
1245 3283 1280 3348 in
1296 3283 1469 3368 ‘Epistolis

143 3388 187 3455 ad
209 3389 387 3456 Attienus

150 3536 153 3540 -
227 3493 476 3581 Hervagius
498 3492 532 3556 in
554 3489 667 3557 Praei.
688 3489 751 3556 Ed.
770 3491 911 3576 priorist
936 3489 1129 3557 «variarum
1152 3491 1330 3557 lectionum
1348 3509 1467 3560 cumu-

143 3599 208 3663 lum
225 3597 472 3686 congessimus:
486 3635 507 3651 -
521 3635 543 3650 -
561 3595 699 3673 lecimus
713 3593 776 3662 hoe
797 3596 936 3660 maxime
960 3597 993 3659 in
1008 3594 1172 3680 Epistoiis
1186 3593 1229 3658 ad
1243 3595 1404 3662 Atticum.
1416 3635 1437 3653 .
1448 3636 1470 3653 .

143 3701 239 3768 Misit
254 3703 362 3766 autem
381 3698 425 3765 nd
447 3719 510 3765 nos
526 3717 569 3764 ex
584 3697 730 3769 htovlo
746 3697 890 3784 vigilias
904 3697 1119 3778 Zuichemus‚
1142 3696 1325 3785 Phrysius‚
1346 3701 1466 3766 silvam

144 3802 307 3890 quandam
329 3805 445 3870 variae
465 3803 620 3869 lectionis
642 3803 676 3866 in
699 3819 757 3866 eas
780 3802 959 3887 episiolos,
981 3820 1110 3887 exque
1132 3820 1194 3867 nos
1214 3821 1281 3867 non
1296 3801 1470 3869 dubitavi·
1530 3809 1536 3819 '

141 3927 215 3974 mus
239 3902 417 3990 nonnulla,
453 3924 537 3993 quae
559 3905 656 3971 nobis
676 3900 795 3986 γνήσια
819 3907 1011 3994 sumsisse,
1042 3906 1151 3972 veluti
1185 3907 1385 3991 postliminio
1407 3926 1469 3975 re-

143 4010 280 4078 deuniiu
301 4012 335 4075 in
357 4012 484 4076 textum
507 4011 686 4095 recipere.»

229 4111 309 4182 Scb.
332 4113 545 4182 Corradus
567 4112 773 4196 inusserat.
795 4113 881 4198 Epp.
902 4111 945 4178 nd
966 4102 1041 4179 Ati.
1067 4114 1124 4179 iol.
1145 4109 1206 4180 36.
1229 4114 1291 4181 Ed.
1315 4114 1469 4183 Venetae

213 4298 234 4365 ’)
252 4301 293 4352 lis
319 4301 474 4365 corruptelis
505 4301 598 4352 harum
624 4301 690 4363 Epp.
718 4302 769 4350 lsm
796 4303 848 4350 cito
871 4299 1061 4351 sulmsdsersls
1088 4299 1134 4350 cir.
1164 4300 1279 4351 cundem
1304 4302 1461 4364 scriptorem

142 4381 202 4433 Lib.
221 4379 268 4443 8.,
297 4380 666 4444 iip.i.voi.s.p.115.=
695 4378 783 4442 Neque
807 4380 878 4429 onim
903 4377 1018 4430 Ciceroni
1041 4383 1223 4443 imputamus,
1251 4380 1321 4444 quod
1344 4381 1471 4444 spiriolus

143 4465 198 4512 sius
224 4461 260 4511 ad
277 4459 392 4513 Atinam
418 4460 506 4511 multis
529 4464 560 4510 in
585 4460 649 4510 iocis
675 4459 848 4509 librariorum
864 4460 930 4511 vilio
950 4461 990 4510 ita
1008 4462 1122 4522 scriptas
1140 4465 1219 4518 runt,
1249 4468 1279 4511 ut
1298 4466 1370 4511 staro
1386 4462 1469 4513 verta

141 4555 197 4594 non
213 4542 328 4605 possim.
363 4540 429 4592 ltsm
449 4541 488 4591 lo.
507 4540 640 4591 Andrssm
659 4541 822 4603 Episcopum
840 4539 1004 4590 aleriensem
1027 4542 1054 4588 ln
1073 4539 1241 4591 dedicatione
1260 4539 1311 4590 lii.
1330 4540 1467 4595 nominos

144 4621 244 4674 lions
263 4620 329 4672 lices
340 4621 470 4671 emisimus
481 4621 665 4686 disticiiiimum
676 4621 747 4684 lipp.
761 4620 798 4670 ad
816 4619 870 4670 lli.
884 4631 949 4681 opus
967 4627 992 4671 si
1008 4620 1100 4670 mattis
1118 4620 1147 4669 irs
1157 4619 1292 4683 partibus,
1312 4621 1385 4684 quod
1396 4621 1469 4674 suis

142 4700 326 4755 semotioribus
343 4708 368 4753 st
385 4703 454 4750 inias
469 4702 643 4765 paumannos
660 4701 772 4766 copnitis
788 4700 905 4762 scriptos
922 4707 984 4749 runt
1002 4700 1121 4758 litteras,
1140 4714 1194 4750 non
1211 4702 1278 4751 satir
1297 4701 1467 4764 incinctum,

143 4781 174 4832 irs
187 4782 326 4844 pascuam
341 4782 501 4844 pracsertim
527 4782 748 4843 sssmpioriorom
766 4776 837 4844 (sic),
865 4791 933 4844 quos
959 4785 1008 4830 out
1030 4793 1086 4830 non
1102 4784 1162 4831 sunt
1178 4781 1251 4844 opud
1268 4779 1389 4832 litorales
1408 4792 1465 4832 aro·

144 4863 237 4930 panda
253 4869 303 4916 aul
319 4862 352 4918 ab
371 4861 472 4914 invidis
490 4862 622 4914 communi
639 4861 775 4914 lominum
791 4859 853 4914 odio
874 4858 1049 4914 comitantur.
