3256 5400
465 246 538 309 LIB.
559 245 583 306 l.
626 243 685 306 EP.
706 242 760 307 20.
780 274 822 287 -
842 242 917 306 LIB.
938 242 978 304 11.
999 242 1058 303 EP.
1079 243 1106 303 1.
1381 243 1443 305 399

119 407 265 478 etmulti
295 407 409 490 partim
437 400 677 474 malevolentia,
713 398 827 485 partim
862 397 1011 483 opinione
1047 399 1210 485 aequitatis
1241 397 1444 465 delectantur.

118 513 148 574 5.
177 499 319 570 Metellus
349 507 421 562 tuus
450 504 497 560 est
526 494 671 579 egregius
698 492 817 558 consul.
871 496 972 557 Unum
993 490 1208 578 reprehendo,
1236 491 1321 577 quod
1343 493 1444 557 otium

120 596 257 665 nuntiari
286 614 304 658 e
327 592 426 657 Gallia
454 611 518 655 non
545 610 658 674 magno
684 608 782 675 opere
803 586 928 672 gaudet.
971 587 1079 671 Cupit,
1107 586 1219 661 credo,
1241 587 1445 674 triumphare.

121 698 188 758 Hoc
208 688 322 754 vellem
344 684 549 761 mediocrius;
572 693 675 748 cetera
698 683 834 767 egregia.
877 680 948 746 luti
969 680 1051 745 filius
1072 700 1151 745 vero
1172 681 1214 744 ita
1236 702 1270 744 se
1291 682 1387 764 gerit,
1408 692 1445 746 ut

120 787 188 852 eins
216 781 395 848 consulatus
424 800 487 843 non
515 778 693 842 consulatus
722 778 776 852 sit,
807 774 863 841 sed
894 775 997 860 Magni
1023 774 1124 838 nostri
1145 775 1300 840 ὑπώπιον.
1346 780 1375 841 6.
1397 780 1468 841 Des

121 881 199 947 meis
221 877 359 962 scriptis,
381 874 452 936 misi
473 870 512 935 ad
534 880 564 935 te
587 876 706 936 Graece
727 869 901 956 perlectum
923 867 1118 933 consulatum
1141 889 1255 932 meum.
1306 873 1386 934 Eum
1406 870 1443 934 li·

120 977 213 1041 brum
243 976 278 1036 L.
307 966 451 1034 Cossinio
481 964 562 1030 dedi.
619 969 698 1029 Puto
724 974 756 1028 te
783 964 899 1028 Latinis
928 963 1006 1027 meis
1035 961 1200 1036 delectari;
1237 961 1309 1028 hnic
1341 972 1443 1029 autem

123 1075 243 1136 Graeco
266 1070 419 1131 Graecum
442 1058 593 1123 invidere.
636 1058 697 1123 alti
719 1058 746 1123 si
767 1057 964 1142 scripserint,
986 1057 1145 1121 mittemus
1160 1054 1199 1119 ad
1214 1064 1258 1132 te;
1281 1057 1346 1130 sed,
1368 1058 1444 1123 mibi

123 1160 233 1234 crede,
255 1157 348 1222 simul
369 1165 463 1239 atque
484 1152 544 1217 hoc
565 1163 707 1217 nostrum
729 1152 890 1235 legerunt,
912 1150 1019 1214 nescio
1041 1169 1104 1235 qno
1125 1158 1216 1234 pacto
1237 1151 1444 1217 retardantur.

122 1264 154 1321 7.
175 1259 264 1319 Nunc
285 1282 323 1295 -
347 1260 382 1316 ut
403 1248 443 1313 ad
464 1269 532 1311 rem
561 1267 662 1310 meam
683 1245 811 1310 redeam
832 1282 873 1291 —
894 1249 929 1309 L.
952 1243 1094 1329 Papirius
1116 1247 1243 1317 Paetus,
1272 1244 1323 1308 vir
1343 1244 1445 1310 bonus
1458 1262 1483 1296 ¹⁰

123 1357 307 1431 amatorque
329 1353 453 1417 noster,
476 1340 552 1405 mibi
572 1340 671 1405 libros
693 1360 763 1411 eos,
786 1360 865 1425 quos
888 1342 955 1402 Ser.
971 1336 1117 1403 Claudius
1138 1336 1282 1421 reliquit,
1305 1336 1442 1402 donavit.

124 1449 202 1510 Cum
223 1440 300 1505 mibi
320 1460 379 1525 per
398 1438 501 1521 legem
523 1434 659 1500 Cinciam
679 1432 774 1497 licere
796 1452 908 1516 capere
930 1431 1053 1496 Cincius
1074 1432 1192 1495 amicus
1215 1439 1286 1494 tuus
1308 1430 1444 1505 diceret,

124 1537 257 1604 libenter
284 1534 350 1599 diri
382 1552 433 1597 me
459 1538 676 1614 accepturum,
707 1527 734 1591 si
761 1525 922 1592 attulisset.
970 1529 1057 1588 Nunc
1078 1524 1105 1588 si
1126 1545 1177 1588 me
1198 1545 1298 1599 amas,
1328 1524 1353 1589 si
1376 1535 1445 1590 tea

125 1651 175 1695 me
202 1627 300 1692 amari
328 1625 405 1700 scis,
435 1623 554 1688 enitere
576 1642 634 1708 per
654 1620 786 1694 amieos,
817 1620 960 1693 clientes,
983 1617 1135 1702 hospites,
1157 1617 1287 1683 libertos
1309 1617 1445 1705 denique

125 1744 162 1788 ac
189 1740 297 1785 servos
325 1728 412 1794 tuos,
441 1727 477 1782 ut
498 1714 582 1780 scida
610 1735 650 1778 ne
679 1734 742 1799 qua
763 1712 920 1797 depereat
969 1716 1046 1776 Nam
1068 1722 1099 1776 et
1121 1712 1247 1776 Graccis
1270 1711 1318 1777 bis
1339 1710 1443 1785 libris,
1458 1728 1484 1768 ¹⁵

126 1836 206 1904 quos
233 1813 392 1899 suspicor,
422 1819 454 1875 et
474 1809 605 1880 Latinis,
635 1828 715 1893 quos
737 1807 802 1872 scio
823 1806 910 1871 illum
931 1805 1114 1890 reliquisse,
1147 1804 1224 1869 mibi
1246 1805 1447 1870 vehementer

126 1931 205 1996 opus
228 1917 285 1971 est
327 1909 395 1989 Ego
417 1912 520 1967 antem
541 1900 680 1987 quotidie
701 1900 816 1983 magis,
837 1897 922 1985 qnod
942 1899 1019 1964 mibi
1040 1898 1079 1963 de
1101 1898 1220 1964 lorensi
1240 1897 1349 1965 labore
1369 1909 1448 1964 tem-

126 2002 213 2088 poris
235 1999 341 2071 datur,
364 1998 396 2062 in
418 1995 466 2060 his
487 1994 598 2061 studiis
619 1993 817 2080 conquiesco.
859 1996 919 2056 Per
940 1992 1036 2068 mihi,
1066 2012 1139 2078 per,
1161 1993 1303 2079 inquam,
1324 2003 1446 2078 gratnm

127 2095 256 2168 leceris,
279 2093 306 2157 si
328 2092 361 2155 in
383 2090 443 2155 hoc
464 2099 526 2153 tam
548 2088 679 2172 diligens
699 2086 813 2160 lucris,
836 2107 929 2172 quam
950 2086 1033 2152 soles
1053 2086 1086 2151 in
1107 2087 1146 2151 iis
1166 2085 1276 2163 rebus,
1298 2108 1375 2174 quas
1396 2108 1448 2151 me

128 2187 217 2254 valde
238 2186 319 2251 velle
341 2182 525 2259 arbitraris;
548 2182 709 2268 ipsiusque
730 2181 816 2245 Paeti
837 2179 894 2244 tibi
914 2180 1040 2264 negotia
1054 2180 1256 2253 commendo,
1278 2180 1318 2244 de
1332 2179 1485 2267 quibusto

129 2280 186 2346 tibi
206 2281 259 2345 ille
281 2279 344 2364 agit
363 2276 514 2342 maximas
536 2274 670 2362 gratias;
698 2283 746 2349 et,
772 2285 807 2339 ut
829 2274 891 2339 iam
912 2273 1027 2340 inrisas
1048 2294 1121 2351 nos,
1143 2294 1206 2339 non
1227 2273 1329 2340 solum
1350 2293 1447 2357 rogo,

129 2374 298 2440 sedetiam
319 2371 446 2438 suadeo.

691 2623 894 2634 ——-

679 2868 830 2936 unam
849 2869 901 2929 11.

706 3039 871 3052 -—-‘

620 3162 961 3246 amucms

611 3287 752 3355 crcnso
773 3288 916 3353 arnco
939 3289 971 3350 s.

139 3463 167 3530 1.
208 3440 299 3526 Kal.
322 3461 389 3522 lun.
411 3459 497 3521 eunti
518 3454 594 3519 mihi
616 3455 741 3520 Antium
768 3463 800 3519 et
820 3454 1006 3539 gladiatores
1026 3460 1067 3522 11.
1088 3457 1204 3523 Metelli
1224 3459 1335 3547 cupide
1356 3462 1488 3527 relin-as

137 3554 244 3640 quenti
264 3550 349 3617 venit
369 3549 494 3615 obviam
515 3560 587 3615 tuus
607 3570 697 3635 puer.
738 3552 768 3613 ls
781 3547 858 3613 mibi
878 3549 995 3615 litteras
1015 3548 1070 3616 abs
1091 3560 1121 3615 te
1143 3563 1174 3618 et
1194 3556 1449 3622 commentarium

136 3647 313 3713 consulatus
341 3644 404 3709 mei
426 3647 543 3709 Graece
575 3643 725 3729 scriptum
746 3642 891 3709 reddidit.
943 3648 978 3709 ln
1000 3665 1063 3731 quo
1084 3646 1213 3712 laetatus
1235 3670 1303 3714 sum
1324 3672 1374 3716 me
1396 3651 1452 3716 ali-

137 3751 252 3827 quanto
279 3748 350 3803 ante
377 3737 417 3801 de
446 3737 558 3802 iisdem
586 3735 682 3801 rebus
705 3741 822 3802 Graece
850 3736 925 3801 item
945 3738 1096 3824 scriptum
1116 3738 1231 3805 librum
1251 3746 1286 3807 1..
1309 3743 1451 3809 Cossinio

137 3832 176 3897 ad
205 3843 235 3898 te
263 3829 486 3917 perferendum
507 3830 640 3896 dedisse.
682 3834 773 3904 Nam,
803 3830 829 3894 si
851 3851 910 3915 ego
931 3839 1019 3896 tuum
1040 3840 1111 3897 ante
1132 3833 1293 3918 legissem,
1315 3834 1450 3901 furatum

137 3947 187 3990 me
215 3925 271 3992 abs
299 3936 329 3990 te
359 3944 428 3989 esse
456 3923 587 3989 diceres.
641 3926 836 4008 Quamquam
863 3932 916 3989 tua
936 3924 1050 3989 illa-
1071 3925 1133 4011 legi
1154 3926 1235 3991 enim
1256 3927 1389 3994 libenter
1410 3949 1488 3989 -so

138 4019 299 4086 horridula
327 4017 404 4082 mihi
431 4026 523 4104 atque
550 4018 707 4103 incompta
733 4017 800 4082 visa
821 4025 909 4096 sunt;
938 4018 993 4085 sed
1024 4028 1126 4085 tamen
1153 4030 1241 4085 erant
1261 4032 1370 4086 ornata
1392 4021 1453 4086 hoc

138 4112 224 4198 ipso,
256 4112 343 4199 quod
369 4119 551 4176 ornamenta
579 4111 795 4195 neglexerant,
825 4120 872 4187 et,
895 4121 930 4177 ut
956 4113 1121 4189 mulieres,
1147 4114 1220 4179 ideo
1247 4112 1327 4179 bene
1349 4116 1452 4188 olere,

140 4203 212 4289 quia
232 4205 308 4270 nihil
329 4203 471 4281 olebant,
497 4203 694 4274 videbantur.
750 4209 838 4271 Meus
859 4215 962 4271 autem
983 4206 1063 4272 liber
1084 4215 1184 4273 totum
1203 4209 1332 4274 lsocrati
1351 4235 1453 4295 μυρο·

209 4395 235 4444 3.
258 4398 378 4446 motion·
394 4411 408 4446 e
426 4396 514 4448 Gotlto
535 4397 577 4447 R:
606 4398 726 4446 nuntiari
744 4396 832 4447 Gallio
849 4397 894 4458 11,
925 4398 1044 4449 eGotttu
1060 4402 1181 4449 nuntiort
1198 4400 1229 4450 11.
1264 4424 1291 4434 -
1328 4415 1382 4451 oon
1399 4415 1455 4452 mu-

140 4478 251 4529 pnopere
268 4468 389 4516 nonnose·
408 4466 429 4516 1.
449 4493 482 4503 -
517 4467 543 4517 s.
561 4463 711 4532 perfeetum]
728 4469 902 4531 perscriptum
919 4468 1075 4518 Lambinus.
1097 4494 1124 4505 -
1163 4472 1206 4520 11.
1227 4471 1331 4521 Clodius
1348 4471 1455 4520 hambl-

142 4548 203 4584 nos.
239 4533 570 4588 ctr.aaram.tx.1o.
602 4559 634 4572 -
669 4537 712 4586 13.
732 4538 942 4588 dammam.
966 4565 998 4575 -
1034 4541 1359 4591 rimenteomnrtrcts
1376 4541 1456 4600 lt,at

142 4607 404 4654 teomoriomotcts
421 4607 444 4655 1.
466 4629 494 4639 -
516 4607 559 4656 15.
578 4607 653 4656 sceda
671 4607 707 4666 11,
725 4607 818 4656 scheda
837 4607 859 4658 l.
877 4632 912 4646 -
928 4610 961 4656 tis
978 4608 1010 4658 11.
1027 4635 1055 4645 -
1077 4610 1119 4659 17.
1137 4609 1236 4674 [ormi
1253 4612 1341 4661 labore
1358 4617 1455 4672 tempo·

141 4672 190 4737 ris]
207 4676 305 4737 soremt
322 4674 509 4738 temportrll,
538 4677 635 4740 {meast
652 4677 814 4739 temporali.
848 4702 877 4713 -
916 4676 958 4726 18.
978 4678 1017 4727 hir
1034 4679 1089 4728 th
1116 4680 1149 4728 tte
1167 4680 1197 4730 u.
1228 4705 1263 4719 -
1303 4680 1453 4730 11111111

142 4744 243 4794 111111.
264 4769 295 4781 ·-
330 4745 371 4794 21.
392 4745 543 4810 119111-
578 4745 622 4795 2¹1.
641 4758 754 4795 wasme
770 4747 907 4810 aliquanto
925 4747 976 4798 1111
995 4761 1051 4797 rum
1068 4749 1204 4814 aliquanto
1221 4750 1280 4801 llll.
1304 4772 1330 4784 ·-
1358 4749 1402 4798 28.
1421 4751 1456 4799 tte

143 4829 185 4879 pr.
203 4813 241 4864 11.
260 4814 328 4875 (dem
344 4814 406 4865 add.
426 4827 481 4877 mg.
499 4811 555 4877 11.)
589 4838 618 4850 -
655 4814 698 4865 30.
717 4816 765 4865 ttln
780 4823 829 4866 tun
847 4817 869 4866 1.
891 4841 920 4854 -
957 4817 1000 4868 33.
1018 4821 1275 4871 socrottnrotltectum
1292 4834 1332 4884 pr.
1351 4818 1395 4882 11,
1413 4832 1455 4870 ro·

142 4886 212 4935 erntt
228 4885 420 4935 mtrrotteetum
436 4897 507 4936 corr.
525 4884 570 4947 11,
590 4885 713 4937 tremotis
728 4882 915 4959 μυροθήκιον
932 4885 964 4937 a.
