3256 5400
603 245 676 308 uu.
708 245 747 307 Π.
789 245 848 309 ΕΡ.
871 245 920 308 ld.
945 247 993 309 15.
1394 243 1455 312 333

143 423 235 489 quem
260 402 308 466 lac
330 411 363 466 ut
385 411 435 464 tua
459 399 642 466 liberalitate
664 400 719 466 tibi
741 398 871 484 obliges.
921 406 974 466 Est
995 400 1138 468 tribunus
1160 405 1290 470 militurn
1313 408 1344 471 in
1366 428 1458 473 exer-

142 497 205 561 citu
227 509 342 562 vestro.
400 500 528 560 Gratum
551 494 707 560 bominem
736 494 1017 581 observantemque
1045 518 1224 580 cognosces.
1278 499 1456 568 Trebatium

143 601 177 656 nt
199 588 287 655 valde
308 610 408 660 ames,
432 589 630 656 vebementer
652 599 681 654 te
702 610 791 674 rogo.

613 733 675 792 rv.
719 731 766 810 (A.
793 733 824 793 u.
848 734 878 792 c
901 730 985 809 roo.)

581 854 733 915 MARCUS
763 858 801 928 Q.
822 856 845 916 F
847 856 962 915 1111111
985 855 1015 915 S.
1469 872 1481 911 s

230 971 258 1030 t.
287 970 322 1028 Α.
350 963 381 1028 d.
410 983 475 1028 rur.
505 969 583 1026 lton.
614 967 701 1037 lun,
734 984 797 1049 quo
826 962 876 1026 die
906 968 1035 1028 Romam
1063 965 1149 1037 veni,
1182 969 1285 1053 accepi
1315 982 1383 1037 tuas
1411 973 1458 1037 lit-

143 1072 245 1133 teras‚
288 1055 375 1121 datas
411 1057 584 1132 Placentia;
628 1054 740 1120 deinde
776 1056 888 1120 alteras
923 1056 1096 1140 postridie,
1140 1058 1226 1124 datas
1262 1063 1460 1130 Blandenone

143 1175 216 1221 cum
238 1151 379 1217 Caesaris
400 1150 531 1223 litteris,
563 1149 688 1214 refertis
711 1149 795 1213 omni
818 1149 942 1223 ollicio,
975 1150 1148 1236 diligentia,
1181 1156 1340 1222 suavitate.
1384 1165 1459 1225 Sunt

144 1249 201 1315 ista
228 1244 353 1333 quidem
382 1265 512 1326 magna,
546 1245 594 1308 vel
622 1243 727 1328 potius
758 1242 903 1307 maxima.
960 1243 1081 1308 Habent
1115 1246 1198 1310 enim
1229 1249 1292 1313 vim
1319 1273 1459 1336 magnam

144 1341 183 1407 ad
209 1340 340 1425 gloriam
369 1350 399 1403 et
426 1338 465 1402 ad
493 1358 644 1402 summam
673 1336 864 1419 dignitatem.
915 1335 976 1400 Sed
1003 1337 1079 1401 mibi
1107 1339 1215 1413 erede,
1249 1364 1341 1428 quem
1362 1347 1498 1417 nosti,n

144 1434 229 1524 quod
256 1434 288 1498 in
310 1433 377 1498 istis
399 1431 495 1496 rebus
525 1452 585 1515 ego
606 1430 732 1515 plurimi
755 1429 901 1501 aestimo,
931 1429 963 1493 id
984 1430 1045 1495 iam
1067 1430 1184 1499 habeo:
1208 1445 1238 1499 te
1259 1437 1376 1502 scilicet
1397 1439 1461 1524 pri-

144 1550 229 1595 mum
256 1538 318 1593 tam
346 1526 565 1593 inservientem
595 1525 752 1589 communi
781 1522 943 1606 dignitati;
980 1523 1092 1588 deinde
1119 1529 1258 1594 Caesaris
1283 1540 1400 1595 tantum
1430 1532 1461 1596 in

143 1644 194 1689 me
226 1642 381 1694 amorem,
415 1640 507 1706 quern
540 1616 684 1683 omnibus
715 1617 754 1682 iis
781 1614 969 1690 bonoribus,
1005 1638 1084 1702 quos
1112 1642 1162 1686 me
1184 1643 1202 1686 a
1224 1645 1258 1688 se
1279 1637 1462 1710 exspectare

143 1717 226 1790 vult,
254 1724 422 1800 antepono.
473 1713 608 1777 Litterae
636 1732 712 1777 vero
739 1711 806 1775 eius
835 1731 904 1778 una
923 1709 1013 1775 datae
1041 1733 1112 1779 cum
1141 1715 1218 1789 tuis,
1250 1740 1382 1803 quarum
1404 1719 1462 1783 ini-

143 1810 221 1876 tium
244 1818 305 1881 est,
328 1829 421 1894 quam
442 1806 545 1871 suavis
561 1806 589 1869 ei
608 1815 679 1870 tuus
701 1804 851 1869 adventus
872 1802 969 1867 luerit
990 1814 1020 1869 et
1041 1807 1219 1874 recordatio
1242 1813 1354 1876 veteris
1375 1834 1463 1878 amo·
1476 1839 1499 1874 n

143 1904 205 1979 ris;
233 1901 362 1973 deinde,
389 1921 423 1965 se
452 1899 651 1990 effecturum,
680 1910 715 1964 ut
744 1919 804 1982 ego
832 1897 864 1961 in
892 1897 998 1963 medio
1025 1897 1135 1965 dolore
1167 1923 1203 1967 ac
1232 1904 1389 1971 desiderio
1418 1907 1464 1972 tui

144 2008 189 2072 te,
217 2018 287 2061 cum
310 2017 326 2060 a
349 2015 399 2059 me
429 1992 572 2064 abesses,
602 1993 797 2079 potissimum
825 2012 931 2056 secum
959 2013 1028 2055 esse
1057 1993 1208 2071 laetarer,
1239 1998 1463 2064 incredibiliter

145 2090 347 2156 delectarunt.
401 2090 431 2152 2.
454 2090 560 2164 Quare
581 2086 658 2152 lacis
680 2097 711 2151 tu
734 2085 861 2172 quidem
883 2083 1037 2158 lraterne,
1060 2088 1145 2172 quod
1166 2111 1216 2154 me
1238 2091 1387 2168 hortaris,
1409 2095 1462 2160 sed

144 2184 322 2252 mehercule
343 2191 520 2247 currentem
542 2202 624 2245 nunc
646 2180 790 2267 quidem,
812 2191 847 2245 ut
868 2181 973 2246 omnia
995 2202 1063 2246 mea
1085 2183 1185 2248 studia
1207 2185 1240 2250 in
1258 2186 1350 2251 istum
1366 2210 1462 2253 unum

144 2277 315 2343 conseram.
375 2280 442 2358 Ego
478 2295 555 2339 vero
591 2274 710 2339 ardenti
746 2273 871 2359 quidem
908 2273 1012 2339 studio
1050 2273 1110 2340 boc
1147 2276 1279 2345 sortasse
1316 2282 1501 2351 efficiamus

144 2369 231 2457 quod
258 2389 351 2454 saepe
378 2367 570 2438 viatoribus.
604 2389 674 2432 cum
702 2377 890 2453 properant,
924 2367 1041 2433 evenit:
1075 2379 1127 2443 ut,
1163 2375 1189 2435 si
1218 2372 1339 2445 serius,
1371 2396 1462 2459 quam

144 2465 322 2537 voluerint,
358 2462 440 2528 sorte
475 2463 689 2534 surrexerint,
726 2459 926 2547 properando
960 2461 1053 2526 etiam
1086 2463 1196 2538 eitius,
1235 2487 1327 2551 quam
1363 2467 1389 2531 si
1425 2467 1463 2532 de

144 2569 235 2625 nocte
270 2557 467 2642 vigilassent,
501 2555 704 2641 perveniant,
737 2576 801 2640 quo
831 2554 941 2618 velint:
978 2554 1024 2618 sic
1056 2575 1133 2638 ego,
1168 2560 1314 2640 quoniam
1343 2561 1375 2625 in
1403 2561 1464 2624 isto

144 2652 271 2718 bomine
293 2651 425 2717 colendo
447 2659 509 2714 tam
530 2648 699 2714 indormivi
721 2647 791 2720 diu,
815 2656 844 2711 te
867 2647 1044 2713 mehercule
1059 2669 1151 2734 saepe
1174 2651 1347 2726 excitante,
1370 2675 1463 2718 cursu

144 2745 300 2829 corrigam
329 2743 503 2809 tarditatem
532 2763 602 2807 cum
631 2741 738 2828 equis,
768 2750 833 2806 tum
860 2762 936 2805 vero
966 2778 1007 2788 -
1036 2743 1183 2826 quoniam
1212 2744 1322 2809 scribis
1352 2755 1502 2831 poemen

145 2838 185 2905 ab
212 2859 252 2904 eo
280 2848 421 2904 nostrum
448 2834 577 2923 probari
606 2872 646 2882 -
675 2834 835 2921 quadrigis
855 2835 995 2920 poeticis.
1038 2835 1133 2901 Modo
1154 2837 1230 2901 mibi
1252 2838 1323 2903 date
1345 2839 1465 2903 Britan—

145 2938 243 3006 niam,
266 2952 358 3016 quam
380 2931 505 3017 pingam
527 2927 686 2995 coloribus
708 2929 784 3002 tuis,
806 2929 951 3012 penicillo
973 2950 1056 2994 meo.
1099 2930 1161 2995 Sed
1175 2930 1252 3015 quid
1267 2939 1348 3015 agot
1371 2933 1462 3010 Quod

145 3025 222 3090 mibi
243 3035 385 3110 tempus,
419 3029 537 3090 Romae
556 3023 761 3109 praesertim,
794 3032 830 3087 ut
850 3024 908 3087 iste
931 3045 981 3087 me
1003 3033 1109 3107 rogat,
1142 3024 1296 3097 manenti,
1332 3045 1463 3092 vacnum

145 3119 340 3186 ostenditur?
368 3118 428 3184 Sed
451 3117 571 3183 videro.
613 3122 757 3181 Fortasse
780 3117 880 3190 enim,
903 3125 938 3181 ut
958 3118 1006 3189 lit,
1028 3117 1131 3183 vincet
1151 3129 1223 3184 tuus
1244 3139 1335 3183 amor
1355 3141 1465 3186 omnes

145 3213 349 3280 difficultates.
396 3218 427 3279 3.
449 3211 627 3278 Trebatium
656 3209 742 3296 quod
770 3210 810 3275 ad
839 3232 874 3275 se
895 3211 1050 3285 miserim,
1078 3212 1216 3297 persalse
1238 3221 1269 3276 et
1290 3212 1502 3279 humanitereo

146 3311 238 3372 etiam
260 3306 375 3390 gratias
397 3304 473 3369 mibi
495 3305 568 3388 egit.
619 3307 716 3386 Negat
744 3303 827 3367 enim
858 3304 890 3368 in
918 3314 1000 3369 tanta
1029 3305 1225 3370 multitudine
1253 3326 1378 3380 eorum,
1409 3309 1463 3394 qui

144 3420 206 3466 una
234 3408 351 3473 essent,
384 3420 573 3485 quemquem
601 3397 713 3470 luisse,
743 3397 798 3482 qui
823 3396 1036 3462 vadimonium
1063 3399 1229 3484 concipere
1255 3411 1371 3484 posset.
1422 3407 1464 3467 u.

146 3495 253 3559 Curtio
281 3492 472 3558 tribunatum
498 3491 537 3556 ab
559 3513 598 3557 eo
625 3491 722 3576 petivi
750 3511 887 3555 —nam
914 3491 1067 3557 Domitius
1096 3513 1129 3556 se
1151 3492 1288 3558 derideri
1309 3503 1463 3579 putasset,

145 3586 172 3651 si
193 3596 276 3652 esset
296 3608 314 3651 a
336 3607 386 3652 me
414 3596 557 3671 rogatus;
591 3585 652 3652 boc
672 3584 755 3650 enim
777 3594 825 3650 est
845 3584 912 3649 eius
933 3585 1165 3671 quotidianum,
1187 3608 1221 3652 se
1243 3609 1282 3652 ne
1305 3587 1463 3654 tribunum

144 3680 277 3746 militum
298 3681 424 3766 quidem
445 3680 564 3745 lacere:
586 3680 678 3746 etiam
699 3678 731 3743 in
752 3688 861 3744 senatu
881 3678 956 3744 lusit
968 3680 1103 3766 Appium
1124 3681 1274 3766 collegam
1296 3691 1463 3768 propterea
1476 3709 1503 3748 u

144 3778 207 3840 isse
238 3774 278 3839 ad
308 3779 491 3847 Caesarem,
529 3785 563 3841 ut
593 3773 730 3860 aliquem
758 3772 950 3838 tribunatum
980 3771 1119 3838 aulerret
1140 3809 1200 3848 —,
1237 3774 1292 3840 sed
1323 3775 1355 3839 in
1389 3776 1465 3840 altc-

81 3883 84 3889 ’
144 3888 216 3933 rum
244 3888 369 3933 annum.
424 3868 460 3933 ld
488 3877 519 3933 et
546 3867 672 3933 Curtius
699 3867 742 3933 ita
768 3865 901 3932 volebat.
958 3869 988 3930 4.
1017 3871 1083 3941 Tu,
1116 3867 1379 3953 quemadmodum
1414 3890 1464 3933 me

145 3981 253 4027 censes
281 3973 429 4049 oportere
457 3983 525 4027 esse
554 3971 585 4027 et
611 3961 644 4027 in
672 3981 709 4025 re
736 3959 859 4046 publica
887 3967 918 4025 et
945 3959 978 4024 in
1006 3961 1122 4025 nostris
1150 3961 1333 4034 inimicitiis,
1364 3962 1405 4027 ita
1433 3972 1465 4027 et

145 4076 214 4120 esse
242 4066 272 4120 et
300 4055 370 4122 lore
397 4056 537 4121 auricula
565 4053 671 4120 inlima
697 4054 775 4118 scito
802 4052 990 4119 molliorem.
1043 4059 1073 4120 5.
1095 4061 1156 4121 llos
1178 4060 1335 4120 Romanae
1364 4077 1397 4120 se
1419 4056 1464 4121 sic

144 4147 322 4216 babebant:
355 4159 422 4214 crat
456 4149 604 4215 nonnulla
648 4168 720 4235 spes
755 4146 955 4212 comitiorum
977 4146 1046 4230 'sed
1082 4148 1222 4225 incerta;
1259 4159 1326 4213 erat
1360 4149 1463 4235 aliqua
1474 4178 1501 4217 n

213 4331 241 4381 2.
260 4338 344 4381 eretro
362 4330 427 4382 Mn:
455 4339 546 4382 nostro
565 4331 608 4380 111.
642 4354 673 4367 -
716 4329 742 4379 7.
761 4328 909 4379 Placentiae
926 4329 1001 4380 11111.
1033 4353 1064 4366 ·-
1102 4330 1287 4383 Btondennone
1306 4334 1342 4393 11,
1374 4333 1464 4385 Laude

144 4400 226 4452 Nonis
244 4401 380 4464 Sigonius.
401 4425 432 4438 -
455 4402 482 4453 3.
501 4402 603 4466 quidem
620 4398 831 4465 oetmnpnooet
847 4399 922 4450 11111.
942 4425 972 4434 -
1004 4401 1047 4450 10.
1066 4396 1151 4464 quem]
1170 4402 1239 4465 qued
1256 4403 1279 4453 1.
1301 4428 1331 4440 -
1368 4405 1411 4454 13.
1430 4406 1464 4454 tie

144 4472 183 4521 R:
202 4471 242 4520 bte
260 4471 334 4522 13111.
353 4496 386 4505 -
423 4471 467 4522 11.
486 4487 555 4522 unce
572 4473 604 4522 R.
625 4496 654 4509 -
693 4470 735 4522 17.
757 4478 781 4521 te
798 4481 853 4518 om.
873 4470 905 4519 lt.
925 4495 958 4503 -
989 4471 1060 4520 Fert.
1080 4471 1266 4521 incredibiliter
1283 4487 1322 4524 me
1340 4473 1390 4524 det.
1410 4473 1462 4526 Οι.

143 4562 177 4578 -·
203 4541 247 4591 20.
267 4539 333 4605 ligo]
352 4555 382 4591 eo
399 4542 437 4593 Μ.
470 4565 500 4578 -
536 4538 594 4605 boe]
614 4555 646 4592 oe
662 4541 723 4593 ua.
756 4563 787 4576 ·-
823 4538 868 4590 33.
887 4539 1017 4589 υοῑυοτῑηε
1035 4540 1112 4590 Mat:
1144 4540 1281 4592 votuerunt
1300 4543 1331 4593 u.
1362 4567 1396 4579 -—
1432 4546 1463 4594 de

143 4617 218 4662 nocte
235 4611 318 4662 Mlti:
337 4613 369 4662 de
386 4613 470 4662 memo
487 4620 560 4662 nocte
577 4612 608 4663 11.
637 4634 668 4648 ·-
705 4610 750 4662 33.
769 4609 932 4674 eeiqtlnerent
951 4608 1110 4673 Stephanus.
1141 4633 1171 4646 -
1208 4612 1251 4661 25·
1270 4627 1328 4664 rum
1345 4614 1388 4665 bl:
1408 4621 1463 4664 tom

146 4679 212 4730 11111.
241 4707 274 4717 -
310 4678 388 4745 cero]
419 4684 483 4732 υἱώ
501 4682 536 4732 tu
561 4687 588 4733 et
606 4696 647 4746 pr.
666 4682 703 4733 Μ.
734 4705 763 4717 -
810 4681 980 4743 ᾳιιοηίωιιυε
997 4680 1086 4730 ecrtbe'r
1103 4679 1164 4730 MR.
1201 4683 1273 4732 Fert.
1292 4686 1415 4748 qnoniam
1434 4693 1463 4734 to

144 4751 244 4801 reram
271 4750 323 4802 01.
353 4777 383 4787 -
431 4752 474 4802 32.
492 4759 578 4815 parret
597 4787 605 4803 .
623 4753 777 4816 priusquam
802 4750 937 4802 Trebatiun
959 4751 1057 4801 veniret
1080 4751 1160 4802 utrem
1182 4754 1351 4814 imperatorie
1367 4754 1461 4804 subire.

150 4821 219 4871 Vale.
239 4821 322 4881 (Tum
342 4835 427 4873 novae
446 4822 494 4885 llp.
514 4820 643 4884 tntttnrn.)
663 4821 684 4870 1.
705 4845 736 4857 -
763 4821 808 4873 dd.
826 4821 930 4886 offeret
949 4820 971 4870 1.
993 4845 1021 4857 -
1043 4819 1085 4870 37.
1105 4816 1155 4884 me]
1174 4829 1199 4872 te
1218 4822 1333 4873 Ernestti
1352 4838 1460 4886 operar.

147 4913 176 4926 -
196 4890 241 4942 33.
260 4895 400 4944 eereettn
418 4891 482 4942 MR:
502 4894 598 4942 necin
616 4892 660 4941 111.
682 4914 712 4927 -
747 4889 792 4942 33.
812 4891 1115 4942 orteotoumetlorem
1133 4891 1155 4941 1.
1176 4915 1207 4929 ·-
1237 4893 1281 4944 to.
1300 4894 1394 4946 babent
1413 4896 1443 4945 ll.
