3256 5400
595 234 601 240 ’
664 249 741 321 nm·
758 261 781 322 1.
824 260 884 323 nr.
905 259 936 320 a.
1424 265 1463 325 aa

141 416 319 482 devinctum
348 426 500 502 putarem.
555 421 661 502 ltaque
683 416 751 481 eius
773 416 859 480 omni
881 424 912 480 et
933 417 1051 500 gratia,
1085 436 1166 502 quae
1188 437 1308 481 summa
1330 429 1396 493 est,
1433 433 1464 484 et

142 508 272 596 opibus,
295 529 372 595 quas
393 509 540 593 intelligis
563 531 631 574 esse
654 509 820 582 maximas,
841 509 886 573 sic
906 508 998 573 fruor
1016 518 1051 572 ut
1072 509 1160 574 meis.
1203 515 1266 573 Nec
1284 512 1359 576 mibi
1375 512 1465 577 aliter

141 604 281 690 potuisse
303 602 416 668 videor
436 604 598 668 bominum
619 604 813 689 perditorum
838 602 877 666 dc
900 621 950 666 me
971 602 1102 666 consilia
1124 603 1289 688 frangere,
1312 604 1372 669 nisi
1393 625 1464 669 cum

141 696 306 783 praesidiis
327 697 383 770 iis,
415 718 495 783 quae
517 718 642 782 semper
661 696 777 769 babui,
801 716 882 760 nunc
904 696 997 759 etiam
1019 697 1193 781 potentium
1214 697 1464 763 benevolentiam

141 790 385 856 coniunxissem.
429 794 481 854 22.
508 791 565 854 His
594 811 653 875 ego
681 790 835 862 consiliis,
871 789 897 852 si
923 798 953 852 te
983 799 1178 873 praesentem
1200 790 1395 864 habuissem,
1431 799 1490 855 uta

142 885 251 970 opinio
273 904 341 947 mea
363 884 440 957 lert,
473 904 575 947 essem
597 905 671 948 usus
694 882 822 947 eisdem.
874 882 952 946 Novi
975 883 1058 945 enim
1088 885 1324 968 temperantiam
1347 898 1378 952 et
1399 906 1466 950 mo·

143 976 337 1041 derationem
359 983 487 1039 naturae
509 985 594 1051 tuac;
617 976 691 1040 novi
706 976 844 1040 animum
862 996 933 1040 cum
949 976 1024 1039 mihi
1037 975 1275 1050 amicissimum,
1297 988 1363 1043 tum
1383 979 1467 1043 nulla

143 1070 175 1134 in
197 1077 320 1133 ceteros
341 1068 558 1134 malevolentia
580 1069 748 1143 sullusum,
781 1080 951 1155 contraque
973 1090 1045 1132 cum
1067 1089 1212 1152 magnum
1235 1079 1266 1133 et
1288 1071 1467 1146 excelsum,

143 1163 320 1229 tumetium
342 1171 485 1247 apertum
507 1172 538 1226 et
559 1162 742 1249 simplicem.
785 1162 857 1228 Vidi
881 1183 940 1246 ego
963 1161 1116 1247 quosdam
1137 1162 1169 1225 in
1192 1171 1222 1227 tc
1245 1163 1336 1237 tales,
1360 1164 1468 1250 quales

144 1267 178 1322 tu
200 1256 328 1321 eosdem
350 1256 381 1319 in
403 1276 454 1319 mc
474 1256 582 1320 videre
604 1256 743 1341 potuisti.
788 1259 876 1333 Quae
895 1277 945 1319 me
962 1265 1144 1327 moverunt,
1168 1255 1337 1320 movissent
1359 1256 1506 1321 eademne

143 1360 174 1415 te
194 1349 348 1436 prolecto.
392 1349 473 1423 Sed,
496 1371 684 1436 quocunque
707 1358 849 1435 tempore
865 1350 940 1413 mibi
958 1357 1094 1434 potestas
1110 1349 1282 1433 praesentis
1297 1350 1341 1414 tui
1363 1350 1468 1424 luerit,

143 1454 177 1508 tn
209 1443 272 1506 eris
304 1441 444 1508 omnium
472 1443 655 1508 moderator
681 1442 883 1508 consiliorum
907 1464 1068 1520 meorum;
1105 1441 1160 1506 tibi
1183 1442 1242 1506 crit
1264 1442 1381 1517 eidem,
1409 1444 1470 1508 -cui

143 1536 227 1600 salus
247 1556 317 1600 mea
339 1536 409 1610 luit,
432 1537 524 1601 etiam
546 1536 679 1621 dignitas
700 1557 805 1601 curae.
847 1542 897 1601 lde
913 1536 1038 1622 quidem
1061 1544 1145 1600 certe
1162 1546 1285 1601 tuarum
1302 1536 1469 1611 actionum,

143 1630 384 1703 sententiarum,
418 1629 628 1702 voluntatum,
661 1650 768 1693 rerum
798 1629 933 1715 denique
956 1629 1096 1693 omnium
1119 1629 1239 1693 socium
1261 1628 1470 1717 comitemque

143 1721 291 1799 babebis;
324 1744 427 1809 neque
447 1722 523 1787 milri
544 1723 577 1788 in
598 1722 684 1787 omni
708 1723 770 1786 vita
794 1744 845 1787 res
866 1733 929 1786 tam
952 1722 1011 1787 erit
1031 1721 1094 1786 ulla
1121 1721 1297 1807 proposita,
1320 1744 1413 1809 quam
1435 1731 1508 1789 utu

144 1816 284 1903 quotidie
306 1816 521 1882 vehementius
543 1827 573 1882 te
596 1816 705 1881 deme
727 1817 845 1900 optime
865 1816 1012 1880 meritum
1034 1836 1103 1880 esse
1130 1815 1257 1880 laetere.
1301 1820 1353 1881 23.
1376 1817 1469 1895 Quod

144 1931 258 1994 rogas,
281 1918 316 1974 ut
336 1931 406 1975 mea
427 1909 484 1976 tibi
499 1910 614 1997 scripta
630 1909 763 1983 mittam,
786 1931 866 1996 qnae
883 1918 955 1996 post
969 1909 1140 1974 discessum
1157 1918 1244 1973 tuum
1265 1911 1470 1997 scripserim,

144 2013 216 2069 sunt
239 2003 399 2069 orationes
423 2003 594 2091 quaedam,
632 2025 709 2090 quas
733 2004 908 2069 Menocrito
932 2002 1030 2076 dabo,
1068 2024 1171 2089 neque
1197 2004 1240 2067 ita
1262 2004 1393 2082 multae;
1430 2026 1470 2069 ne

143 2097 355 2183 pertimescas.
399 2096 517 2182 Scripsi
539 2097 632 2161 ctiam
657 2128 698 2140 -
720 2119 792 2162 nam
813 2097 907 2163 etiam
924 2096 964 2162 ab
982 2097 1175 2163 orationibus
1191 2097 1320 2182 diiungo
1337 2119 1388 2163 me
1402 2099 1471 2164 lere

144 2190 313 2277 referoque
334 2189 375 2254 ad
395 2191 622 2256 mansuetiores
639 2194 759 2265 Musas,
793 2211 874 2276 quae
904 2211 954 2256 me
977 2189 1112 2254 maxime
1138 2195 1218 2255 sicut
1243 2191 1305 2256 iam
1321 2181 1346 2256 'a
1370 2193 1509 2277 primane

144 2284 352 2350 adolescentia
382 2284 576 2350 delectarunt
603 2319 643 2329 -
674 2283 785 2369 scripsi
807 2283 903 2367 igitur
923 2283 1103 2348 Aristotelio
1127 2304 1236 2358 more,
1267 2285 1470 2372 quemadmo-

144 2378 218 2443 dum
242 2377 368 2464 quidem
400 2377 504 2452 volui,
541 2389 606 2443 tres
638 2375 736 2440 libros
759 2376 791 2440 in
818 2377 1025 2462 disputatione
1048 2397 1084 2440 ac
1105 2377 1230 2462 dialogo
1252 2378 1291 2442 de
1315 2381 1470 2452 Oratore,

145 2492 225 2558 quos
248 2471 389 2536 arbitror
409 2471 542 2536 Lentulo
572 2479 627 2535 tuo
660 2469 731 2533 lore
752 2490 816 2533 non
838 2470 972 2534 inutiles.
1025 2469 1204 2534 Abhorrent
1235 2473 1318 2536 enim
1345 2493 1470 2537 acom-

145 2564 292 2630 munibus
314 2565 504 2652 praeceptis,
527 2575 620 2652 atque
642 2585 768 2629 omnem
789 2564 989 2650 antiquorum
1019 2571 1051 2626 et
1070 2564 1279 2628 Aristoteliam
1303 2578 1333 2631 ct
1351 2570 1470 2630 lsocra·

146 2657 219 2723 tiam
242 2657 394 2723 rationem
412 2658 584 2724 oratoriam
599 2658 857 2744 complectuntur.
901 2656 1018 2743 Scripsi
1029 2656 1122 2721 etiam
1139 2656 1281 2721 versibus
1293 2668 1356 2722 tres
1371 2656 1509 2722 librosra

145 2752 185 2817 de
205 2751 401 2837 temporibus
423 2752 516 2826 meis,
549 2772 630 2838 quos
651 2751 713 2816 iam
735 2751 857 2836 pridem
878 2749 918 2814 ad
940 2759 970 2815 te
992 2749 1161 2825 misissem,
1192 2749 1217 2814 si
1240 2770 1309 2814 esse
1332 2750 1470 2816 edendos

145 2857 302 2932 putassem
341 2879 380 2889 —
417 2854 489 2911 sunt
517 2845 599 2911 enim
633 2855 727 2910 testes
759 2853 791 2909 et
829 2852 921 2909 erunt
959 2842 1140 2927 sempiterni
1176 2842 1362 2908 meritorum
1395 2864 1471 2928 erga

145 2961 196 3004 me
223 2948 350 3004 tuorum
384 2961 534 3026 meaeque
579 2939 699 3025 pietatis
721 2962 776 3016 -;
808 2937 864 3003 sed
892 2934 966 3023 quia
988 2935 1123 3002 verebar
1158 2958 1221 3001 non
1254 2957 1326 3011 eos,
1360 2937 1414 3024 qui
1436 2956 1470 3001 sc

145 3033 247 3097 laesos
266 3032 494 3098 arbitrarentur
517 3031 640 3116 (etenim
662 3033 694 3098 id
710 3033 768 3097 leci
790 3050 885 3117 parce
900 3039 932 3093 et
951 3029 1116 3109 molliter),
1139 3029 1287 3103 sedens,
1311 3052 1390 3115 quos
1404 3039 1471 3094 erat

146 3124 300 3192 inlinitum
318 3126 399 3192 bene
419 3126 458 3192 de
478 3149 528 3191 mc
543 3127 672 3191 meritos
686 3146 795 3191 omnes
813 3122 985 3187 nominare.
1030 3125 1118 3199 Quos
1140 3133 1243 3188 tamen
1265 3123 1350 3207 ipsos
1362 3123 1508 3196 librosso

146 3219 171 3283 si
205 3241 314 3306 quem,
349 3221 399 3286 cui
422 3231 509 3286 reete
544 3220 756 3292 committam,
789 3217 956 3289 invenero,
991 3215 1109 3280 curabo
1132 3216 1171 3281 ad
1201 3226 1231 3281 te
1255 3217 1469 3302 perferendos.

145 3316 247 3398 Atque
267 3313 358 3378 istam
380 3312 506 3399 quidem
535 3323 656 3399 partem
678 3313 760 3377 vitae
782 3308 1077 3396 consuetudinisque
1102 3319 1228 3374 nostrae
1251 3320 1346 3375 totam
1371 3310 1409 3375 ad
1439 3321 1470 3375 te

146 3404 266 3470 desero.
320 3408 479 3484 Quantum
499 3407 629 3482 litteris,
652 3414 802 3493 quantum
825 3402 951 3477 studiis,
978 3402 1138 3468 veteribus
1157 3403 1273 3468 nostris
1291 3402 1468 3468 delectatio-

146 3496 253 3571 nibus,
276 3498 425 3586 consequi
440 3500 629 3586 poterimus,
652 3499 685 3563 id
703 3519 797 3565 omne
813 3497 852 3564 ad
870 3496 1034 3563 arbitrium
1051 3508 1157 3570 tuum,
1180 3497 1234 3584 qui
1254 3497 1330 3561 haec
1344 3519 1469 3583 semper

146 3591 270 3664 amasti,
292 3591 495 3658 libentissime
515 3593 725 3658 conferemus.
774 3596 826 3656 rt.
850 3594 938 3668 Quae
963 3590 1073 3656 adme
1096 3592 1136 3655 de
1157 3592 1218 3656 tuis
1243 3589 1339 3655 rebus
1360 3590 1506 3656 dome-sa

146 3684 230 3750 sticis
242 3684 353 3750 scribis
364 3707 507 3774 quaeque
519 3686 595 3751 mibi
602 3684 810 3758 commendas,
826 3705 864 3748 ea
874 3694 976 3750 tantae
986 3684 1061 3748 mibi
1071 3706 1164 3749 curae
1173 3693 1252 3758 sunt,
1269 3695 1303 3749 ut
1309 3704 1360 3747 me
1372 3684 1468 3748 nolim

146 3777 327 3853 admoneri,
358 3780 464 3864 rogari
485 3801 563 3845 vero
584 3780 651 3844 sine
674 3798 788 3862 magno
811 3777 922 3842 dolore
938 3778 993 3842 vix
1013 3778 1141 3863 possim.
1185 3778 1279 3856 Quod
1301 3776 1468 3858 deQuinti

146 3870 252 3936 fratris
275 3872 400 3956 negotio
423 3873 534 3938 scribis
551 3882 582 3938 te
610 3872 718 3958 priore
741 3881 872 3946 aestate,
907 3870 992 3957 quod
1014 3871 1128 3937 morbo
1153 3871 1320 3956 impeditus
1344 3871 1374 3936 in
1398 3871 1468 3937 Cili·

146 3963 226 4029 ciam
247 3984 311 4028 non
326 3966 504 4041 transieris,
527 3965 681 4032 conticere
702 3986 764 4030 non
784 3965 938 4049 potuisse,
961 3985 1044 4028 nunc
1057 3974 1161 4029 autem
1182 3964 1285 4029 omnia
1301 3964 1466 4039 facturum,

146 4067 182 4124 nt
201 4056 363 4124 coniicias:
386 4058 419 4124 id
440 4060 519 4125 scito
544 4081 613 4124 esse
638 4056 806 4130 eiusmodi,
828 4066 864 4122 ut
885 4057 983 4124 irater
1002 4079 1092 4124 meus
1117 4080 1192 4125 vere
1212 4059 1387 4134 existimet,
1411 4060 1504 4127 adea

147 4150 252 4217 iuncto
279 4150 340 4219 isto
371 4151 469 4218 lundo
496 4153 719 4240 patrimonium
746 4151 816 4217 lore
837 4173 928 4216 suum
955 4163 1063 4238 perte
1084 4153 1294 4219 constitutum.
1346 4160 1393 4219 Tu
1415 4175 1465 4218 me

214 4360 242 4411 5.
260 4360 300 4409 bit
317 4373 363 4424 ago
380 4362 443 4410 metr
460 4362 574 4411 wntttta's
585 4362 651 4413 Cod.
670 4361 806 4418 Santonii,
824 4361 858 4410 ad
877 4360 1034 4410 Terentiam.
1055 4374 1081 4425 p.
1095 4361 1156 4412 279.
1173 4388 1202 4398 -
1221 4364 1249 4414 ’1.
1269 4378 1325 4414 nem
1345 4364 1390 4415 ld:
1411 4371 1466 4412 tum

148 4426 179 4480 B·
198 4434 231 4466 -'-
266 4430 295 4481 9.
314 4426 379 4494 tum]
404 4438 465 4480 tame
488 4431 525 4482 ld.
547 4456 577 4467 -
605 4431 648 4481 18.
672 4431 814 4482 dimoti
836 4436 945 4480 auctore
963 4432 1086 4482 Manutio
1104 4431 1185 4482 Mart.
1203 4432 1268 4494 Lag.
1290 4459 1320 4469 -
1340 4435 1383 4484 ta.
1402 4448 1465 4482 nam

147 4500 227 4549 ulem
242 4499 289 4550 bie
315 4513 380 4550 nam
397 4499 428 4550 ll.
456 4501 529 4551 Fert.
554 4515 617 4550 nem
639 4514 679 4550 rte
702 4503 757 4551 inm
774 4499 808 4550 ab
827 4500 990 4550 orationibus
1012 4502 1120 4565 diiungo
1138 4503 1201 4564 sere.
1221 4503 1272 4554 On.
1294 4528 1323 4539 -
1342 4518 1382 4554 mc
1400 4507 1465 4552 anta

145 4569 198 4633 [ero
215 4583 270 4620 om.
292 4582 333 4632 pr.
361 4570 399 4621 Μ.
421 4593 450 4605 -
487 4573 532 4621 21.
557 4571 717 4621 delectarunt
743 4570 789 4619 bl:
817 4569 943 4620 delectent
974 4568 1005 4621 E.
1025 4598 1054 4608 -
1087 4571 1238 4622 Aristotelio
1263 4573 1309 4623 M:
1340 4575 1464 4627 Aristera

147 4639 186 4690 lae
212 4639 242 4690 li.
273 4659 307 4676 -
343 4640 388 4690 Ὦ.
411 4641 441 4689 ln
464 4642 640 4704 dtrpntnum
663 4654 695 4691 ae
716 4640 823 4704 &clepo
841 4640 895 4689 del.
915 4641 994 4690 Mart.
1020 4641 1085 4704 Lag.
1116 4667 1150 4676 -
1186 4642 1231 4692 at.
1250 4643 1404 4706 aequeve:
1432 4647 1465 4696 ab

148 4722 188 4773 pr.
208 4709 253 4765 Μ.
279 4722 311 4759 ac
327 4709 385 4765 Va.
412 4717 437 4760 ct
455 4711 475 4760 ll
494 4725 555 4761 cnm
575 4724 645 4760 corr.
665 4710 702 4761 Μ.
722 4731 756 4746 -·
794 4710 972 4761 Arlttotolr'am
990 4719 1014 4762 ct
1034 4713 1189 4761 Isocratiam
1208 4712 1253 4762 tt:
1285 4713 1465 4765 Aristotelem

147 4787 172 4829 et
185 4780 343 4829 laocrntcam
361 4778 392 4829 B.
414 4807 445 4817 -
463 4781 507 4831 28.
527 4782 591 4845 quta
609 4786 718 4831 auctora
736 4781 759 4831 1.
779 4781 809 4829 1³.
829 4779 965 4832 Gronorio
983 4782 1036 4832 del.
1057 4783 1135 4833 Mart.
1156 4781 1221 4842 Lug.
1242 4806 1272 4817 -
1292 4781 1336 4831 34.
1356 4784 1392 4832 nd
1408 4799 1463 4836 om.

149 4862 189 4913 pr.
208 4849 246 4900 Μ.
273 4853 322 4885 -’
342 4848 387 4899 att.
415 4848 516 4914 tantae]
541 4858 565 4900 ct
589 4858 651 4900 ento
677 4865 717 4913 pr.
742 4851 786 4910 Μ,
816 4859 845 4900 vt
869 4859 894 4900 et
917 4858 978 4900 ante
1001 4867 1072 4902 corr.
1098 4852 1136 4902 Μ.
1167 4875 1196 4885 -
1221 4853 1273 4899 rint
1303 4866 1341 4914 pr.
1362 4855 1397 4903 Μ.
1434 4879 1463 4891 -

148 4919 191 4969 ³7.
209 4922 307 4982 porum
325 4919 370 4970 ld:
397 4932 502 4984 porrum
520 4921 549 4971 ll.
