3256 5400
177 210 241 274 aas
671 208 730 271 ιιι.
752 209 805 271 ιιι
826 207 998 272 amices
1054 300 1061 306 ·

178 369 212 432 in
238 372 271 432 P.
305 365 447 434 Clodium
475 361 716 448 subscripserat3
750 367 783 429 L.
811 363 998 438 Domitium,
1027 362 1116 430 culus
1145 362 1272 430 demum
1299 364 1506 432 constitutam

179 460 294 534 fuisse,
316 458 399 524 unde
421 457 545 543 eruptio
567 455 670 522 ficret:
693 477 744 520 me
765 477 827 521 nou
849 457 1034 532 neminavit,
1057 457 1112 522 sed
1134 456 1215 523 dixit
1235 457 1435 524 consularem
1454 457 1507 524 di·

180 563 313 629 sertum,
350 551 485 617 vicinum
507 550 659 627 consulis,
696 548 755 616 sibi
776 548 914 625 dixisse,
950 551 1077 619 Ahalam
1099 551 1267 617 Servilium
1288 552 1426 638 aliquem
1447 561 1507 619 aut

181 653 308 712 Brutum
336 665 416 731 opas
442 663 511 708 esse
538 641 683 727 reperiri.
738 641 865 708 Addidit
884 642 924 708 ad
945 653 1137 720 extremum,
1170 665 1258 719 cum,
1286 645 1348 710 iam
1371 644 1507 712 dimissa

155 738 341 812 scansione.
369 746 534 803 revocatus
563 756 581 800 a
602 734 728 802 Vatinio
756 735 881 813 fuisset,
914 757 949 802 se
969 737 1094 803 audisse
1115 759 1134 803 a
1156 739 1291 805 Curione
1316 739 1365 805 his
1387 738 1429 804 de
1450 759 1505 804 re·

179 831 238 899 hus
265 831 422 897 conscium
450 851 520 895 esse
547 829 710 903 Pisonem,
744 848 895 914 generum
920 851 1046 906 meum,
1080 840 1110 898 et
1136 836 1177 898 hl.
1205 835 1415 898 Laterensem.
1470 835 1505 898 4.

179 929 266 991 Nunc
294 945 367 989 reus
395 933 462 988 erat
489 922 572 1008 apud
601 925 746 989 Crassum
774 922 908 990 Divitem
937 925 1059 991 Vettius
1085 924 1125 990 de
1154 925 1201 999 vi,
1235 935 1282 1001 et,
1315 947 1387 992 cum
1417 935 1507 992 esset

178 1016 356 1091 damnatus,
385 1026 453 1082 erat
477 1008 625 1082 indicium
647 1015 876 1102 postulaturum
905 1017 991 1104 qued
1012 1023 1038 1083 si
1059 1017 1270 1105 impetrasset,
1293 1019 1406 1085 iudicia
1428 1019 1505 1085 fore

179 1108 373 1177 videbantur.
422 1115 466 1176 lia
496 1132 570 1185 nos,
603 1117 711 1195 utpote
739 1109 793 1197 qui
818 1111 895 1176 nihil
916 1122 1117 1178 contemnere
1138 1112 1291 1188 solemus,
1317 1133 1380 1178 non
1401 1111 1505 1200 perti-

144 1203 402 1270 amescehamus.
451 1205 621 1270 Hominum
641 1203 768 1289 quidem
793 1225 913 1270 summa
935 1225 1009 1289 erga
1031 1226 1089 1272 nos
1109 1205 1210 1271 studia
1230 1204 1503 1290 significabantur;

179 1298 234 1364 sed
254 1318 386 1386 prorsus
407 1298 489 1364 vitae
510 1298 626 1364 taedet:
648 1298 691 1363 ita
712 1306 784 1363 sunt
804 1299 908 1363 emnia
929 1299 1069 1364 emnium
1090 1299 1289 1365 miseriarum
1307 1300 1502 1384 plenissima.

178 1391 273 1459 Modo
301 1392 427 1458 eaedem
454 1392 674 1465 timueramus,
702 1412 804 1477 quem·
822 1392 925 1457 oratio
953 1392 1114 1458 fertissimi
1143 1394 1241 1467 senis,
1272 1397 1310 1471 Q.
1341 1394 1501 1469 caesidii,

178 1485 379 1564 discusserat;
411 1506 462 1559 ea,
491 1507 583 1572 quam
611 1484 751 1571 quetidie
781 1484 892 1551 timere
919 1496 1137 1571 potueramus,
1170 1487 1275 1554 subite
1303 1498 1413 1554 exorta
1441 1497 1501 1553 est

180 1578 264 1661 Quid
287 1579 434 1666 quaeris?
462 1578 537 1644 nihil
560 1599 610 1642 ma
631 1578 865 1653 infortunatus,
896 1579 973 1645 nihil
993 1580 1181 1647 fortunatius
1202 1592 1249 1647 est
1271 1581 1396 1657 Catule,
1425 1602 1502 1646 cum

146 1672 346 1759 resplendere
367 1673 464 1747 vitae,
492 1674 596 1753 †tum
618 1671 677 1737 hec
698 1681 848 1758 tempere.
896 1678 958 1739 Nos
979 1684 1082 1740 tamen
1103 1675 1135 1739 in
1158 1670 1205 1740 his
1227 1676 1362 1741 miseriis
1391 1686 1501 1740 erecte

179 1769 283 1833 anime
305 1775 337 1831 et
357 1766 484 1831 minime
505 1764 687 1852 perturbate
708 1787 830 1840 sumus,
851 1765 1129 1854 honestissimeque
1150 1771 1217 1852 'set
1239 1770 1419 1855 dignitatem
1443 1790 1502 1835 ne·

179 1873 275 1927 suana
302 1880 413 1945 magna
434 1881 508 1924 eura
530 1869 663 1924 tuemur.
714 1865 742 1926 5.
765 1861 932 1945 Pompeius
961 1860 1001 1925 de
1023 1862 1132 1928 Clodio
1153 1863 1241 1928 iubet
1261 1886 1319 1929 nos
1340 1885 1409 1929 esse
1430 1864 1502 1929 sine

179 1975 255 2021 cura
276 1963 307 2019 et
328 1974 480 2018 summam
502 1958 534 2018 in
556 1973 613 2018 nos
634 1952 881 2018 benevolentiam
904 1953 990 2018 omni
1011 1956 1153 2022 oratione
1174 1956 1335 2042 significat.
1378 1962 1422 2022 Te
1446 1955 1501 2022 ha·

178 2047 255 2113 hcre
276 2047 479 2113 consiliorum
507 2056 683 2122 auctorem,
716 2046 958 2112 sollicitudinum
980 2049 1114 2124 socium,
1148 2050 1234 2115 omni
1256 2050 1287 2114 in
1309 2050 1502 2136 cogitatione

141 2141 379 2207 uconiunctum
400 2141 504 2225 cupie.
547 2142 669 2218 Quare,
691 2148 726 2205 ut
739 2139 898 2206 Numestio
920 2141 1078 2216 mandavi,
1101 2151 1202 2207 tecum
1224 2153 1259 2207 ut
1279 2154 1400 2229 ageret,
1422 2144 1502 2209 item

179 2243 272 2321 atque
299 2256 354 2309 ee,
381 2235 409 2299 si
429 2244 545 2319 petest,
576 2233 694 2309 acrius,
723 2242 753 2298 te
774 2254 870 2319 rege,
903 2243 938 2299 ut
958 2233 1050 2323 plane
1070 2234 1110 2305 ad
1131 2256 1189 2301 nos
1210 2235 1345 2303 advolas.
1388 2234 1501 2320 Respi-

178 2349 270 2403 rare,
292 2332 317 2393 si
340 2336 370 2392 te
392 2326 510 2393 videre.

630 2472 721 2535 ιιι.
765 2469 1044 2551 (auctaas.)

656 2592 797 2656 CICERO
820 2593 962 2656 ATTICO
985 2593 1017 2657 S.

142 2729 170 2766 a
265 2709 293 2769 1.
316 2707 393 2769 Cum
422 2703 557 2790 aliquem
579 2701 660 2788 apud
688 2711 720 2766 te
741 2701 871 2767 laudare
893 2712 1019 2768 tuorum
1039 2703 1256 2781 familiarium,
1285 2707 1387 2772 volam
1408 2707 1502 2774 illum

179 2802 259 2863 scire
287 2809 329 2862 ex
357 2805 388 2861 te
416 2817 466 2861 me
494 2796 526 2861 id
547 2796 674 2873 fecisse;
704 2803 739 2860 ut
766 2817 866 2881 nuper
894 2817 944 2861 me
970 2797 1031 2863 scis
1058 2798 1219 2883 scripsisse
1247 2798 1285 2864 ad
1307 2809 1337 2864 te
1359 2800 1398 2865 dc
1420 2808 1502 2869 Var-

179 2891 265 2957 ronis
294 2912 370 2978 erga
395 2912 446 2955 me
468 2891 589 2965 ellicie,
619 2899 649 2954 te
671 2888 710 2953 ad
731 2910 782 2954 me
803 2890 1000 2976 rescripsisse
1022 2912 1091 2956 eam
1113 2913 1181 2956 rcm
1203 2914 1342 2959 summae
1364 2895 1420 2960 tihi
1443 2915 1503 2961 ve-

178 2985 287 3071 luptati
315 3006 394 3051 esse.
445 2984 506 3051 Sed
528 3005 587 3070 ege
609 2984 747 3059 mallem,
780 2984 819 3049 ad
840 2984 942 3070 ipsum
963 2985 1139 3071 scripsisses
1170 2987 1247 3051 mihi
1270 2988 1356 3053 illum
1377 2989 1501 3055 satisfa-

178 3101 268 3154 cere,
299 3101 362 3145 ιιοιι
389 3099 453 3166 que
474 3077 606 3152 faceret,
635 3077 690 3142 sed
718 3085 753 3142 ut
778 3078 904 3143 faceret.
958 3078 1143 3143 Mirabiliter
1169 3080 1252 3145 caim
1274 3089 1413 3146 moratus
1435 3092 1500 3156 est,

141 3174 258 3238 altsicut
279 3173 375 3249 nesti,
408 3174 517 3239 ἑλικτὰ
546 3184 602 3238 καὶ
631 3175 725 3238 οὐδέν
747 3209 805 3237 -.
858 3176 920 3238 Nos
942 3181 1081 3237 tenemus
1103 3185 1303 3260 praeceptum
1326 3176 1417 3249 illud,
1442 3178 1501 3252 τὰς

179 3268 468 3354 recuperavimus.
511 3271 551 3332 dt
572 3265 698 3331 hercule
719 3264 798 3331 alter
818 3274 890 3330 tuus
911 3264 1086 3342 familiaris,
1110 3267 1273 3342 Hortalus,
1296 3290 1389 3352 quam
1406 3269 1500 3353 plena

179 3384 288 3438 manu,
325 3382 416 3449 quam
446 3361 599 3446 ingenue,
633 3381 725 3447 quam
755 3369 864 3425 ornate
897 3370 1018 3424 nostras
1050 3359 1157 3426 laudes
1187 3362 1220 3426 in
1247 3372 1328 3425 astra
1356 3360 1499 3435 sustulit,

178 3477 249 3520 cum
271 3455 310 3521 de
332 3454 432 3520 Flacci
453 3465 599 3542 praetura
621 3463 652 3518 et
673 3453 712 3519 de
734 3453 788 3518 ille
809 3463 951 3538 tempere
972 3452 1174 3539 Allobrogum
1197 3454 1332 3519 diecret!
1370 3455 1421 3518 Sic
1444 3454 1501 3518 ha·

179 3546 268 3621 bete,
299 3568 357 3612 nec
382 3550 534 3614 amantius
561 3569 618 3613 nec
647 3546 901 3612 honorificentius
929 3568 985 3610 nee
1006 3548 1163 3632 copiosius
1187 3549 1324 3633 petuisse
1346 3547 1417 3612 dici.
1460 3547 1500 3612 Ei

142 3650 209 3704 asto
232 3641 291 3705 hec
312 3641 449 3711 scrihere
472 3664 489 3707 a
512 3663 562 3707 me
583 3640 640 3707 tihi
662 3662 731 3705 esse
752 3641 880 3705 missum
902 3663 977 3704 sane
999 3642 1081 3706 velo.
1132 3646 1162 3708 2.
1186 3642 1246 3708 Sed
1268 3642 1342 3728 quid
1365 3651 1399 3706 tu
1420 3641 1500 3706 scri·

248 3850 275 3901 3.
289 3857 335 3900 aut
348 3854 426 3900 etiam
438 3852 549 3900 Brutum
563 3852 630 3899 1.-
648 3848 914 3913 5.aCur.]eaCur.
930 3851 998 3901 l.-
1016 3851 1041 3900 7.
1053 3849 1121 3913 reus]
1135 3866 1175 3901 res
1188 3853 1253 3901 l.-
1275 3852 1301 3903 8.
1315 3854 1438 3902 iudicium
1450 3855 1497 3904 111.

178 3921 337 3971 Emendavit
354 3922 501 3970 Manutius.
532 3947 563 3956 —-
601 3921 627 3970 ll.
648 3921 718 3971 Fert.
738 3920 874 3970 soleamne.
912 3919 966 3968 Clr.
986 3920 1089 3983 Zumpt.
1111 3923 1143 3970 ad
1163 3922 1240 3970 verr.
1261 3937 1286 3986 p.
1306 3925 1367 3973 aee.
1396 3924 1446 3974 Οιι.
1467 3947 1499 3961 -

179 3993 223 4041 10.
242 4005 415 4041 summatem.
437 3992 467 4041 ll.
490 4017 518 4030 -
558 3993 600 4042 1⁶2.
621 3988 710 4053 ιμιαιιι]
730 4004 777 4052 qua
794 3990 831 4040 Μ.
869 3989 1047 4039 Emendatnm
1067 3997 1106 4040 est
1126 3993 1152 4040 iu
1173 3992 1215 4040 Rl.
1250 4018 1279 4029 -
1318 3994 1349 4054 Q.
1370 3991 1498 4057 Considii]

177 4064 341 4126 quecumss'
360 4075 400 4125 pr.
420 4061 465 4120 Μ,
496 4063 526 4123 Q.
549 4062 714 4110 Censicerr.
733 4060 770 4109 Μ.
805 4085 833 4096 -
872 4059 916 4108 13.
936 4063 1090 4124 eainquam
1109 4076 1148 4122 pr.
1169 4062 1213 4122 M,
1232 4077 1385 4125 cumessam
1404 4065 1414 4113 l
1434 4077 1499 4113 eum

178 4132 305 4181 cornill.
329 4157 358 4167 -
394 4133 487 4180 cotidie
506 4132 541 4180 Μ.
575 4157 603 4166 -
643 4131 686 4180 ll.
704 4130 770 4178 nihil
788 4143 827 4179 me
843 4131 1006 4193 fortunatius
1023 4137 1047 4179 et
1067 4131 1159 4180 Catule
1177 4132 1220 4191 Μ,
1239 4147 1278 4182 me
1295 4135 1362 4182 nihil
1378 4136 1499 4197 [ortuna-

177 4205 230 4251 ts'us
247 4209 271 4252 el
290 4201 383 4251 Catule
402 4203 440 4261 ll,
471 4202 510 4250 nil
527 4214 566 4250 ms
582 4201 774 4264 infortunatius
791 4207 815 4248 et
833 4199 927 4249 Catulo
946 4200 965 4247 l.
1006 4200 1182 4250 Emendatum
1209 4207 1249 4250 cst
1272 4217 1304 4253 es
1323 4203 1354 4252 Y.
1387 4227 1418 4240 -
1455 4203 1499 4253 15.

178 4272 250 4321 lost.
271 4278 326 4320 tum
344 4272 412 4336 quod
429 4278 552 4334 tempera.
572 4271 622 4323 Oa.
641 4295 674 4305 -
711 4271 744 4319 lis
761 4271 871 4319 muntiis
890 4268 933 4328 Μ,
959 4270 997 4318 his
1015 4273 1094 4319 etiam
1110 4273 1220 4320 miseriis
1238 4272 1259 4320 1.
1290 4297 1324 4307 -
1359 4272 1401 4323 13.
1420 4273 1499 4322 hona-

174 4343 333 4406 stissimequa
350 4343 506 4406 dipnltatenv
522 4349 643 4392 nostram
661 4347 685 4391 et
703 4354 800 4404 mapna
823 4342 933 4389 auclore
952 4339 1074 4390 Ersrestle
1087 4340 1257 4402 Subuculae,
1277 4343 1499 4406 honestissimeque

176 4419 201 4461 cl
219 4426 316 4476 maana
336 4426 401 4461 cura
425 4412 579 4476 dipnitatem
601 4418 721 4461 nestram
743 4410 874 4459 Graevius
897 4408 924 4457 lu
950 4410 1017 4459 hdd.
1049 4437 1082 4445 -
1120 4413 1162 4461 13.
1180 4413 1210 4460 in
1233 4413 1304 4461 omni
1323 4413 1351 4460 R.
1384 4437 1411 4448 -
1451 4413 1496 4462 25.

176 4483 248 4543 apud
266 4490 291 4533 te
309 4483 422 4545 aliquem
441 4482 462 4531 1.
481 4507 516 4520 —
550 4483 637 4533 uolam
655 4495 710 4532 em.
731 4495 770 4544 pr.
791 4480 828 4530 Μ.
849 4506 879 4516 -
919 4479 962 4528 27.
983 4478 1041 4543 tihi]
1060 4482 1108 4530 sihi
1128 4482 1231 4530 hosius.
1252 4505 1280 4516 -
1309 4482 1352 4529 28.
1372 4482 1500 4530 adilluns

176 4552 251 4601 llltl.
288 4552 408 4602 Correxit
427 4552 574 4601 Ernestius.
593 4578 628 4587 -
663 4549 737 4615 milti]
754 4552 821 4601 nihil
838 4551 874 4601 ltl
892 4559 918 4602 et
937 4565 977 4614 pr.
997 4551 1034 4601 Μ.
1058 4576 1087 4590 -
1118 4553 1266 4612 satisfacere
1283 4552 1328 4600 sed
1345 4559 1373 4600 ut
1390 4553 1497 4615 fornel.

176 4621 376 4672 dlirahiliterlt
402 4628 429 4672 et
447 4637 487 4686 pr·
508 4623 551 4682 Μ,
581 4626 740 4685 satisfacere.
767 4623 924 4673 mirabiliter
942 4635 1013 4671 corr.
1032 4621 1075 4678 hl,
1108 4624 1267 4684 satisfaceret
1294 4621 1451 4671 mirabiliter
1474 4621 1498 4669 1.

178 4691 357 4743 Emendstum
376 4698 466 4742 estes
486 4693 503 4742 Ζ
524 4699 622 4757 etmg.
642 4693 794 4743 Cratandri.
830 4717 855 4727 -
894 4696 938 4744 29.
959 4699 1051 4741 eratus
1072 4692 1091 4739 1.
1123 4714 1155 4728 -
1191 4692 1234 4740 30.
1254 4687 1407 4741 eridiv-.
1445 4693 1500 4741 llos

178 4761 221 4813 hl:
251 4757 348 4814 oridia.
385 4763 499 4813 Scdnes
523 4764 590 4813 lilii.
621 4788 649 4801 -
686 4765 730 4813 31.
750 4765 870 4813 hortatus
888 4764 961 4814 Mltl.
1007 4762 1163 4811 correctum
1183 4767 1223 4810 est
1241 4775 1272 4810 ex
1292 4761 1319 4809 Ζ.
1354 4785 1383 4796 -
1419 4775 1500 4826 quesn

178 4829 456 4898 plena1quasiplena
475 4846 545 4883 cerr.
566 4833 603 4884 hl·
624 4858 653 4868 -
690 4835 734 4883 32.
751 4834 854 4885 sustulit
873 4847 927 4883 om.
949 4834 977 4882 R.
1002 4859 1028 4866 -
1068 4832 1111 4882 35.
1130 4832 1220 4881 saulis
1238 4832 1259 4880 l.
