<?xml version="1.0" encoding="UTF-8"?>
<!DOCTYPE html PUBLIC "-//W3C//DTD XHTML 1.0 Transitional//EN"
    "http://www.w3.org/TR/xhtml1/DTD/xhtml1-transitional.dtd">
<html xmlns="http://www.w3.org/1999/xhtml" xml:lang="en" lang="en">
 <head>
  <title>
</title>
<meta http-equiv="Content-Type" content="text/html;charset=utf-8" />
  <meta name='ocr-system' content='tesseract 3.04.00' />
  <meta name='ocr-capabilities' content='ocr_page ocr_carea ocr_par ocr_line ocrx_word'/>
</head>
<body>
  <div class='ocr_page' id='page_1' title='image "./operaquaesupers06halmgoog_0480.png"; bbox 0 0 3256 5400; ppageno 0'>
   <div class='ocr_carea' id='block_1_1' title="bbox 201 237 1017 306">
    <p class='ocr_par' dir='ltr' id='par_1_1' title="bbox 201 237 1017 306">
     <span class='ocr_line' id='line_1_1' title="bbox 201 237 1017 306; baseline -0.009 -1"><span class='ocrx_word' id='word_1_1' title='bbox 201 245 263 306; x_wconf 78' lang='grc'><strong>410</strong></span> <span class='ocrx_word' id='word_1_2' title='bbox 692 237 752 299; x_wconf 86' lang='grc' dir='ltr'><strong>ΕΡ.</strong></span> <span class='ocrx_word' id='word_1_3' title='bbox 774 238 825 300; x_wconf 77' lang='lat' dir='ltr'><strong>Ab</strong></span> <span class='ocrx_word' id='word_1_4' title='bbox 847 237 1017 302; x_wconf 78' lang='lat' dir='ltr'>ATTICUII</span> 
     </span>
    </p>
   </div>
   <div class='ocr_carea' id='block_1_2' title="bbox 186 391 1524 1134">
    <p class='ocr_par' dir='ltr' id='par_1_2' title="bbox 186 391 1524 1134">
     <span class='ocr_line' id='line_1_2' title="bbox 202 391 1522 478; baseline -0.009 -14"><span class='ocrx_word' id='word_1_5' title='bbox 202 396 297 464; x_wconf 87' lang='lat' dir='ltr'><strong>deris.</strong></span> <span class='ocrx_word' id='word_1_6' title='bbox 352 396 473 461; x_wconf 88' lang='lat' dir='ltr'><strong>Etenim</strong></span> <span class='ocrx_word' id='word_1_7' title='bbox 495 394 522 458; x_wconf 88' lang='lat' dir='ltr'><strong>si</strong></span> <span class='ocrx_word' id='word_1_8' title='bbox 543 395 601 459; x_wconf 90' lang='lat' dir='ltr'><strong>luit</strong></span> <span class='ocrx_word' id='word_1_9' title='bbox 622 391 774 459; x_wconf 82' lang='lat' dir='ltr'><strong>invidiosa</strong></span> <span class='ocrx_word' id='word_1_10' title='bbox 796 402 919 458; x_wconf 85' lang='lat' dir='ltr'><strong>senatus</strong></span> <span class='ocrx_word' id='word_1_11' title='bbox 940 392 1097 478; x_wconf 87' lang='lat' dir='ltr'><strong>potentia,</strong></span> <span class='ocrx_word' id='word_1_12' title='bbox 1119 413 1190 456; x_wconf 90' lang='lat' dir='ltr'><strong>cnm</strong></span> <span class='ocrx_word' id='word_1_13' title='bbox 1212 412 1249 454; x_wconf 91' lang='lat' dir='ltr'><strong>ea</strong></span> <span class='ocrx_word' id='word_1_14' title='bbox 1270 410 1333 456; x_wconf 94' lang='lat' dir='ltr'><strong>non</strong></span> <span class='ocrx_word' id='word_1_15' title='bbox 1354 391 1393 456; x_wconf 87' lang='lat' dir='ltr'><strong>ad</strong></span> <span class='ocrx_word' id='word_1_16' title='bbox 1415 408 1522 477; x_wconf 89' lang='lat' dir='ltr'><strong>popa·</strong></span> 
     </span>
     <span class='ocr_line' id='line_1_3' title="bbox 202 483 1524 569; baseline -0.01 -11"><span class='ocrx_word' id='word_1_17' title='bbox 202 494 282 566; x_wconf 86' lang='lat' dir='ltr'><strong>lam,</strong></span> <span class='ocrx_word' id='word_1_18' title='bbox 313 489 369 555; x_wconf 84' lang='lat' dir='ltr'><strong>sed</strong></span> <span class='ocrx_word' id='word_1_19' title='bbox 398 488 440 553; x_wconf 88' lang='lat' dir='ltr'><strong>ad</strong></span> <span class='ocrx_word' id='word_1_20' title='bbox 466 487 522 552; x_wconf 84' lang='lat' dir='ltr'><strong>tris</strong></span> <span class='ocrx_word' id='word_1_21' title='bbox 551 487 692 552; x_wconf 89' lang='lat' dir='ltr'><strong>bomines</strong></span> <span class='ocrx_word' id='word_1_22' title='bbox 719 487 941 552; x_wconf 90' lang='lat' dir='ltr'><strong>immoderatos</strong></span> <span class='ocrx_word' id='word_1_23' title='bbox 967 484 1092 549; x_wconf 89' lang='lat' dir='ltr'><strong>redacta</strong></span> <span class='ocrx_word' id='word_1_24' title='bbox 1121 484 1180 557; x_wconf 86' lang='lat' dir='ltr'><strong>sit,</strong></span> <span class='ocrx_word' id='word_1_25' title='bbox 1213 483 1289 569; x_wconf 89' lang='lat' dir='ltr'><strong>quid</strong></span> <span class='ocrx_word' id='word_1_26' title='bbox 1318 485 1381 549; x_wconf 90' lang='lat' dir='ltr'><strong>iam</strong></span> <span class='ocrx_word' id='word_1_27' title='bbox 1407 502 1524 548; x_wconf 80' lang='lat' dir='ltr'><strong>censos</strong></span> 
     </span>
     <span class='ocr_line' id='line_1_4' title="bbox 202 576 1522 664; baseline -0.009 -12"><span class='ocrx_word' id='word_1_28' title='bbox 202 585 301 652; x_wconf 79' lang='lat' dir='ltr'><strong>l&#39;oret</strong></span> <span class='ocrx_word' id='word_1_29' title='bbox 342 580 477 648; x_wconf 82' lang='lat' dir='ltr'>Proinde</span> <span class='ocrx_word' id='word_1_30' title='bbox 504 580 556 645; x_wconf 90' lang='lat' dir='ltr'><strong>isti</strong></span> <span class='ocrx_word' id='word_1_31' title='bbox 587 581 659 646; x_wconf 88' lang='lat' dir='ltr'><strong>licei</strong></span> <span class='ocrx_word' id='word_1_32' title='bbox 686 582 812 655; x_wconf 82' lang='lat' dir='ltr'><strong>iaciant,</strong></span> <span class='ocrx_word' id='word_1_33' title='bbox 845 599 925 664; x_wconf 82' lang='lat' dir='ltr'><strong>quos</strong></span> <span class='ocrx_word' id='word_1_34' title='bbox 946 580 1066 651; x_wconf 82' lang='lat' dir='ltr'><strong>volent,</strong></span> <span class='ocrx_word' id='word_1_35' title='bbox 1098 578 1257 651; x_wconf 85' lang='lat' dir='ltr'><strong>consules,</strong></span> <span class='ocrx_word' id='word_1_36' title='bbox 1291 578 1436 643; x_wconf 86' lang='lat' dir='ltr'><strong>tribunos</strong></span> <span class='ocrx_word' id='word_1_37' title='bbox 1459 576 1522 662; x_wconf 83' lang='lat' dir='ltr'><strong>pl..</strong></span> 
     </span>
     <span class='ocr_line' id='line_1_5' title="bbox 203 670 1523 763; baseline -0.006 -21"><span class='ocrx_word' id='word_1_38' title='bbox 203 678 336 763; x_wconf 89' lang='lat' dir='ltr'><strong>denique</strong></span> <span class='ocrx_word' id='word_1_39' title='bbox 358 675 451 740; x_wconf 90' lang='lat' dir='ltr'><strong>etiam</strong></span> <span class='ocrx_word' id='word_1_40' title='bbox 466 674 580 740; x_wconf 88' lang='lat' dir='ltr'><strong>Vatinii</strong></span> <span class='ocrx_word' id='word_1_41' title='bbox 601 684 751 740; x_wconf 88' lang='lat' dir='ltr'><strong>strumam</strong></span> <span class='ocrx_word' id='word_1_42' title='bbox 772 672 937 739; x_wconf 87' lang='lat' dir='ltr'><strong>sacerdotii</strong></span> <span class='ocrx_word' id='word_1_43' title='bbox 959 675 1092 755; x_wconf 78' lang='grc' dir='ltr'><strong><em>διβάφῳ</em></strong></span> <span class='ocrx_word' id='word_1_44' title='bbox 1115 672 1262 749; x_wconf 87' lang='lat' dir='ltr'><strong>vestiant;</strong></span> <span class='ocrx_word' id='word_1_45' title='bbox 1283 672 1404 738; x_wconf 72' lang='lat' dir='ltr'><strong>eldebis</strong></span> <span class='ocrx_word' id='word_1_46' title='bbox 1426 670 1523 736; x_wconf 84' lang='lat' dir='ltr'><strong>brevi</strong></span> 
     </span>
     <span class='ocr_line' id='line_1_6' title="bbox 186 763 1523 856; baseline -0.005 -21"><span class='ocrx_word' id='word_1_47' title='bbox 186 781 343 856; x_wconf 63' lang='lat' dir='ltr'><strong>»tempore</strong></span> <span class='ocrx_word' id='word_1_48' title='bbox 370 788 500 853; x_wconf 78' lang='lat' dir='ltr'><strong>magnos</strong></span> <span class='ocrx_word' id='word_1_49' title='bbox 527 789 591 833; x_wconf 93' lang='lat' dir='ltr'><strong>non</strong></span> <span class='ocrx_word' id='word_1_50' title='bbox 611 767 707 833; x_wconf 93' lang='lat' dir='ltr'><strong>modo</strong></span> <span class='ocrx_word' id='word_1_51' title='bbox 729 789 800 840; x_wconf 90' lang='lat' dir='ltr'><strong>eos,</strong></span> <span class='ocrx_word' id='word_1_52' title='bbox 834 772 886 853; x_wconf 88' lang='lat' dir='ltr'><strong>qui</strong></span> <span class='ocrx_word' id='word_1_53' title='bbox 915 766 992 832; x_wconf 87' lang='lat' dir='ltr'>nihil</span> <span class='ocrx_word' id='word_1_54' title='bbox 1013 765 1201 840; x_wconf 87' lang='lat' dir='ltr'><strong>titubarunt,</strong></span> <span class='ocrx_word' id='word_1_55' title='bbox 1230 763 1285 830; x_wconf 87' lang='lat' dir='ltr'><strong>sed</strong></span> <span class='ocrx_word' id='word_1_56' title='bbox 1314 766 1407 830; x_wconf 90' lang='lat' dir='ltr'><strong>ctiam</strong></span> <span class='ocrx_word' id='word_1_57' title='bbox 1429 764 1523 830; x_wconf 90' lang='lat' dir='ltr'><strong>illum</strong></span> 
     </span>
     <span class='ocr_line' id='line_1_7' title="bbox 201 859 1523 950; baseline -0.005 -21"><span class='ocrx_word' id='word_1_58' title='bbox 201 864 322 950; x_wconf 84' lang='lat' dir='ltr'><strong>ipsum,</strong></span> <span class='ocrx_word' id='word_1_59' title='bbox 355 862 410 948; x_wconf 88' lang='lat' dir='ltr'><strong>qui</strong></span> <span class='ocrx_word' id='word_1_60' title='bbox 435 861 594 947; x_wconf 85' lang='lat' dir='ltr'><strong>peccavit,</strong></span> <span class='ocrx_word' id='word_1_61' title='bbox 627 866 784 928; x_wconf 89' lang='lat' dir='ltr'><strong>Catonem.</strong></span> <span class='ocrx_word' id='word_1_62' title='bbox 841 865 873 926; x_wconf 84' lang='lat'><strong>3.</strong></span> <span class='ocrx_word' id='word_1_63' title='bbox 899 865 975 925; x_wconf 90' lang='lat' dir='ltr'><strong>Nam</strong></span> <span class='ocrx_word' id='word_1_64' title='bbox 1003 881 1060 926; x_wconf 89' lang='lat' dir='ltr'><strong>nos</strong></span> <span class='ocrx_word' id='word_1_65' title='bbox 1094 859 1241 947; x_wconf 86' lang='lat' dir='ltr'><strong>quidem,</strong></span> <span class='ocrx_word' id='word_1_66' title='bbox 1275 860 1301 924; x_wconf 91' lang='lat' dir='ltr'><strong>si</strong></span> <span class='ocrx_word' id='word_1_67' title='bbox 1333 881 1391 946; x_wconf 89' lang='lat' dir='ltr'><strong>per</strong></span> <span class='ocrx_word' id='word_1_68' title='bbox 1423 859 1523 924; x_wconf 83' lang='lat' dir='ltr'><strong>istum</strong></span> 
     </span>
     <span class='ocr_line' id='line_1_8' title="bbox 201 952 1522 1038; baseline -0.007 -15"><span class='ocrx_word' id='word_1_69' title='bbox 201 967 289 1023; x_wconf 89' lang='lat' dir='ltr'><strong>tuam</strong></span> <span class='ocrx_word' id='word_1_70' title='bbox 316 954 455 1022; x_wconf 84' lang='lat' dir='ltr'><strong>sodalem</strong></span> <span class='ocrx_word' id='word_1_71' title='bbox 483 954 627 1021; x_wconf 89' lang='lat' dir='ltr'><strong>Publium</strong></span> <span class='ocrx_word' id='word_1_72' title='bbox 658 953 783 1029; x_wconf 82' lang='lat' dir='ltr'><strong>licebit,</strong></span> <span class='ocrx_word' id='word_1_73' title='bbox 820 956 1026 1035; x_wconf 70' lang='grc' dir='ltr'><strong><em>σοφιστεύειν</em></strong></span> <span class='ocrx_word' id='word_1_74' title='bbox 1057 954 1248 1038; x_wconf 82' lang='lat' dir='ltr'><strong>cogitamus;</strong></span> <span class='ocrx_word' id='word_1_75' title='bbox 1284 953 1311 1018; x_wconf 92' lang='lat' dir='ltr'><strong>si</strong></span> <span class='ocrx_word' id='word_1_76' title='bbox 1337 953 1390 1019; x_wconf 93' lang='lat' dir='ltr'><strong>ille</strong></span> <span class='ocrx_word' id='word_1_77' title='bbox 1417 952 1522 1036; x_wconf 77' lang='lat' dir='ltr'><strong>cogit,</strong></span> 
     </span>
     <span class='ocr_line' id='line_1_9' title="bbox 201 1046 1523 1134; baseline -0.006 -18"><span class='ocrx_word' id='word_1_78' title='bbox 201 1060 267 1116; x_wconf 87' lang='lat' dir='ltr'><strong>tam</strong></span> <span class='ocrx_word' id='word_1_79' title='bbox 289 1049 450 1115; x_wconf 79' lang='lat' dir='ltr'><strong>dumtaxat</strong></span> <span class='ocrx_word' id='word_1_80' title='bbox 470 1070 528 1114; x_wconf 88' lang='lat' dir='ltr'><strong>nos</strong></span> <span class='ocrx_word' id='word_1_81' title='bbox 549 1048 733 1127; x_wconf 81' lang='lat' dir='ltr'><strong>delendcre3</strong></span> <span class='ocrx_word' id='word_1_82' title='bbox 756 1058 802 1123; x_wconf 85' lang='lat' dir='ltr'><strong>et,</strong></span> <span class='ocrx_word' id='word_1_83' title='bbox 834 1047 919 1134; x_wconf 93' lang='lat' dir='ltr'><strong>quod</strong></span> <span class='ocrx_word' id='word_1_84' title='bbox 941 1057 988 1113; x_wconf 89' lang='lat' dir='ltr'><strong>est</strong></span> <span class='ocrx_word' id='word_1_85' title='bbox 1008 1047 1171 1134; x_wconf 87' lang='lat' dir='ltr'><strong>proprium</strong></span> <span class='ocrx_word' id='word_1_86' title='bbox 1193 1051 1268 1112; x_wconf 89' lang='lat' dir='ltr'><strong>artis</strong></span> <span class='ocrx_word' id='word_1_87' title='bbox 1290 1046 1395 1120; x_wconf 87' lang='lat' dir='ltr'><strong>buius,</strong></span> <span class='ocrx_word' id='word_1_88' title='bbox 1416 1057 1523 1126; x_wconf 73' lang='grc' dir='ltr'><strong><em>ιἰιαγ-</em></strong></span> 
     </span>
    </p>
   </div>
   <div class='ocr_carea' id='block_1_3' title="bbox 170 1147 1243 1372">
    <p class='ocr_par' dir='ltr' id='par_1_3' title="bbox 170 1147 1243 1372">
     <span class='ocr_line' id='line_1_10' title="bbox 201 1147 359 1229; baseline 0 -19"><span class='ocrx_word' id='word_1_89' title='bbox 201 1147 359 1229; x_wconf 72' lang='grc' dir='ltr'><strong><em>γέλλομαν</em></strong></span> 
     </span>
     <span class='ocr_line' id='line_1_11' title="bbox 170 1283 1243 1372; baseline 0.007 -30"><span class='ocrx_word' id='word_1_90' title='bbox 170 1300 197 1342; x_wconf 81' lang='lat' dir='ltr'><strong>io</strong></span> <span class='ocrx_word' id='word_1_91' title='bbox 364 1285 476 1372; x_wconf 74' lang='lat' dir='ltr'><strong>”Ardp&#39;</strong></span> <span class='ocrx_word' id='word_1_92' title='bbox 499 1285 731 1370; x_wconf 61' lang='grc' dir='ltr'><strong><em>ἀπαμύνεσθαι</em></strong></span> <span class='ocrx_word' id='word_1_93' title='bbox 752 1284 805 1350; x_wconf 83' lang='grc' dir='ltr'><strong>ὅτε</strong></span> <span class='ocrx_word' id='word_1_94' title='bbox 828 1311 873 1359; x_wconf 81' lang='grc' dir='ltr'><strong>τις</strong></span> <span class='ocrx_word' id='word_1_95' title='bbox 895 1283 1049 1370; x_wconf 78' lang='grc' dir='ltr'><strong>πρότερος</strong></span> <span class='ocrx_word' id='word_1_96' title='bbox 1070 1283 1243 1368; x_wconf 75' lang='grc' dir='ltr'><em>χαλεπήνῃ.</em></span> 
     </span>
    </p>
   </div>
   <div class='ocr_carea' id='block_1_4' title="bbox 173 1421 1524 2165">
    <p class='ocr_par' dir='ltr' id='par_1_4' title="bbox 202 1421 1524 1789">
     <span class='ocr_line' id='line_1_12' title="bbox 202 1421 1522 1510; baseline -0.004 -20"><span class='ocrx_word' id='word_1_97' title='bbox 202 1423 303 1490; x_wconf 86' lang='lat' dir='ltr'><strong>Patria</strong></span> <span class='ocrx_word' id='word_1_98' title='bbox 324 1424 459 1510; x_wconf 88' lang='lat' dir='ltr'><strong>propitia</strong></span> <span class='ocrx_word' id='word_1_99' title='bbox 480 1424 535 1501; x_wconf 90' lang='lat' dir='ltr'><strong>sit;</strong></span> <span class='ocrx_word' id='word_1_100' title='bbox 557 1422 689 1488; x_wconf 88' lang='lat' dir='ltr'><strong>habeta</strong></span> <span class='ocrx_word' id='word_1_101' title='bbox 711 1421 816 1496; x_wconf 82' lang='lat' dir='ltr'><strong>nobis.</strong></span> <span class='ocrx_word' id='word_1_102' title='bbox 841 1422 959 1488; x_wconf 90' lang='lat' dir='ltr'><strong>etiamsi</strong></span> <span class='ocrx_word' id='word_1_103' title='bbox 982 1444 1045 1487; x_wconf 94' lang='lat' dir='ltr'><strong>non</strong></span> <span class='ocrx_word' id='word_1_104' title='bbox 1066 1422 1151 1509; x_wconf 89' lang='lat' dir='ltr'><strong>plus,</strong></span> <span class='ocrx_word' id='word_1_105' title='bbox 1173 1443 1267 1509; x_wconf 90' lang='lat' dir='ltr'><strong>quam</strong></span> <span class='ocrx_word' id='word_1_106' title='bbox 1289 1421 1430 1487; x_wconf 90' lang='lat' dir='ltr'><strong>debitum</strong></span> <span class='ocrx_word' id='word_1_107' title='bbox 1452 1429 1522 1492; x_wconf 86' lang='lat' dir='ltr'><strong>est,</strong></span> 
     </span>
     <span class='ocr_line' id='line_1_13' title="bbox 203 1512 1523 1603; baseline -0.005 -21"><span class='ocrx_word' id='word_1_108' title='bbox 203 1516 274 1603; x_wconf 89' lang='lat' dir='ltr'><strong>plus</strong></span> <span class='ocrx_word' id='word_1_109' title='bbox 304 1527 412 1592; x_wconf 88' lang='lat' dir='ltr'><strong>certe,</strong></span> <span class='ocrx_word' id='word_1_110' title='bbox 449 1538 542 1602; x_wconf 89' lang='lat' dir='ltr'><strong>quam</strong></span> <span class='ocrx_word' id='word_1_111' title='bbox 572 1516 761 1602; x_wconf 88' lang='lat' dir='ltr'><strong>postulatum</strong></span> <span class='ocrx_word' id='word_1_112' title='bbox 790 1525 846 1580; x_wconf 85' lang='lat' dir='ltr'><strong>ost.</strong></span> <span class='ocrx_word' id='word_1_113' title='bbox 910 1516 988 1593; x_wconf 82' lang='lat' dir='ltr'><strong>Male</strong></span> <span class='ocrx_word' id='word_1_114' title='bbox 1018 1515 1089 1581; x_wconf 86' lang='lat' dir='ltr'><strong>vehi</strong></span> <span class='ocrx_word' id='word_1_115' title='bbox 1119 1516 1201 1579; x_wconf 91' lang='lat' dir='ltr'><strong>malo</strong></span> <span class='ocrx_word' id='word_1_116' title='bbox 1232 1512 1294 1578; x_wconf 89' lang='lat' dir='ltr'><strong>alio</strong></span> <span class='ocrx_word' id='word_1_117' title='bbox 1325 1514 1523 1599; x_wconf 68' lang='lat' dir='ltr'><strong>gubernante</strong></span> 
     </span>
     <span class='ocr_line' id='line_1_14' title="bbox 203 1607 1524 1695; baseline -0.004 -20"><span class='ocrx_word' id='word_1_118' title='bbox 203 1630 297 1695; x_wconf 88' lang='lat' dir='ltr'><strong>qnam</strong></span> <span class='ocrx_word' id='word_1_119' title='bbox 317 1618 379 1674; x_wconf 91' lang='lat' dir='ltr'><strong>tam</strong></span> <span class='ocrx_word' id='word_1_120' title='bbox 400 1611 529 1693; x_wconf 76' lang='lat' dir='ltr'><strong>ingratis</strong></span> <span class='ocrx_word' id='word_1_121' title='bbox 550 1608 729 1675; x_wconf 82' lang='lat' dir='ltr'><strong>vectoribus</strong></span> <span class='ocrx_word' id='word_1_122' title='bbox 750 1608 831 1674; x_wconf 86' lang='lat' dir='ltr'><strong>bene</strong></span> <span class='ocrx_word' id='word_1_123' title='bbox 852 1607 1036 1695; x_wconf 75' lang='lat' dir='ltr'><strong>gubernare.</strong></span> <span class='ocrx_word' id='word_1_124' title='bbox 1078 1613 1109 1674; x_wconf 77' lang='grc'><strong>4.</strong></span> <span class='ocrx_word' id='word_1_125' title='bbox 1126 1608 1187 1674; x_wconf 91' lang='lat' dir='ltr'><strong>Sed</strong></span> <span class='ocrx_word' id='word_1_126' title='bbox 1208 1608 1286 1672; x_wconf 89' lang='lat' dir='ltr'><strong>baec</strong></span> <span class='ocrx_word' id='word_1_127' title='bbox 1307 1629 1412 1673; x_wconf 86' lang='lat' dir='ltr'><strong>coram</strong></span> <span class='ocrx_word' id='word_1_128' title='bbox 1434 1629 1524 1673; x_wconf 90' lang='lat' dir='ltr'><strong>com-</strong></span> 
     </span>
     <span class='ocr_line' id='line_1_15' title="bbox 203 1701 1524 1789; baseline -0.003 -22"><span class='ocrx_word' id='word_1_129' title='bbox 203 1703 336 1769; x_wconf 91' lang='lat' dir='ltr'><strong>modius.</strong></span> <span class='ocrx_word' id='word_1_130' title='bbox 389 1708 476 1768; x_wconf 90' lang='lat' dir='ltr'><strong>Nunc</strong></span> <span class='ocrx_word' id='word_1_131' title='bbox 497 1702 586 1777; x_wconf 89' lang='lat' dir='ltr'><strong>audi,</strong></span> <span class='ocrx_word' id='word_1_132' title='bbox 616 1702 703 1789; x_wconf 87' lang='lat' dir='ltr'><strong>quod</strong></span> <span class='ocrx_word' id='word_1_133' title='bbox 723 1703 859 1788; x_wconf 83' lang='lat' dir='ltr'><strong>quaeris.</strong></span> <span class='ocrx_word' id='word_1_134' title='bbox 908 1708 1034 1785; x_wconf 85' lang='lat' dir='ltr'><strong>Antium</strong></span> <span class='ocrx_word' id='word_1_135' title='bbox 1055 1725 1105 1767; x_wconf 94' lang='lat' dir='ltr'><strong>me</strong></span> <span class='ocrx_word' id='word_1_136' title='bbox 1128 1723 1167 1767; x_wconf 81' lang='lat' dir='ltr'><strong>ex</strong></span> <span class='ocrx_word' id='word_1_137' title='bbox 1189 1703 1355 1767; x_wconf 86' lang='lat' dir='ltr'><strong>Formiano</strong></span> <span class='ocrx_word' id='word_1_138' title='bbox 1376 1701 1524 1786; x_wconf 84' lang='lat' dir='ltr'><strong>recipere</strong></span> 
     </span>
    </p>

    <p class='ocr_par' dir='ltr' id='par_1_5' title="bbox 173 1793 1524 2165">
     <span class='ocr_line' id='line_1_16' title="bbox 173 1793 1524 1882; baseline 0.001 -26"><span class='ocrx_word' id='word_1_139' title='bbox 173 1796 307 1880; x_wconf 76' lang='lat' dir='ltr'><strong>iacogito</strong></span> <span class='ocrx_word' id='word_1_140' title='bbox 328 1817 356 1861; x_wconf 90' lang='lat' dir='ltr'><strong>a.</strong></span> <span class='ocrx_word' id='word_1_141' title='bbox 378 1797 408 1862; x_wconf 90' lang='lat' dir='ltr'><strong>d.</strong></span> <span class='ocrx_word' id='word_1_142' title='bbox 430 1817 463 1861; x_wconf 75' lang='lat' dir='ltr'><strong>V.</strong></span> <span class='ocrx_word' id='word_1_143' title='bbox 484 1802 562 1862; x_wconf 88' lang='lat' dir='ltr'><strong>Non.</strong></span> <span class='ocrx_word' id='word_1_144' title='bbox 591 1796 663 1862; x_wconf 85' lang='lat' dir='ltr'><strong>Mai.</strong></span> <span class='ocrx_word' id='word_1_145' title='bbox 718 1797 811 1862; x_wconf 84' lang='lat' dir='ltr'><strong>Antio</strong></span> <span class='ocrx_word' id='word_1_146' title='bbox 836 1796 910 1862; x_wconf 84' lang='lat' dir='ltr'><strong>volo</strong></span> <span class='ocrx_word' id='word_1_147' title='bbox 938 1801 1016 1862; x_wconf 90' lang='lat' dir='ltr'><strong>Non.</strong></span> <span class='ocrx_word' id='word_1_148' title='bbox 1043 1796 1112 1862; x_wconf 87' lang='lat' dir='ltr'><strong>Mai</strong></span> <span class='ocrx_word' id='word_1_149' title='bbox 1143 1794 1298 1882; x_wconf 81' lang='lat' dir='ltr'><strong>proticisci</strong></span> <span class='ocrx_word' id='word_1_150' title='bbox 1319 1796 1351 1859; x_wconf 93' lang='lat' dir='ltr'><strong>in</strong></span> <span class='ocrx_word' id='word_1_151' title='bbox 1372 1793 1524 1859; x_wconf 88' lang='lat' dir='ltr'><strong>Tuscula-</strong></span> 
     </span>
     <span class='ocr_line' id='line_1_17' title="bbox 202 1887 1523 1976; baseline -0.002 -23"><span class='ocrx_word' id='word_1_152' title='bbox 202 1910 286 1954; x_wconf 89' lang='lat' dir='ltr'><strong>num.</strong></span> <span class='ocrx_word' id='word_1_153' title='bbox 337 1889 399 1956; x_wconf 89' lang='lat' dir='ltr'><strong>Sed</strong></span> <span class='ocrx_word' id='word_1_154' title='bbox 420 1911 491 1955; x_wconf 91' lang='lat' dir='ltr'><strong>aum</strong></span> <span class='ocrx_word' id='word_1_155' title='bbox 513 1911 531 1954; x_wconf 92' lang='lat' dir='ltr'><strong>e</strong></span> <span class='ocrx_word' id='word_1_156' title='bbox 552 1890 718 1955; x_wconf 88' lang='lat' dir='ltr'><strong>Formiano</strong></span> <span class='ocrx_word' id='word_1_157' title='bbox 739 1888 866 1955; x_wconf 90' lang='lat' dir='ltr'><strong>rediero</strong></span> <span class='ocrx_word' id='word_1_158' title='bbox 888 1926 929 1938; x_wconf 93' lang='lat'><strong>-·—</strong></span> <span class='ocrx_word' id='word_1_159' title='bbox 950 1889 996 1955; x_wconf 91' lang='lat' dir='ltr'><strong>ibi</strong></span> <span class='ocrx_word' id='word_1_160' title='bbox 1017 1911 1085 1956; x_wconf 87' lang='lat' dir='ltr'><strong>esse</strong></span> <span class='ocrx_word' id='word_1_161' title='bbox 1108 1911 1206 1976; x_wconf 91' lang='lat' dir='ltr'><strong>nsque</strong></span> <span class='ocrx_word' id='word_1_162' title='bbox 1228 1889 1267 1954; x_wconf 91' lang='lat' dir='ltr'><strong>ad</strong></span> <span class='ocrx_word' id='word_1_163' title='bbox 1287 1890 1368 1975; x_wconf 87' lang='lat' dir='ltr'>prid.</span> <span class='ocrx_word' id='word_1_164' title='bbox 1388 1887 1523 1971; x_wconf 85' lang='lat' dir='ltr'><strong>Kalend.</strong></span> 
     </span>
     <span class='ocr_line' id='line_1_18' title="bbox 201 1982 1524 2059; baseline -0.001 -11"><span class='ocrx_word' id='word_1_165' title='bbox 201 1982 273 2048; x_wconf 85' lang='lat' dir='ltr'><strong>blai.</strong></span> <span class='ocrx_word' id='word_1_166' title='bbox 294 1983 368 2049; x_wconf 88' lang='lat' dir='ltr'><strong>volo</strong></span> <span class='ocrx_word' id='word_1_167' title='bbox 388 2019 450 2059; x_wconf 84' lang='grc'><strong>-,</strong></span> <span class='ocrx_word' id='word_1_168' title='bbox 471 1982 582 2048; x_wconf 82' lang='lat' dir='ltr'><strong>faciam</strong></span> <span class='ocrx_word' id='word_1_169' title='bbox 604 1984 707 2048; x_wconf 82' lang='lat' dir='ltr'><strong>statim</strong></span> <span class='ocrx_word' id='word_1_170' title='bbox 729 1992 759 2048; x_wconf 88' lang='lat' dir='ltr'><strong>te</strong></span> <span class='ocrx_word' id='word_1_171' title='bbox 781 1984 959 2050; x_wconf 83' lang='lat' dir='ltr'><strong>certiorem.</strong></span> <span class='ocrx_word' id='word_1_172' title='bbox 1016 1983 1160 2050; x_wconf 86' lang='lat' dir='ltr'><strong>Terentia</strong></span> <span class='ocrx_word' id='word_1_173' title='bbox 1180 1982 1237 2048; x_wconf 89' lang='lat' dir='ltr'><strong>tibi</strong></span> <span class='ocrx_word' id='word_1_174' title='bbox 1258 1983 1397 2048; x_wconf 88' lang='lat' dir='ltr'><strong>salntem.</strong></span> <span class='ocrx_word' id='word_1_175' title='bbox 1455 1984 1524 2047; x_wconf 87' lang='grc' dir='ltr'><strong>Κι-</strong></span> 
     </span>
     <span class='ocr_line' id='line_1_19' title="bbox 201 2070 1017 2165; baseline 0.007 -23"><span class='ocrx_word' id='word_1_176' title='bbox 201 2088 302 2164; x_wconf 77' lang='grc' dir='ltr'><strong><em>κέρων</em></strong></span> <span class='ocrx_word' id='word_1_177' title='bbox 323 2080 342 2142; x_wconf 87' lang='grc' dir='ltr'><em>ὃ</em></span> <span class='ocrx_word' id='word_1_178' title='bbox 362 2075 480 2165; x_wconf 75' lang='grc' dir='ltr'><strong><em>μικρός</em></strong></span> <span class='ocrx_word' id='word_1_179' title='bbox 501 2070 684 2157; x_wconf 76' lang='grc' dir='ltr'><strong><em>ἀσπάζεται</em></strong></span> <span class='ocrx_word' id='word_1_180' title='bbox 707 2082 806 2144; x_wconf 82' lang='grc' dir='ltr'><strong><em>Τίτον</em></strong></span> <span class='ocrx_word' id='word_1_181' title='bbox 821 2080 1017 2157; x_wconf 60' lang='grc' dir='ltr'><strong>ΙἈθηναῖον.</strong></span> 
     </span>
    </p>
   </div>
   <div class='ocr_carea' id='block_1_5' title="bbox 685 2215 1034 2302">
    <p class='ocr_par' dir='ltr' id='par_1_6' title="bbox 685 2215 1034 2302">
     <span class='ocr_line' id='line_1_20' title="bbox 685 2215 1034 2302; baseline 0.003 -20"><span class='ocrx_word' id='word_1_182' title='bbox 685 2215 1034 2302; x_wconf 64' lang='lat' dir='ltr'><strong>umnam)</strong></span> 
     </span>
    </p>
   </div>
   <div class='ocr_carea' id='block_1_6' title="bbox 166 2341 1042 2406">
    <p class='ocr_par' dir='ltr' id='par_1_7' title="bbox 166 2341 1042 2406">
     <span class='ocr_line' id='line_1_21' title="bbox 166 2341 1042 2406; baseline -0.003 0"><span class='ocrx_word' id='word_1_183' title='bbox 166 2349 196 2392; x_wconf 74' lang='lat'><strong>&#39;²⁰</strong></span> <span class='ocrx_word' id='word_1_184' title='bbox 681 2342 823 2406; x_wconf 82' lang='lat' dir='ltr'>CICERO</span> <span class='ocrx_word' id='word_1_185' title='bbox 844 2341 987 2405; x_wconf 76' lang='lat' dir='ltr'>ATTICO</span> <span class='ocrx_word' id='word_1_186' title='bbox 1010 2342 1042 2404; x_wconf 90' lang='lat' dir='ltr'><strong>S.</strong></span> 
     </span>
    </p>
   </div>
   <div class='ocr_carea' id='block_1_7' title="bbox 168 2446 1525 3005">
    <p class='ocr_par' dir='ltr' id='par_1_8' title="bbox 285 2446 1524 2536">
     <span class='ocr_line' id='line_1_22' title="bbox 285 2446 1524 2536; baseline -0.002 -20"><span class='ocrx_word' id='word_1_187' title='bbox 285 2449 367 2516; x_wconf 87' lang='lat' dir='ltr'><strong>Volo</strong></span> <span class='ocrx_word' id='word_1_188' title='bbox 393 2471 478 2516; x_wconf 87' lang='lat' dir='ltr'><strong>ames</strong></span> <span class='ocrx_word' id='word_1_189' title='bbox 503 2446 612 2515; x_wconf 87' lang='lat' dir='ltr'><strong>meam</strong></span> <span class='ocrx_word' id='word_1_190' title='bbox 632 2451 846 2517; x_wconf 85' lang='lat' dir='ltr'><strong>constantiam.</strong></span> <span class='ocrx_word' id='word_1_191' title='bbox 899 2451 1005 2515; x_wconf 87' lang='lat' dir='ltr'><strong>Ludos</strong></span> <span class='ocrx_word' id='word_1_192' title='bbox 1030 2449 1121 2515; x_wconf 79' lang='lat' dir='ltr'><strong>Antii</strong></span> <span class='ocrx_word' id='word_1_193' title='bbox 1143 2459 1283 2536; x_wconf 89' lang='lat' dir='ltr'><strong>spectare</strong></span> <span class='ocrx_word' id='word_1_194' title='bbox 1316 2472 1378 2516; x_wconf 94' lang='lat' dir='ltr'><strong>non</strong></span> <span class='ocrx_word' id='word_1_195' title='bbox 1409 2449 1524 2535; x_wconf 78' lang='lat' dir='ltr'><strong>placet</strong></span> 
     </span>
    </p>

    <p class='ocr_par' dir='ltr' id='par_1_9' title="bbox 203 2542 1525 2629">
     <span class='ocr_line' id='line_1_23' title="bbox 203 2542 1525 2629; baseline 0 -22"><span class='ocrx_word' id='word_1_196' title='bbox 203 2547 258 2608; x_wconf 83' lang='lat' dir='ltr'><strong>Eat</strong></span> <span class='ocrx_word' id='word_1_197' title='bbox 284 2546 368 2608; x_wconf 90' lang='lat' dir='ltr'><strong>enim</strong></span> <span class='ocrx_word' id='word_1_198' title='bbox 394 2545 629 2619; x_wconf 76' lang='grc' dir='ltr'><strong><em>ὑποσόλσικσν,</em></strong></span> <span class='ocrx_word' id='word_1_199' title='bbox 660 2564 731 2609; x_wconf 91' lang='lat' dir='ltr'><strong>cum</strong></span> <span class='ocrx_word' id='word_1_200' title='bbox 758 2544 850 2609; x_wconf 88' lang='lat' dir='ltr'><strong>velim</strong></span> <span class='ocrx_word' id='word_1_201' title='bbox 875 2544 974 2609; x_wconf 81' lang='lat' dir='ltr'><strong>vitare</strong></span> <span class='ocrx_word' id='word_1_202' title='bbox 1001 2543 1142 2609; x_wconf 91' lang='lat' dir='ltr'><strong>omnium</strong></span> <span class='ocrx_word' id='word_1_203' title='bbox 1167 2542 1347 2609; x_wconf 88' lang='lat' dir='ltr'><strong>deliciarum</strong></span> <span class='ocrx_word' id='word_1_204' title='bbox 1369 2542 1525 2629; x_wconf 88' lang='lat' dir='ltr'><strong>suspicio-</strong></span> 
     </span>
    </p>

    <p class='ocr_par' dir='ltr' id='par_1_10' title="bbox 204 2637 1525 2723">
     <span class='ocr_line' id='line_1_24' title="bbox 204 2637 1525 2723; baseline 0 -23"><span class='ocrx_word' id='word_1_205' title='bbox 204 2657 291 2711; x_wconf 86' lang='lat' dir='ltr'><strong>nem,</strong></span> <span class='ocrx_word' id='word_1_206' title='bbox 320 2647 450 2722; x_wconf 88' lang='lat' dir='ltr'><strong>repente</strong></span> <span class='ocrx_word' id='word_1_207' title='bbox 479 2641 727 2719; x_wconf 63' lang='lat' dir='ltr'><strong>dicenturnam</strong></span> <span class='ocrx_word' id='word_1_208' title='bbox 748 2657 813 2703; x_wconf 94' lang='lat' dir='ltr'><strong>non</strong></span> <span class='ocrx_word' id='word_1_209' title='bbox 833 2637 934 2704; x_wconf 88' lang='lat' dir='ltr'><strong>solam</strong></span> <span class='ocrx_word' id='word_1_210' title='bbox 957 2637 1086 2702; x_wconf 82' lang='lat' dir='ltr'><strong>delicate</strong></span> <span class='ocrx_word' id='word_1_211' title='bbox 1115 2637 1170 2701; x_wconf 92' lang='lat' dir='ltr'><strong>sed</strong></span> <span class='ocrx_word' id='word_1_212' title='bbox 1192 2638 1285 2702; x_wconf 91' lang='lat' dir='ltr'><strong>etiam</strong></span> <span class='ocrx_word' id='word_1_213' title='bbox 1306 2639 1409 2723; x_wconf 88' lang='lat' dir='ltr'><strong>inepte</strong></span> <span class='ocrx_word' id='word_1_214' title='bbox 1430 2658 1525 2723; x_wconf 89' lang='lat' dir='ltr'><strong>pere·</strong></span> 
     </span>
    </p>

    <p class='ocr_par' dir='ltr' id='par_1_11' title="bbox 204 2730 1524 2818">
     <span class='ocr_line' id='line_1_25' title="bbox 204 2730 1524 2818; baseline 0 -25"><span class='ocrx_word' id='word_1_215' title='bbox 204 2730 386 2814; x_wconf 79' lang='lat' dir='ltr'><strong>grinantem.</strong></span> <span class='ocrx_word' id='word_1_216' title='bbox 430 2734 535 2809; x_wconf 84' lang='lat' dir='ltr'><strong>Quare</strong></span> <span class='ocrx_word' id='word_1_217' title='bbox 556 2753 657 2818; x_wconf 86' lang='lat' dir='ltr'><strong>usqne</strong></span> <span class='ocrx_word' id='word_1_218' title='bbox 679 2732 716 2796; x_wconf 89' lang='lat' dir='ltr'><strong>ad</strong></span> <span class='ocrx_word' id='word_1_219' title='bbox 738 2738 816 2797; x_wconf 93' lang='lat' dir='ltr'><strong>Non.</strong></span> <span class='ocrx_word' id='word_1_220' title='bbox 839 2733 912 2797; x_wconf 85' lang='lat' dir='ltr'><strong>Mai.</strong></span> <span class='ocrx_word' id='word_1_221' title='bbox 925 2742 955 2796; x_wconf 90' lang='lat' dir='ltr'><strong>te</strong></span> <span class='ocrx_word' id='word_1_222' title='bbox 970 2732 1001 2796; x_wconf 94' lang='lat' dir='ltr'><strong>in</strong></span> <span class='ocrx_word' id='word_1_223' title='bbox 1016 2733 1183 2797; x_wconf 84' lang='lat' dir='ltr'><strong>Formiana</strong></span> <span class='ocrx_word' id='word_1_224' title='bbox 1204 2731 1402 2818; x_wconf 81' lang='lat' dir='ltr'><strong>exspectabo.</strong></span> <span class='ocrx_word' id='word_1_225' title='bbox 1434 2737 1524 2795; x_wconf 89' lang='lat' dir='ltr'><strong>Nunc</strong></span> 
     </span>
    </p>

    <p class='ocr_par' dir='ltr' id='par_1_12' title="bbox 168 2821 1523 3005">
     <span class='ocr_line' id='line_1_26' title="bbox 168 2821 1523 2912; baseline 0.001 -26"><span class='ocrx_word' id='word_1_226' title='bbox 168 2821 268 2896; x_wconf 64' lang='lat' dir='ltr'><strong>vasae,</strong></span> <span class='ocrx_word' id='word_1_227' title='bbox 298 2830 333 2887; x_wconf 96' lang='lat' dir='ltr'><strong>ut</strong></span> <span class='ocrx_word' id='word_1_228' title='bbox 352 2824 464 2901; x_wconf 86' lang='lat' dir='ltr'><strong>sciam,</strong></span> <span class='ocrx_word' id='word_1_229' title='bbox 492 2844 556 2911; x_wconf 90' lang='lat' dir='ltr'><strong>qno</strong></span> <span class='ocrx_word' id='word_1_230' title='bbox 577 2825 629 2890; x_wconf 90' lang='lat' dir='ltr'><strong>die</strong></span> <span class='ocrx_word' id='word_1_231' title='bbox 650 2836 681 2890; x_wconf 88' lang='lat' dir='ltr'><strong>te</strong></span> <span class='ocrx_word' id='word_1_232' title='bbox 703 2825 803 2892; x_wconf 88' lang='lat' dir='ltr'><strong>visuri</strong></span> <span class='ocrx_word' id='word_1_233' title='bbox 825 2827 932 2892; x_wconf 88' lang='lat' dir='ltr'><strong>simus.</strong></span> <span class='ocrx_word' id='word_1_234' title='bbox 981 2824 1027 2890; x_wconf 79' lang='lat' dir='ltr'><strong>Ab</strong></span> <span class='ocrx_word' id='word_1_235' title='bbox 1048 2825 1140 2912; x_wconf 82' lang='lat' dir='ltr'>Appii</span> <span class='ocrx_word' id='word_1_236' title='bbox 1161 2831 1262 2900; x_wconf 86' lang='lat' dir='ltr'><strong>Foro,</strong></span> <span class='ocrx_word' id='word_1_237' title='bbox 1291 2827 1369 2891; x_wconf 89' lang='lat' dir='ltr'><strong>bora</strong></span> <span class='ocrx_word' id='word_1_238' title='bbox 1400 2833 1523 2911; x_wconf 87' lang='lat' dir='ltr'><strong>quarta.</strong></span> 
     </span>
     <span class='ocr_line' id='line_1_27' title="bbox 205 2916 1009 3005; baseline 0.005 -25"><span class='ocrx_word' id='word_1_239' title='bbox 205 2916 359 2981; x_wconf 84' lang='lat' dir='ltr'><strong>Dederam</strong></span> <span class='ocrx_word' id='word_1_240' title='bbox 379 2916 473 2982; x_wconf 90' lang='lat' dir='ltr'><strong>aliam</strong></span> <span class='ocrx_word' id='word_1_241' title='bbox 493 2919 598 3005; x_wconf 91' lang='lat' dir='ltr'><strong>paullo</strong></span> <span class='ocrx_word' id='word_1_242' title='bbox 619 2929 690 2985; x_wconf 88' lang='lat' dir='ltr'><strong>ante</strong></span> <span class='ocrx_word' id='word_1_243' title='bbox 712 2919 826 2990; x_wconf 86' lang='lat' dir='ltr'><strong>Tribus</strong></span> <span class='ocrx_word' id='word_1_244' title='bbox 847 2919 1009 2985; x_wconf 90' lang='lat' dir='ltr'><strong>Tabernis.</strong></span> 
     </span>
    </p>
   </div>
   <div class='ocr_carea' id='block_1_8' title="bbox 674 3057 1041 3145">
    <p class='ocr_par' dir='ltr' id='par_1_13' title="bbox 674 3057 1041 3145">
     <span class='ocr_line' id='line_1_28' title="bbox 674 3057 1041 3145; baseline 0.003 -20"><span class='ocrx_word' id='word_1_245' title='bbox 674 3057 1041 3145; x_wconf 59' lang='lat' dir='ltr'><strong>nouam)</strong></span> 
     </span>
    </p>
   </div>
   <div class='ocr_carea' id='block_1_9' title="bbox 681 3183 1046 3249">
    <p class='ocr_par' dir='ltr' id='par_1_14' title="bbox 681 3183 1046 3249">
     <span class='ocr_line' id='line_1_29' title="bbox 681 3183 1046 3249; baseline -0.008 0"><span class='ocrx_word' id='word_1_246' title='bbox 681 3184 822 3249; x_wconf 84' lang='lat' dir='ltr'>CICERO</span> <span class='ocrx_word' id='word_1_247' title='bbox 844 3183 987 3247; x_wconf 78' lang='lat' dir='ltr'>ATTICO</span> <span class='ocrx_word' id='word_1_248' title='bbox 1015 3184 1046 3247; x_wconf 86' lang='lat' dir='ltr'><strong>S.</strong></span> 
     </span>
    </p>
   </div>
   <div class='ocr_carea' id='block_1_10' title="bbox 169 3292 1558 4036">
    <p class='ocr_par' dir='ltr' id='par_1_15' title="bbox 169 3292 1558 4036">
     <span class='ocr_line' id='line_1_30' title="bbox 290 3292 1523 3379; baseline -0.002 -21"><span class='ocrx_word' id='word_1_249' title='bbox 290 3299 319 3359; x_wconf 94' lang='grc'><strong>1.</strong></span> <span class='ocrx_word' id='word_1_250' title='bbox 346 3297 447 3359; x_wconf 88' lang='lat' dir='ltr'><strong>Narro</strong></span> <span class='ocrx_word' id='word_1_251' title='bbox 478 3292 553 3360; x_wconf 90' lang='lat' dir='ltr'><strong>tibi:</strong></span> <span class='ocrx_word' id='word_1_252' title='bbox 586 3293 677 3378; x_wconf 91' lang='lat' dir='ltr'><strong>plane</strong></span> <span class='ocrx_word' id='word_1_253' title='bbox 704 3294 859 3379; x_wconf 82' lang='lat' dir='ltr'><strong>relegatus</strong></span> <span class='ocrx_word' id='word_1_254' title='bbox 885 3293 962 3358; x_wconf 91' lang='lat' dir='ltr'><strong>mibi</strong></span> <span class='ocrx_word' id='word_1_255' title='bbox 988 3293 1118 3366; x_wconf 80' lang='lat' dir='ltr'><strong>videor,</strong></span> <span class='ocrx_word' id='word_1_256' title='bbox 1151 3303 1352 3379; x_wconf 89' lang='lat' dir='ltr'><strong>posteaquam</strong></span> <span class='ocrx_word' id='word_1_257' title='bbox 1387 3293 1420 3357; x_wconf 91' lang='lat' dir='ltr'><strong>in</strong></span> <span class='ocrx_word' id='word_1_258' title='bbox 1446 3298 1523 3358; x_wconf 87' lang='lat' dir='ltr'><strong>For·</strong></span> 
     </span>
     <span class='ocr_line' id='line_1_31' title="bbox 170 3385 1558 3472; baseline 0.001 -23"><span class='ocrx_word' id='word_1_259' title='bbox 170 3385 309 3453; x_wconf 68' lang='lat' dir='ltr'><strong>cumiano</strong></span> <span class='ocrx_word' id='word_1_260' title='bbox 336 3408 416 3454; x_wconf 86' lang='lat' dir='ltr'><strong>sum.</strong></span> <span class='ocrx_word' id='word_1_261' title='bbox 473 3388 548 3454; x_wconf 84' lang='lat' dir='ltr'><strong>Dies</strong></span> <span class='ocrx_word' id='word_1_262' title='bbox 575 3388 658 3452; x_wconf 91' lang='lat' dir='ltr'><strong>enim</strong></span> <span class='ocrx_word' id='word_1_263' title='bbox 688 3387 790 3453; x_wconf 90' lang='lat' dir='ltr'><strong>nullus</strong></span> <span class='ocrx_word' id='word_1_264' title='bbox 817 3397 899 3462; x_wconf 89' lang='lat' dir='ltr'><strong>erat,</strong></span> <span class='ocrx_word' id='word_1_265' title='bbox 932 3387 1015 3452; x_wconf 76' lang='lat' dir='ltr'><strong>Antii</strong></span> <span class='ocrx_word' id='word_1_266' title='bbox 1043 3407 1114 3452; x_wconf 91' lang='lat' dir='ltr'><strong>cnm</strong></span> <span class='ocrx_word' id='word_1_267' title='bbox 1143 3407 1260 3460; x_wconf 85' lang='lat' dir='ltr'><strong>essem,</strong></span> <span class='ocrx_word' id='word_1_268' title='bbox 1293 3408 1358 3472; x_wconf 87' lang='lat' dir='ltr'><strong>quo</strong></span> <span class='ocrx_word' id='word_1_269' title='bbox 1384 3386 1436 3452; x_wconf 94' lang='lat' dir='ltr'><strong>die</strong></span> <span class='ocrx_word' id='word_1_270' title='bbox 1458 3408 1523 3452; x_wconf 95' lang='lat' dir='ltr'><strong>non</strong></span> <span class='ocrx_word' id='word_1_271' title='bbox 1555 3429 1558 3433; x_wconf 92' lang='lat'>-</span> 
     </span>
     <span class='ocr_line' id='line_1_32' title="bbox 205 3480 1525 3570; baseline 0.001 -27"><span class='ocrx_word' id='word_1_272' title='bbox 205 3480 315 3545; x_wconf 89' lang='lat' dir='ltr'><strong>melius</strong></span> <span class='ocrx_word' id='word_1_273' title='bbox 336 3482 465 3556; x_wconf 87' lang='lat' dir='ltr'><strong>scirem,</strong></span> <span class='ocrx_word' id='word_1_274' title='bbox 493 3488 609 3548; x_wconf 80' lang='lat' dir='ltr'><strong>Itomae</strong></span> <span class='ocrx_word' id='word_1_275' title='bbox 632 3482 707 3570; x_wconf 87' lang='lat' dir='ltr'><strong>qnid</strong></span> <span class='ocrx_word' id='word_1_276' title='bbox 728 3494 892 3567; x_wconf 82' lang='lat' dir='ltr'><strong>ageretur,</strong></span> <span class='ocrx_word' id='word_1_277' title='bbox 921 3502 1014 3568; x_wconf 92' lang='lat' dir='ltr'><strong>qnam</strong></span> <span class='ocrx_word' id='word_1_278' title='bbox 1034 3481 1073 3556; x_wconf 88' lang='lat' dir='ltr'><strong>ii,</strong></span> <span class='ocrx_word' id='word_1_279' title='bbox 1096 3480 1150 3567; x_wconf 87' lang='lat' dir='ltr'><strong>qui</strong></span> <span class='ocrx_word' id='word_1_280' title='bbox 1172 3489 1260 3544; x_wconf 91' lang='lat' dir='ltr'><strong>erant</strong></span> <span class='ocrx_word' id='word_1_281' title='bbox 1280 3485 1408 3545; x_wconf 82' lang='lat' dir='ltr'><strong>Romae.</strong></span> <span class='ocrx_word' id='word_1_282' title='bbox 1451 3485 1525 3544; x_wconf 84' lang='lat' dir='ltr'><strong>Ete-</strong></span> 
     </span>
     <span class='ocr_line' id='line_1_33' title="bbox 204 3572 1523 3661; baseline 0.001 -25"><span class='ocrx_word' id='word_1_283' title='bbox 204 3572 270 3637; x_wconf 92' lang='lat' dir='ltr'><strong>nim</strong></span> <span class='ocrx_word' id='word_1_284' title='bbox 290 3572 410 3639; x_wconf 89' lang='lat' dir='ltr'><strong>litterae</strong></span> <span class='ocrx_word' id='word_1_285' title='bbox 432 3584 503 3640; x_wconf 88' lang='lat' dir='ltr'><strong>tuae</strong></span> <span class='ocrx_word' id='word_1_286' title='bbox 524 3596 588 3640; x_wconf 94' lang='lat' dir='ltr'><strong>non</strong></span> <span class='ocrx_word' id='word_1_287' title='bbox 608 3576 710 3640; x_wconf 93' lang='lat' dir='ltr'><strong>solum</strong></span> <span class='ocrx_word' id='word_1_288' title='bbox 732 3574 806 3661; x_wconf 89' lang='lat' dir='ltr'><strong>quid</strong></span> <span class='ocrx_word' id='word_1_289' title='bbox 828 3581 965 3650; x_wconf 85' lang='lat' dir='ltr'><strong>Romae,</strong></span> <span class='ocrx_word' id='word_1_290' title='bbox 987 3573 1042 3639; x_wconf 91' lang='lat' dir='ltr'><strong>sed</strong></span> <span class='ocrx_word' id='word_1_291' title='bbox 1065 3574 1158 3638; x_wconf 88' lang='lat' dir='ltr'><strong>etiam</strong></span> <span class='ocrx_word' id='word_1_292' title='bbox 1181 3573 1254 3659; x_wconf 90' lang='lat' dir='ltr'><strong>qnid</strong></span> <span class='ocrx_word' id='word_1_293' title='bbox 1276 3573 1365 3637; x_wconf 85' lang='lat' dir='ltr'><strong>inre</strong></span> <span class='ocrx_word' id='word_1_294' title='bbox 1387 3572 1523 3658; x_wconf 86' lang='lat' dir='ltr'><strong>publica,</strong></span> 
     </span>
     <span class='ocr_line' id='line_1_34' title="bbox 204 3666 1522 3756; baseline -0.002 -24"><span class='ocrx_word' id='word_1_295' title='bbox 204 3686 307 3753; x_wconf 89' lang='lat' dir='ltr'><strong>neque</strong></span> <span class='ocrx_word' id='word_1_296' title='bbox 332 3667 434 3733; x_wconf 90' lang='lat' dir='ltr'><strong>solum</strong></span> <span class='ocrx_word' id='word_1_297' title='bbox 463 3667 538 3754; x_wconf 83' lang='lat' dir='ltr'><strong>quid</strong></span> <span class='ocrx_word' id='word_1_298' title='bbox 567 3667 673 3742; x_wconf 88' lang='lat' dir='ltr'><strong>lieret,</strong></span> <span class='ocrx_word' id='word_1_299' title='bbox 702 3690 814 3735; x_wconf 85' lang='lat' dir='ltr'><strong>veram</strong></span> <span class='ocrx_word' id='word_1_300' title='bbox 836 3669 929 3735; x_wconf 90' lang='lat' dir='ltr'><strong>etiam</strong></span> <span class='ocrx_word' id='word_1_301' title='bbox 950 3669 1027 3756; x_wconf 89' lang='lat' dir='ltr'><strong>quid</strong></span> <span class='ocrx_word' id='word_1_302' title='bbox 1047 3667 1187 3734; x_wconf 88' lang='lat' dir='ltr'><strong>laturum</strong></span> <span class='ocrx_word' id='word_1_303' title='bbox 1210 3676 1306 3741; x_wconf 86' lang='lat' dir='ltr'><strong>esset,</strong></span> <span class='ocrx_word' id='word_1_304' title='bbox 1335 3666 1522 3732; x_wconf 88' lang='lat' dir='ltr'><strong>indicabant.</strong></span> 
     </span>
     <span class='ocr_line' id='line_1_35' title="bbox 205 3760 1522 3848; baseline -0.001 -23"><span class='ocrx_word' id='word_1_305' title='bbox 205 3763 308 3835; x_wconf 86' lang='lat' dir='ltr'><strong>Nunc,</strong></span> <span class='ocrx_word' id='word_1_306' title='bbox 336 3761 396 3826; x_wconf 87' lang='lat' dir='ltr'><strong>nisi</strong></span> <span class='ocrx_word' id='word_1_307' title='bbox 426 3766 451 3827; x_wconf 91' lang='lat' dir='ltr'><strong>si</strong></span> <span class='ocrx_word' id='word_1_308' title='bbox 480 3761 555 3848; x_wconf 87' lang='lat' dir='ltr'><strong>quid</strong></span> <span class='ocrx_word' id='word_1_309' title='bbox 580 3783 621 3828; x_wconf 82' lang='lat' dir='ltr'><strong>ex</strong></span> <span class='ocrx_word' id='word_1_310' title='bbox 646 3773 865 3848; x_wconf 89' lang='lat' dir='ltr'><strong>praetereunte</strong></span> <span class='ocrx_word' id='word_1_311' title='bbox 892 3764 1012 3829; x_wconf 82' lang='lat' dir='ltr'><strong>viatore</strong></span> <span class='ocrx_word' id='word_1_312' title='bbox 1041 3772 1206 3848; x_wconf 79' lang='lat' dir='ltr'><strong>exceptum</strong></span> <span class='ocrx_word' id='word_1_313' title='bbox 1234 3770 1299 3836; x_wconf 88' lang='lat' dir='ltr'><strong>est,</strong></span> <span class='ocrx_word' id='word_1_314' title='bbox 1335 3760 1415 3824; x_wconf 88' lang='lat' dir='ltr'><strong>scire</strong></span> <span class='ocrx_word' id='word_1_315' title='bbox 1444 3760 1522 3825; x_wconf 91' lang='lat' dir='ltr'><strong>nibil</strong></span> 
     </span>
     <span class='ocr_line' id='line_1_36' title="bbox 169 3853 1523 3943; baseline 0.002 -28"><span class='ocrx_word' id='word_1_316' title='bbox 169 3868 382 3939; x_wconf 75' lang='lat' dir='ltr'><strong>sapossnmus.</strong></span> <span class='ocrx_word' id='word_1_317' title='bbox 426 3857 532 3933; x_wconf 88' lang='lat' dir='ltr'><strong>Quare</strong></span> <span class='ocrx_word' id='word_1_318' title='bbox 553 3878 740 3943; x_wconf 88' lang='lat' dir='ltr'><strong>quamquam</strong></span> <span class='ocrx_word' id='word_1_319' title='bbox 762 3858 823 3923; x_wconf 89' lang='lat' dir='ltr'><strong>iam</strong></span> <span class='ocrx_word' id='word_1_320' title='bbox 845 3866 875 3921; x_wconf 88' lang='lat' dir='ltr'><strong>te</strong></span> <span class='ocrx_word' id='word_1_321' title='bbox 896 3858 999 3942; x_wconf 91' lang='lat' dir='ltr'><strong>ipsum</strong></span> <span class='ocrx_word' id='word_1_322' title='bbox 1020 3865 1185 3942; x_wconf 84' lang='lat' dir='ltr'><strong>exspecto,</strong></span> <span class='ocrx_word' id='word_1_323' title='bbox 1208 3865 1310 3919; x_wconf 90' lang='lat' dir='ltr'><strong>tamen</strong></span> <span class='ocrx_word' id='word_1_324' title='bbox 1331 3853 1382 3918; x_wconf 90' lang='lat' dir='ltr'><strong>isti</strong></span> <span class='ocrx_word' id='word_1_325' title='bbox 1403 3874 1523 3939; x_wconf 88' lang='lat' dir='ltr'><strong>puero.</strong></span> 
     </span>
     <span class='ocr_line' id='line_1_37' title="bbox 208 3947 1524 4036; baseline -0.002 -24"><span class='ocrx_word' id='word_1_326' title='bbox 208 3968 301 4033; x_wconf 90' lang='lat' dir='ltr'><strong>quem</strong></span> <span class='ocrx_word' id='word_1_327' title='bbox 327 3949 367 4015; x_wconf 91' lang='lat' dir='ltr'><strong>ad</strong></span> <span class='ocrx_word' id='word_1_328' title='bbox 392 3970 444 4014; x_wconf 90' lang='lat' dir='ltr'><strong>me</strong></span> <span class='ocrx_word' id='word_1_329' title='bbox 464 3949 566 4016; x_wconf 88' lang='lat' dir='ltr'><strong>statim</strong></span> <span class='ocrx_word' id='word_1_330' title='bbox 592 3950 669 4016; x_wconf 85' lang='lat' dir='ltr'><strong>iussi</strong></span> <span class='ocrx_word' id='word_1_331' title='bbox 695 3970 877 4026; x_wconf 89' lang='lat' dir='ltr'><strong>recurrere,</strong></span> <span class='ocrx_word' id='word_1_332' title='bbox 906 3950 945 4016; x_wconf 94' lang='lat' dir='ltr'><strong>da</strong></span> <span class='ocrx_word' id='word_1_333' title='bbox 970 3950 1180 4036; x_wconf 87' lang='lat' dir='ltr'><strong>ponderosam</strong></span> <span class='ocrx_word' id='word_1_334' title='bbox 1201 3948 1337 4033; x_wconf 85' lang='lat' dir='ltr'><strong>aliquam</strong></span> <span class='ocrx_word' id='word_1_335' title='bbox 1358 3947 1524 4033; x_wconf 90' lang='lat' dir='ltr'><strong>epistolam</strong></span> 
     </span>
    </p>
   </div>
   <div class='ocr_carea' id='block_1_11' title="bbox 206 4165 1593 4864">
    <p class='ocr_par' dir='ltr' id='par_1_16' title="bbox 206 4165 1593 4864">
     <span class='ocr_line' id='line_1_38' title="bbox 275 4165 1522 4232; baseline 0.002 -14"><span class='ocrx_word' id='word_1_336' title='bbox 275 4169 303 4218; x_wconf 73' lang='lat'><strong>2.</strong></span> <span class='ocrx_word' id='word_1_337' title='bbox 322 4165 440 4231; x_wconf 68' lang='lat' dir='ltr'><strong>cedma]</strong></span> <span class='ocrx_word' id='word_1_338' title='bbox 460 4171 563 4219; x_wconf 83' lang='lat' dir='ltr'><strong>tralata</strong></span> <span class='ocrx_word' id='word_1_339' title='bbox 586 4182 647 4218; x_wconf 90' lang='lat' dir='ltr'><strong>cam</strong></span> <span class='ocrx_word' id='word_1_340' title='bbox 673 4183 728 4232; x_wconf 72' lang='lat' dir='ltr'><strong>mg.</strong></span> <span class='ocrx_word' id='word_1_341' title='bbox 748 4169 889 4219; x_wconf 85' lang='lat' dir='ltr'><strong>Cratandri</strong></span> <span class='ocrx_word' id='word_1_342' title='bbox 907 4168 1063 4218; x_wconf 80' lang='lat' dir='ltr'><strong>Lambinus.</strong></span> <span class='ocrx_word' id='word_1_343' title='bbox 1096 4192 1127 4204; x_wconf 95' lang='lat'>-</span> <span class='ocrx_word' id='word_1_344' title='bbox 1163 4168 1226 4231; x_wconf 76' lang='lat' dir='ltr'><strong>qaid</strong></span> <span class='ocrx_word' id='word_1_345' title='bbox 1242 4169 1337 4217; x_wconf 85' lang='lat' dir='ltr'><strong>iamIi</strong></span> <span class='ocrx_word' id='word_1_346' title='bbox 1366 4169 1410 4220; x_wconf 83' lang='lat' dir='ltr'><strong>tot</strong></span> <span class='ocrx_word' id='word_1_347' title='bbox 1427 4167 1522 4228; x_wconf 71' lang='lat' dir='ltr'><strong>Plani:</strong></span> 
     </span>
     <span class='ocr_line' id='line_1_39' title="bbox 208 4238 1525 4303; baseline 0.002 -15"><span class='ocrx_word' id='word_1_348' title='bbox 208 4240 270 4303; x_wconf 72' lang='lat' dir='ltr'><strong>qaid</strong></span> <span class='ocrx_word' id='word_1_349' title='bbox 287 4240 367 4289; x_wconf 79' lang='lat' dir='ltr'><strong>ctiam</strong></span> <span class='ocrx_word' id='word_1_350' title='bbox 385 4240 397 4289; x_wconf 96' lang='lat' dir='ltr'>I</span> <span class='ocrx_word' id='word_1_351' title='bbox 415 4245 442 4289; x_wconf 83' lang='lat' dir='ltr'><strong>et</strong></span> <span class='ocrx_word' id='word_1_352' title='bbox 459 4254 500 4302; x_wconf 86' lang='lat' dir='ltr'><strong>pr.</strong></span> <span class='ocrx_word' id='word_1_353' title='bbox 519 4239 561 4295; x_wconf 81' lang='lat' dir='ltr'>III,</span> <span class='ocrx_word' id='word_1_354' title='bbox 591 4240 716 4303; x_wconf 75' lang='lat' dir='ltr'><strong>quidnam</strong></span> <span class='ocrx_word' id='word_1_355' title='bbox 736 4240 756 4289; x_wconf 85' lang='lat' dir='ltr'>E</span> <span class='ocrx_word' id='word_1_356' title='bbox 776 4245 804 4289; x_wconf 89' lang='lat' dir='ltr'><strong>et</strong></span> <span class='ocrx_word' id='word_1_357' title='bbox 820 4253 891 4288; x_wconf 85' lang='lat' dir='ltr'><strong>corr.</strong></span> <span class='ocrx_word' id='word_1_358' title='bbox 909 4240 947 4288; x_wconf 85' lang='grc' dir='ltr'><strong>Μ.</strong></span> <span class='ocrx_word' id='word_1_359' title='bbox 980 4263 1009 4273; x_wconf 92' lang='grc'>-</span> <span class='ocrx_word' id='word_1_360' title='bbox 1047 4239 1072 4288; x_wconf 84' lang='grc'><strong>3.</strong></span> <span class='ocrx_word' id='word_1_361' title='bbox 1093 4239 1139 4287; x_wconf 78' lang='lat' dir='ltr'><strong>tri.</strong></span> <span class='ocrx_word' id='word_1_362' title='bbox 1156 4238 1208 4299; x_wconf 83' lang='lat' dir='ltr'><strong>pte.</strong></span> <span class='ocrx_word' id='word_1_363' title='bbox 1227 4240 1323 4286; x_wconf 84' lang='lat' dir='ltr'><strong>etiam:</strong></span> <span class='ocrx_word' id='word_1_364' title='bbox 1339 4239 1431 4290; x_wconf 77' lang='lat' dir='ltr'><strong>deindo</strong></span> <span class='ocrx_word' id='word_1_365' title='bbox 1451 4243 1525 4291; x_wconf 79' lang='lat' dir='ltr'><strong>I&#39;ati-</strong></span> 
     </span>
     <span class='ocr_line' id='line_1_40' title="bbox 207 4307 1523 4373; baseline 0.004 -16"><span class='ocrx_word' id='word_1_366' title='bbox 207 4311 248 4358; x_wconf 83' lang='lat' dir='ltr'><strong>nii</strong></span> <span class='ocrx_word' id='word_1_367' title='bbox 265 4309 288 4358; x_wconf 95' lang='lat' dir='ltr'><strong>l.</strong></span> <span class='ocrx_word' id='word_1_368' title='bbox 309 4332 340 4344; x_wconf 89' lang='lat'>-</span> <span class='ocrx_word' id='word_1_369' title='bbox 375 4309 401 4358; x_wconf 84' lang='grc'><strong>6.</strong></span> <span class='ocrx_word' id='word_1_370' title='bbox 419 4310 539 4371; x_wconf 85' lang='lat' dir='ltr'><strong>paccaoit</strong></span> <span class='ocrx_word' id='word_1_371' title='bbox 558 4307 599 4367; x_wconf 82' lang='lat' dir='ltr'><strong>II,</strong></span> <span class='ocrx_word' id='word_1_372' title='bbox 615 4311 723 4371; x_wconf 82' lang='lat' dir='ltr'><strong>pacavit</strong></span> <span class='ocrx_word' id='word_1_373' title='bbox 742 4310 764 4358; x_wconf 87' lang='lat' dir='ltr'><strong>I.</strong></span> <span class='ocrx_word' id='word_1_374' title='bbox 786 4335 815 4346; x_wconf 93' lang='lat'>-</span> <span class='ocrx_word' id='word_1_375' title='bbox 852 4309 879 4359; x_wconf 88' lang='grc'><strong>’1.</strong></span> <span class='ocrx_word' id='word_1_376' title='bbox 897 4312 983 4373; x_wconf 78' lang='lat' dir='ltr'><strong>capit,</strong></span> <span class='ocrx_word' id='word_1_377' title='bbox 1003 4317 1058 4358; x_wconf 84' lang='lat' dir='ltr'><strong>tam</strong></span> <span class='ocrx_word' id='word_1_378' title='bbox 1076 4307 1210 4357; x_wconf 81' lang='lat' dir='ltr'><strong>OreIIIua:</strong></span> <span class='ocrx_word' id='word_1_379' title='bbox 1229 4309 1297 4370; x_wconf 77' lang='lat' dir='ltr'><strong>capit</strong></span> <span class='ocrx_word' id='word_1_380' title='bbox 1315 4315 1394 4358; x_wconf 74' lang='lat' dir='ltr'><strong>raaia</strong></span> <span class='ocrx_word' id='word_1_381' title='bbox 1412 4317 1467 4360; x_wconf 84' lang='lat' dir='ltr'><strong>tam</strong></span> <span class='ocrx_word' id='word_1_382' title='bbox 1486 4314 1523 4372; x_wconf 74' lang='lat' dir='ltr'><strong>I,</strong></span> 
     </span>
     <span class='ocr_line' id='line_1_41' title="bbox 208 4370 1525 4443; baseline 0 -17"><span class='ocrx_word' id='word_1_383' title='bbox 208 4380 427 4441; x_wconf 64' lang='lat' dir='ltr'><strong>conclamantum</strong></span> <span class='ocrx_word' id='word_1_384' title='bbox 443 4379 523 4438; x_wconf 79' lang='lat' dir='ltr'><strong>bllil,</strong></span> <span class='ocrx_word' id='word_1_385' title='bbox 542 4380 610 4442; x_wconf 77' lang='lat' dir='ltr'><strong>capit</strong></span> <span class='ocrx_word' id='word_1_386' title='bbox 628 4370 719 4437; x_wconf 77' lang='grc' dir='ltr'><strong><em>ἄνια,</em></strong></span> <span class='ocrx_word' id='word_1_387' title='bbox 739 4384 793 4428; x_wconf 79' lang='lat' dir='ltr'><strong>tam</strong></span> <span class='ocrx_word' id='word_1_388' title='bbox 811 4387 921 4428; x_wconf 85' lang='lat' dir='ltr'><strong>auctore</strong></span> <span class='ocrx_word' id='word_1_389' title='bbox 939 4380 1019 4429; x_wconf 79' lang='lat' dir='ltr'><strong>Basia</strong></span> <span class='ocrx_word' id='word_1_390' title='bbox 1037 4379 1068 4429; x_wconf 80' lang='lat' dir='ltr'><strong>ll.</strong></span> <span class='ocrx_word' id='word_1_391' title='bbox 1088 4404 1120 4413; x_wconf 97' lang='lat'><strong>—</strong></span> <span class='ocrx_word' id='word_1_392' title='bbox 1155 4377 1182 4426; x_wconf 86' lang='grc'><strong>8.</strong></span> <span class='ocrx_word' id='word_1_393' title='bbox 1202 4377 1329 4442; x_wconf 67' lang='lat' dir='ltr'><strong>operidere</strong></span> <span class='ocrx_word' id='word_1_394' title='bbox 1349 4378 1369 4428; x_wconf 89' lang='lat'><strong>1.</strong></span> <span class='ocrx_word' id='word_1_395' title='bbox 1394 4405 1428 4414; x_wconf 92' lang='lat'>-</span> <span class='ocrx_word' id='word_1_396' title='bbox 1463 4396 1525 4443; x_wconf 60' lang='lat' dir='ltr'><strong>pra</strong></span> 
     </span>
     <span class='ocr_line' id='line_1_42' title="bbox 206 4441 1523 4518; baseline 0.005 -22"><span class='ocrx_word' id='word_1_397' title='bbox 206 4449 296 4510; x_wconf 65' lang='grc' dir='ltr'><strong><em>ρήναν</em></strong></span> <span class='ocrx_word' id='word_1_398' title='bbox 312 4454 349 4497; x_wconf 79' lang='lat' dir='ltr'><strong>eat</strong></span> <span class='ocrx_word' id='word_1_399' title='bbox 369 4449 391 4497; x_wconf 89' lang='lat'><strong>1.</strong></span> <span class='ocrx_word' id='word_1_400' title='bbox 409 4474 443 4483; x_wconf 94' lang='grc'><strong>-</strong></span> <span class='ocrx_word' id='word_1_401' title='bbox 479 4450 521 4498; x_wconf 84' lang='grc'><strong>10.</strong></span> <span class='ocrx_word' id='word_1_402' title='bbox 539 4441 632 4518; x_wconf 79' lang='grc' dir='ltr'><strong><em>ἄνδρα</em></strong></span> <span class='ocrx_word' id='word_1_403' title='bbox 650 4442 817 4511; x_wconf 56' lang='grc' dir='ltr'><strong><em>ἀμύνεσθαι</em></strong></span> <span class='ocrx_word' id='word_1_404' title='bbox 834 4449 893 4499; x_wconf 82' lang='lat' dir='ltr'><strong>bili.</strong></span> <span class='ocrx_word' id='word_1_405' title='bbox 915 4473 945 4483; x_wconf 89' lang='lat'>-</span> <span class='ocrx_word' id='word_1_406' title='bbox 982 4450 1025 4498; x_wconf 72' lang='lat'><strong>12.</strong></span> <span class='ocrx_word' id='word_1_407' title='bbox 1044 4445 1127 4511; x_wconf 78' lang='lat' dir='ltr'><strong>anolo]</strong></span> <span class='ocrx_word' id='word_1_408' title='bbox 1146 4447 1224 4496; x_wconf 81' lang='lat' dir='ltr'><strong>malle</strong></span> <span class='ocrx_word' id='word_1_409' title='bbox 1242 4462 1282 4509; x_wconf 91' lang='lat' dir='ltr'><strong>pr.</strong></span> <span class='ocrx_word' id='word_1_410' title='bbox 1303 4448 1347 4508; x_wconf 83' lang='lat' dir='ltr'><strong>ld,</strong></span> <span class='ocrx_word' id='word_1_411' title='bbox 1366 4451 1434 4500; x_wconf 78' lang='lat' dir='ltr'><strong>male</strong></span> <span class='ocrx_word' id='word_1_412' title='bbox 1452 4465 1523 4502; x_wconf 84' lang='lat' dir='ltr'><strong>corr.</strong></span> 
     </span>
     <span class='ocr_line' id='line_1_43' title="bbox 208 4513 1523 4582; baseline 0.002 -13"><span class='ocrx_word' id='word_1_413' title='bbox 208 4516 247 4569; x_wconf 76' lang='lat' dir='ltr'><strong>id.</strong></span> <span class='ocrx_word' id='word_1_414' title='bbox 283 4514 371 4578; x_wconf 76' lang='lat' dir='ltr'><strong>(Malo</strong></span> <span class='ocrx_word' id='word_1_415' title='bbox 388 4519 446 4568; x_wconf 79' lang='lat' dir='ltr'><strong>ocbt</strong></span> <span class='ocrx_word' id='word_1_416' title='bbox 462 4518 529 4567; x_wconf 82' lang='lat' dir='ltr'><strong>mate</strong></span> <span class='ocrx_word' id='word_1_417' title='bbox 546 4519 657 4567; x_wconf 74' lang='lat' dir='ltr'><strong>Arcens.</strong></span> <span class='ocrx_word' id='word_1_418' title='bbox 678 4513 786 4579; x_wconf 78' lang='lat' dir='ltr'><strong>tertia.)</strong></span> <span class='ocrx_word' id='word_1_419' title='bbox 802 4542 836 4551; x_wconf 91' lang='lat'>-</span> <span class='ocrx_word' id='word_1_420' title='bbox 873 4520 915 4568; x_wconf 72' lang='lat' dir='ltr'><strong>ile.</strong></span> <span class='ocrx_word' id='word_1_421' title='bbox 934 4520 1011 4578; x_wconf 82' lang='lat' dir='ltr'><strong>audi,</strong></span> <span class='ocrx_word' id='word_1_422' title='bbox 1031 4517 1110 4582; x_wconf 74' lang='lat' dir='ltr'><strong>qaod]</strong></span> <span class='ocrx_word' id='word_1_423' title='bbox 1131 4518 1167 4566; x_wconf 89' lang='lat' dir='ltr'><strong>ad</strong></span> <span class='ocrx_word' id='word_1_424' title='bbox 1184 4518 1225 4570; x_wconf 82' lang='lat' dir='ltr'><strong>id.</strong></span> <span class='ocrx_word' id='word_1_425' title='bbox 1244 4518 1312 4580; x_wconf 80' lang='lat' dir='ltr'><strong>qaod</strong></span> <span class='ocrx_word' id='word_1_426' title='bbox 1330 4519 1394 4568; x_wconf 83' lang='lat' dir='ltr'><strong>Ccd.</strong></span> <span class='ocrx_word' id='word_1_427' title='bbox 1415 4521 1523 4573; x_wconf 70' lang='lat' dir='ltr'><strong>fairni.</strong></span> 
     </span>
     <span class='ocr_line' id='line_1_44' title="bbox 213 4583 1522 4650; baseline 0.004 -14"><span class='ocrx_word' id='word_1_428' title='bbox 213 4611 241 4623; x_wconf 90' lang='lat'><em>-</em></span> <span class='ocrx_word' id='word_1_429' title='bbox 261 4587 304 4636; x_wconf 84' lang='lat'><strong>17.</strong></span> <span class='ocrx_word' id='word_1_430' title='bbox 324 4587 402 4647; x_wconf 71' lang='lat' dir='ltr'><strong>itai]</strong></span> <span class='ocrx_word' id='word_1_431' title='bbox 421 4589 510 4636; x_wconf 73' lang='lat' dir='ltr'><strong>Iuniae</strong></span> <span class='ocrx_word' id='word_1_432' title='bbox 529 4588 559 4638; x_wconf 85' lang='lat' dir='ltr'><strong>n.</strong></span> <span class='ocrx_word' id='word_1_433' title='bbox 581 4584 650 4650; x_wconf 75' lang='lat' dir='ltr'><strong>(case</strong></span> <span class='ocrx_word' id='word_1_434' title='bbox 667 4588 726 4637; x_wconf 87' lang='lat' dir='ltr'><strong>acto</strong></span> <span class='ocrx_word' id='word_1_435' title='bbox 743 4601 822 4650; x_wconf 76' lang='lat' dir='ltr'><strong>aeque</strong></span> <span class='ocrx_word' id='word_1_436' title='bbox 839 4588 875 4636; x_wconf 87' lang='lat' dir='ltr'><strong>ad</strong></span> <span class='ocrx_word' id='word_1_437' title='bbox 890 4590 975 4650; x_wconf 78' lang='lat' dir='ltr'><strong>pridie</strong></span> <span class='ocrx_word' id='word_1_438' title='bbox 992 4590 1043 4639; x_wconf 86' lang='lat' dir='ltr'><strong>cai.</strong></span> <span class='ocrx_word' id='word_1_439' title='bbox 1062 4591 1145 4639; x_wconf 76' lang='grc' dir='ltr'><strong><em>σιαὶω</em></strong></span> <span class='ocrx_word' id='word_1_440' title='bbox 1164 4583 1199 4646; x_wconf 89' lang='lat'><strong>1.)</strong></span> <span class='ocrx_word' id='word_1_441' title='bbox 1224 4609 1252 4624; x_wconf 89' lang='lat'>-</span> <span class='ocrx_word' id='word_1_442' title='bbox 1288 4595 1312 4637; x_wconf 83' lang='lat' dir='ltr'><strong>te</strong></span> <span class='ocrx_word' id='word_1_443' title='bbox 1330 4592 1422 4644; x_wconf 78' lang='lat' dir='ltr'><strong>atatim</strong></span> <span class='ocrx_word' id='word_1_444' title='bbox 1438 4592 1471 4642; x_wconf 85' lang='lat' dir='ltr'><strong>a.</strong></span> <span class='ocrx_word' id='word_1_445' title='bbox 1492 4619 1522 4630; x_wconf 89' lang='lat'>-</span> 
     </span>
     <span class='ocr_line' id='line_1_45' title="bbox 211 4652 1523 4723; baseline 0.004 -16"><span class='ocrx_word' id='word_1_446' title='bbox 211 4656 346 4707; x_wconf 70' lang='lat' dir='ltr'><strong>Tonantio</strong></span> <span class='ocrx_word' id='word_1_447' title='bbox 363 4657 406 4717; x_wconf 85' lang='lat' dir='ltr'><strong>II,</strong></span> <span class='ocrx_word' id='word_1_448' title='bbox 437 4656 545 4719; x_wconf 84' lang='lat' dir='ltr'><strong>ubique.</strong></span> <span class='ocrx_word' id='word_1_449' title='bbox 574 4683 605 4692; x_wconf 91' lang='grc'><strong>-</strong></span> <span class='ocrx_word' id='word_1_450' title='bbox 644 4657 686 4706; x_wconf 87' lang='grc'><strong>18.</strong></span> <span class='ocrx_word' id='word_1_451' title='bbox 707 4657 793 4708; x_wconf 76' lang='grc' dir='ltr'><strong><em>Τίτον</em></strong></span> <span class='ocrx_word' id='word_1_452' title='bbox 811 4652 863 4708; x_wconf 80' lang='grc' dir='ltr'><strong>τὸν</strong></span> <span class='ocrx_word' id='word_1_453' title='bbox 881 4653 1029 4723; x_wconf 56' lang='grc' dir='ltr'><strong>Ἀθηναῖον</strong></span> <span class='ocrx_word' id='word_1_454' title='bbox 1047 4673 1108 4708; x_wconf 87' lang='lat' dir='ltr'><strong>cum</strong></span> <span class='ocrx_word' id='word_1_455' title='bbox 1128 4659 1206 4708; x_wconf 81' lang='lat' dir='ltr'><strong>lanta</strong></span> <span class='ocrx_word' id='word_1_456' title='bbox 1225 4656 1383 4709; x_wconf 78' lang='lat' dir='ltr'><strong>Lambinus.</strong></span> <span class='ocrx_word' id='word_1_457' title='bbox 1411 4685 1443 4697; x_wconf 94' lang='lat'><em>-</em></span> <span class='ocrx_word' id='word_1_458' title='bbox 1477 4664 1523 4712; x_wconf 77' lang='lat'><strong>21.</strong></span> 
     </span>
     <span class='ocr_line' id='line_1_46' title="bbox 209 4727 1593 4793; baseline 0.003 -15"><span class='ocrx_word' id='word_1_459' title='bbox 209 4728 384 4778; x_wconf 75' lang='lat' dir='ltr'><strong>cmutaatiam</strong></span> <span class='ocrx_word' id='word_1_460' title='bbox 402 4741 486 4776; x_wconf 82' lang='lat' dir='ltr'><strong>meam</strong></span> <span class='ocrx_word' id='word_1_461' title='bbox 504 4727 524 4775; x_wconf 92' lang='lat' dir='ltr'><strong>l.</strong></span> <span class='ocrx_word' id='word_1_462' title='bbox 555 4753 586 4762; x_wconf 91' lang='lat'>-</span> <span class='ocrx_word' id='word_1_463' title='bbox 623 4727 668 4777; x_wconf 75' lang='lat' dir='ltr'><strong>at.</strong></span> <span class='ocrx_word' id='word_1_464' title='bbox 688 4734 711 4777; x_wconf 84' lang='lat' dir='ltr'><strong>te</strong></span> <span class='ocrx_word' id='word_1_465' title='bbox 727 4740 805 4791; x_wconf 75' lang='lat' dir='ltr'><strong>acque</strong></span> <span class='ocrx_word' id='word_1_466' title='bbox 823 4727 859 4777; x_wconf 89' lang='lat' dir='ltr'><strong>ad</strong></span> <span class='ocrx_word' id='word_1_467' title='bbox 875 4729 943 4777; x_wconf 84' lang='lat' dir='ltr'><strong>Noa.</strong></span> <span class='ocrx_word' id='word_1_468' title='bbox 962 4729 1049 4779; x_wconf 78' lang='lat' dir='ltr'><strong>Maias</strong></span> <span class='ocrx_word' id='word_1_469' title='bbox 1066 4730 1094 4777; x_wconf 82' lang='lat' dir='ltr'><strong>ia</strong></span> <span class='ocrx_word' id='word_1_470' title='bbox 1110 4730 1141 4778; x_wconf 81' lang='lat' dir='ltr'><strong>a.</strong></span> <span class='ocrx_word' id='word_1_471' title='bbox 1171 4749 1204 4764; x_wconf 39' lang='grc' dir='ltr'><strong>κ·</strong></span> <span class='ocrx_word' id='word_1_472' title='bbox 1240 4728 1389 4778; x_wconf 69' lang='grc' dir='ltr'><strong>15.ιιισισι</strong></span> <span class='ocrx_word' id='word_1_473' title='bbox 1406 4730 1467 4781; x_wconf 78' lang='lat' dir='ltr'><strong>nin.</strong></span> <span class='ocrx_word' id='word_1_474' title='bbox 1493 4757 1524 4770; x_wconf 91' lang='lat'><strong>·-</strong></span> <span class='ocrx_word' id='word_1_475' title='bbox 1588 4786 1593 4793; x_wconf 60' lang='grc'><em>,</em></span> 
     </span>
     <span class='ocr_line' id='line_1_47' title="bbox 209 4793 1522 4864; baseline 0.001 -17"><span class='ocrx_word' id='word_1_476' title='bbox 209 4797 254 4847; x_wconf 73' lang='grc'><strong>211.</strong></span> <span class='ocrx_word' id='word_1_477' title='bbox 273 4804 370 4848; x_wconf 76' lang='lat' dir='ltr'><strong>antea</strong></span> <span class='ocrx_word' id='word_1_478' title='bbox 389 4797 481 4850; x_wconf 72' lang='lat' dir='ltr'><strong>Trica·</strong></span> <span class='ocrx_word' id='word_1_479' title='bbox 498 4796 545 4846; x_wconf 79' lang='lat' dir='ltr'><strong>III.</strong></span> <span class='ocrx_word' id='word_1_480' title='bbox 578 4823 607 4835; x_wconf 98' lang='lat'><em>-</em></span> <span class='ocrx_word' id='word_1_481' title='bbox 644 4799 688 4847; x_wconf 71' lang='lat'><strong>29.</strong></span> <span class='ocrx_word' id='word_1_482' title='bbox 705 4803 872 4858; x_wconf 70' lang='lat' dir='ltr'><strong>postcomm</strong></span> <span class='ocrx_word' id='word_1_483' title='bbox 888 4799 917 4846; x_wconf 84' lang='lat' dir='ltr'><strong>ia</strong></span> <span class='ocrx_word' id='word_1_484' title='bbox 940 4812 980 4860; x_wconf 85' lang='lat' dir='ltr'><strong>pr.</strong></span> <span class='ocrx_word' id='word_1_485' title='bbox 1000 4799 1037 4847; x_wconf 81' lang='grc'><strong>11.</strong></span> <span class='ocrx_word' id='word_1_486' title='bbox 1071 4822 1100 4834; x_wconf 96' lang='grc'>-</span> <span class='ocrx_word' id='word_1_487' title='bbox 1137 4798 1181 4848; x_wconf 87' lang='grc'><strong>30.</strong></span> <span class='ocrx_word' id='word_1_488' title='bbox 1200 4793 1277 4857; x_wconf 84' lang='lat' dir='ltr'><strong>cum]</strong></span> <span class='ocrx_word' id='word_1_489' title='bbox 1302 4812 1378 4861; x_wconf 79' lang='lat' dir='ltr'><strong>quom</strong></span> <span class='ocrx_word' id='word_1_490' title='bbox 1396 4814 1466 4852; x_wconf 81' lang='lat' dir='ltr'><strong>corr·</strong></span> <span class='ocrx_word' id='word_1_491' title='bbox 1484 4802 1522 4864; x_wconf 71' lang='lat' dir='ltr'><strong>bl.</strong></span> 
     </span>
    </p>
   </div>
   <div class='ocr_carea' id='block_1_12' title="bbox 213 4864 1063 4930">
    <p class='ocr_par' dir='ltr' id='par_1_17' title="bbox 213 4864 1063 4930">
     <span class='ocr_line' id='line_1_48' title="bbox 213 4864 1063 4930; baseline -0.001 -12"><span class='ocrx_word' id='word_1_492' title='bbox 213 4889 244 4904; x_wconf 90' lang='lat'>-</span> <span class='ocrx_word' id='word_1_493' title='bbox 262 4866 306 4918; x_wconf 75' lang='grc'><strong>81.</strong></span> <span class='ocrx_word' id='word_1_494' title='bbox 324 4867 352 4919; x_wconf 79' lang='lat' dir='ltr'><strong>ti</strong></span> <span class='ocrx_word' id='word_1_495' title='bbox 370 4868 391 4921; x_wconf 87' lang='lat'><strong>1.</strong></span> <span class='ocrx_word' id='word_1_496' title='bbox 413 4892 443 4906; x_wconf 96' lang='lat'>-</span> <span class='ocrx_word' id='word_1_497' title='bbox 480 4866 524 4920; x_wconf 71' lang='grc'><strong>31.</strong></span> <span class='ocrx_word' id='word_1_498' title='bbox 542 4868 565 4917; x_wconf 75' lang='lat' dir='ltr'><strong>a·</strong></span> <span class='ocrx_word' id='word_1_499' title='bbox 582 4867 633 4918; x_wconf 81' lang='lat' dir='ltr'><strong>del.</strong></span> <span class='ocrx_word' id='word_1_500' title='bbox 652 4880 723 4918; x_wconf 86' lang='lat' dir='ltr'><strong>corr.</strong></span> <span class='ocrx_word' id='word_1_501' title='bbox 742 4865 779 4916; x_wconf 84' lang='lat' dir='ltr'><strong>id·</strong></span> <span class='ocrx_word' id='word_1_502' title='bbox 802 4893 831 4905; x_wconf 96' lang='lat'>-</span> <span class='ocrx_word' id='word_1_503' title='bbox 868 4867 912 4919; x_wconf 77' lang='grc'><strong>36.</strong></span> <span class='ocrx_word' id='word_1_504' title='bbox 931 4864 979 4930; x_wconf 81' lang='lat' dir='ltr'><strong>me]</strong></span> <span class='ocrx_word' id='word_1_505' title='bbox 998 4875 1022 4918; x_wconf 84' lang='lat' dir='ltr'><strong>te</strong></span> <span class='ocrx_word' id='word_1_506' title='bbox 1041 4868 1063 4918; x_wconf 91' lang='grc'><strong>1.</strong></span> 
     </span>
    </p>
   </div>
   <div class='ocr_carea' id='block_1_13' title="bbox 0 0 1634 5400">
    <p class='ocr_par' dir='ltr' id='par_1_18' title="bbox 0 0 1634 5400">
     <span class='ocr_line' id='line_1_49' title="bbox 0 0 1634 5400; baseline 0 0"><span class='ocrx_word' id='word_1_507' title='bbox 0 0 1634 5400; x_wconf 95' lang='lat' dir='ltr'><strong> </strong></span> 
     </span>
    </p>
   </div>
  </div>
 </body>
</html>
