3216 5408
188 250 249 311 ³54
654 244 713 307 llll.
734 245 786 306 ΑΙ)
809 243 848 319 Ο.
869 241 1052 306 FRATREM

187 426 258 469 nem
288 404 460 470 molestiam
487 402 645 467 recentior
666 400 807 487 epistola.
856 405 988 464 Tantum
1010 409 1041 463 te
1062 409 1093 464 et
1114 418 1229 463 moneo
1251 408 1283 462 et
1303 418 1399 484 rogo,
1421 409 1456 466 ut
1478 401 1508 466 in

186 496 253 563 istis
285 496 435 563 molestiis
463 505 495 561 et
521 495 681 561 laboribus
711 504 743 560 et
768 493 933 559 desideriis
962 493 1147 567 recordere,
1179 492 1343 558 consilium
1366 505 1508 561 nostrum

186 591 271 676 quod
300 590 394 655 luerit
420 588 624 676 profectionis
652 595 733 652 tuae.
780 593 848 653 Non
877 588 959 652 enim
988 586 1152 652 commoda
1182 587 1334 672 quaedam
1358 588 1508 675 sequeba-

185 705 257 750 mur
278 705 372 770 parva
394 705 430 748 ac
451 683 632 749 mediocria.
684 678 766 759 Quid
790 681 872 745 enim
895 689 980 756 erat,
1004 680 1087 767 quod
1111 681 1250 746 discessu
1271 693 1381 747 nostro
1403 705 1508 749 emen-

163 776 259 843 sdum
275 783 482 862 putaremus?
505 775 696 841 Praesidium
717 774 931 840 firmissimum
951 774 1134 860 petebamus
1156 797 1197 840 ex
1219 776 1329 860 optimi
1351 787 1384 842 et
1397 787 1508 863 poten·

184 870 292 936 tissimi
314 870 376 936 viri
396 869 613 935 benevolentia
635 869 674 933 ad
695 889 821 933 omnem
843 877 957 933 statum
979 877 1104 934 nostrae
1126 868 1293 953 dignitatis.
1336 870 1429 936 Plura
1450 892 1507 956 po-

182 973 298 1030 nuntur
319 964 351 1029 in
372 986 427 1051 spe
453 984 546 1052 qnam
567 964 600 1028 in
621 962 779 1049 pecuniis;
810 962 932 1048 reliqua
953 962 992 1028 ad
1013 963 1163 1029 iacturam
1185 972 1355 1029 struentur.
1400 968 1505 1042 Quare

181 1056 208 1123 si
229 1057 343 1124 crebro
365 1057 484 1123 reseres
506 1057 644 1122 animum
665 1067 754 1122 tuum
775 1055 814 1121 ad
836 1056 990 1121 rationem
1018 1068 1049 1124 et
1070 1056 1188 1122 veteris
1209 1056 1330 1122 consilii
1352 1058 1453 1122 nostri
1474 1068 1505 1123 et

181 1151 262 1238 spei,
291 1151 411 1216 facilius
431 1152 508 1216 istos
529 1150 657 1215 militiae
678 1149 803 1215 labores
825 1158 1008 1236 ceteraque,
1035 1172 1114 1235 quac
1142 1158 1172 1215 te
1194 1150 1371 1223 offendunt,
1402 1149 1503 1227 seres;

146 1265 171 1307 so
180 1253 212 1310 et
238 1254 342 1310 tamen
368 1266 437 1310 cum
465 1245 552 1310 voles
585 1244 733 1329 depones.
791 1242 852 1307 Sed
874 1243 942 1308 eius
963 1244 1011 1308 rei
1034 1244 1195 1309 maturitas
1216 1243 1395 1331 nequedum
1418 1245 1504 1310 venit

179 1348 211 1405 et
240 1349 344 1404 tamen
372 1338 434 1404 iam
463 1336 701 1424 appropinquat.
755 1340 785 1400 2.
807 1335 907 1402 Etiam
928 1337 1005 1401 illnd
1027 1347 1057 1401 te
1079 1338 1248 1412 admoneo,
1272 1337 1409 1424 nequid
1432 1339 1503 1405 ullis

179 1432 289 1499 litteris
316 1433 505 1508 committas,
535 1431 620 1519 quod
641 1431 667 1495 si
688 1430 844 1516 prolatum
866 1431 922 1505 sit,
949 1431 1078 1496 moleste
1101 1431 1247 1496 seramus.
1296 1433 1393 1499 Multa
1414 1443 1502 1506 sunt.

177 1546 258 1614 quae
288 1546 348 1612 ego
376 1527 496 1592 nescire
524 1527 606 1591 malo
635 1545 728 1611 quam
758 1544 828 1588 cum
850 1524 956 1610 aliquo
976 1525 1119 1610 periculo
1141 1523 1208 1589 lieri
1231 1525 1358 1592 certior.
1407 1528 1502 1596 Plura

179 1619 219 1685 ad
241 1629 271 1684 te
293 1641 391 1685 vacuo
413 1621 517 1685 animo
540 1618 690 1692 scribam,
721 1637 806 1691 cum,
836 1626 871 1680 ut
892 1638 1001 1703 spero,
1031 1639 1065 1682 se
1095 1623 1206 1684 Cicero
1235 1639 1324 1685 mens
1344 1618 1429 1686 belle
1447 1621 1503 1688 bs-

143 1710 273 1780 ubebit.
327 1720 374 1779 Tu
395 1715 488 1779 velim
512 1734 618 1785 cures,
651 1721 688 1776 ut
708 1711 824 1784 sciam,
854 1710 967 1796 quibus
989 1732 1047 1776 nos
1069 1711 1144 1776 dare
1166 1720 1311 1797 oporteat
1332 1732 1401 1789 ess,
1423 1736 1501 1803 quas

176 1806 215 1871 ad
237 1817 267 1871 te
290 1807 401 1873 deinde
425 1808 542 1872 litteras
562 1806 738 1871 mittemus:
770 1804 948 1871 Caesarisne
970 1803 1156 1879 tabellariis,
1186 1814 1221 1872 ut
1241 1806 1269 1872 is
1289 1807 1329 1872 ad
1351 1817 1382 1874 te
1402 1810 1500 1896 proti-

175 1922 233 1966 nus
261 1900 376 1973 mittat,
405 1924 443 1966 au
464 1900 609 1975 Labieni;
632 1897 686 1963 nbi
709 1897 792 1962 enim
814 1897 866 1962 isti
888 1903 949 1962 sint
969 1899 1076 1963 Nervii
1098 1907 1130 1964 et
1150 1919 1244 1986 mam
1265 1899 1359 1988 longe
1379 1901 1497 1978 absint,

175 1993 290 2060 nescio.
328 1999 363 2060 ’3.
385 2000 431 2059 lte
453 1994 568 2060 virtute
590 2001 622 2056 et
642 1989 793 2076 gravitate
816 1991 972 2065 Caesaris,
996 2012 1090 2077 quam
1111 1992 1144 2056 in
1167 2013 1290 2060 summo
1312 1992 1425 2063 dolore
1444 1997 1498 2064 ad·

173 2085 342 2161 bibuisset,
365 2109 506 2171 magnam
529 2108 570 2152 ex
592 2085 721 2171 epistola
743 2094 795 2150 tua
817 2085 922 2170 accepi
943 2085 1146 2171 voluptatem.
1189 2085 1283 2164 Quod
1304 2109 1356 2154 me
1375 2089 1498 2157 institu-

134 2205 162 2249 a·
174 2190 237 2246 tum
254 2181 293 2247 ad
308 2182 394 2247 illum
412 2193 521 2268 poema
536 2180 625 2246 iubes
638 2180 807 2266 perlicere,
830 2179 887 2243 etsi
909 2178 1059 2244 distentus
1081 2200 1152 2245 cum
1174 2201 1290 2266 opera,
1311 2190 1379 2249 tum
1392 2183 1497 2250 animo

171 2295 241 2340 sum
269 2277 368 2341 multo
395 2275 510 2360 magis,
538 2283 640 2339 tamen
672 2272 819 2359 quomam
848 2293 888 2336 ex
918 2271 1065 2357 epistola,
1096 2295 1189 2360 quam
1218 2276 1257 2341 ad
1279 2285 1309 2341 te
1332 2277 1494 2352 miseram,

172 2370 320 2454 coguovit
341 2374 454 2434 Caesar
475 2389 525 2432 me
547 2367 664 2454 aliquid
687 2386 755 2431 esse
776 2387 942 2439 exorsum,
974 2375 1118 2433 revertar
1139 2368 1178 2433 ad
1200 2369 1374 2436 institutum
1402 2370 1496 2456 idque

170 2461 329 2547 perficiam
358 2463 406 2528 bis
435 2462 695 2547 supplicationum
725 2459 833 2525 otiosis
860 2457 989 2537 diebus;
1022 2460 1137 2546 quibus
1164 2464 1328 2530 Messalam
1356 2464 1420 2528 iam
1440 2485 1496 2529 no-

170 2563 268 2621 strum
297 2555 499 2642 reliquosque
528 2555 669 2619 molestia
699 2554 817 2618 levatos
847 2552 1050 2618 vehementer
1076 2555 1215 2639 gaudeo,
1248 2578 1384 2645 eumque
1410 2558 1494 2645 quod

131 2658 289 2714 assertum
311 2649 471 2714 consulem
493 2669 564 2713 cum
585 2647 722 2712 Domitio
743 2646 930 2720 numeratis,
952 2646 1030 2711 nibil
1045 2658 1182 2714 anostra
1205 2649 1354 2735 opinione
1376 2651 1495 2737 dissen-

171 2741 243 2808 titis.
291 2747 358 2825 Ego
380 2741 540 2807 Messalam
564 2741 688 2807 Caesari
710 2739 886 2826 praestabo.
937 2740 999 2805 Sed
1022 2742 1187 2808 Memmius
1208 2743 1240 2808 in
1262 2743 1397 2810 adventu
1420 2749 1493 2810 Cae·

168 2836 247 2901 saris
274 2834 368 2902 babet
397 2855 501 2920 spem;
534 2834 566 2898 in
588 2855 652 2921 quo
675 2833 764 2899 illum
786 2843 862 2918 puto
884 2853 1007 2900 errare:
1030 2834 1081 2899 bic
1102 2836 1230 2922 quidem
1251 2836 1355 2922 friget.
1399 2841 1492 2903 Scau·

169 2951 239 3005 rum
257 2939 360 2995 autem
382 2927 566 3013 iampridem
581 2927 747 3013 Pompeius
762 2926 884 2991 abiecit.
927 2931 958 2992 ls.
973 2934 1034 2993 Res
1048 2931 1202 3014 prolatae;
1225 2930 1264 2996 ad
1278 2930 1493 3017 interregnum

168 3024 293 3089 comitia
316 3023 457 3087 adducta.
501 3028 621 3087 Rumor
642 3021 800 3085 dictatoris
821 3019 1008 3086 iniucundus
1029 3021 1134 3099 bonis;
1157 3023 1233 3089 mibi
1255 3022 1359 3089 etiam
1374 3025 1490 3104 magis,

130 3152 159 3188 se
168 3139 247 3204 quae
269 3118 450 3203 loquuntur.
495 3115 555 3180 Sed
572 3124 635 3180 tota
661 3136 713 3180 res
735 3122 767 3179 et
787 3114 913 3179 timetur
934 3124 964 3178 et
985 3114 1169 3201 refrigeseit.
1212 3118 1379 3203 Pompeius
1401 3119 1491 3202 plane

167 3232 201 3276 se
229 3222 320 3296 negat
348 3211 447 3286 velle;
478 3218 567 3275 antea
589 3210 656 3294 ipse
678 3209 754 3273 mibi
783 3229 845 3273 non
873 3207 1015 3293 negabat.
1069 3210 1182 3275 Hirrus
1210 3222 1320 3279 auctor
1348 3212 1418 3278 t‘ore
1447 3214 1491 3278 vi-

168 3304 269 3370 detur.
313 3304 422 3375 Odii,
445 3325 537 3389 quam
560 3303 698 3388 ineptusl
732 3324 824 3388 quam
847 3322 880 3366 se
901 3301 968 3386 ipse
989 3323 1095 3367 amans
1116 3302 1184 3368 sine
1205 3304 1311 3370 rivalil
1346 3311 1490 3373 Crassum

168 3400 346 3473 lunianum,
369 3399 527 3463 bominem
550 3397 625 3463 mibi
648 3395 802 3470 deditum,
826 3416 884 3481 per
904 3416 955 3460 me
977 3394 1140 3461 deterruit.
1193 3397 1276 3463 Velit
1296 3397 1387 3473 nolit,
1411 3401 1489 3464 scire

168 3491 291 3558 difficile
320 3500 376 3556 est.
429 3492 525 3556 Hirro
552 3501 654 3555 umen
682 3500 807 3575 agente,
842 3487 923 3553 nolle
952 3509 986 3554 se
1015 3511 1078 3555 non
1107 3488 1262 3576 probabit
1315 3492 1408 3558 Aliud
1432 3493 1490 3558 boc

131 3596 308 3671 astempore
335 3584 374 3649 de
396 3605 431 3648 re
453 3583 576 3670 publica
599 3584 674 3649 nibil
698 3583 920 3670 loquebantnr;
950 3583 1102 3669 agebatur
1130 3584 1257 3670 quidem
1289 3594 1374 3650 certe
1402 3586 1489 3651 nibil.

167 3684 197 3744 5.
227 3679 354 3743 Serrani
383 3678 406 3757 †
431 3678 556 3742 Mestitii
589 3676 644 3743 lilii
677 3676 769 3742 sunns
801 3678 1035 3763 perluctuosum
1064 3676 1123 3743 fuit
1150 3699 1178 3742 a.
1207 3677 1236 3743 d.
1267 3699 1329 3744 rrx.
1358 3679 1487 3745 Kalend.

168 3770 330 3839 Decembr.
374 3770 522 3835 Laudavit
543 3781 631 3856 pater
652 3771 769 3856 scripto
790 3792 872 3836 meo.
926 3774 956 3836 6.
977 3776 1064 3835 Nunc
1086 3770 1125 3836 de
1146 3771 1271 3836 Milone.
1322 3778 1488 3859 Pompeius

167 3867 197 3933 ei
219 3865 295 3931 nibil
317 3862 441 3935 tribuit,
475 3874 506 3928 et
527 3865 631 3929 omnia
654 3870 781 3940 Guttae;
817 3863 953 3950 dicitque
975 3885 1008 3928 se
1030 3863 1257 3949 perfecturum,
1286 3878 1321 3933 ut
1344 3866 1410 3952 [in]
1434 3868 1487 3932 illo

165 3963 278 4027 Caesar
305 3957 473 4021 incumbat.
530 3961 597 4022 Hoc
624 3956 733 4022 borrei
763 3957 853 4032 Milo,
887 3979 945 4022 nec
972 3957 1107 4036 iniuria;
1141 3971 1186 4034 et,
1220 3964 1246 4024 si
1275 3959 1326 4026 ille
1355 3961 1488 4026 dictator

125 4051 260 4122 solacius
282 4051 337 4125 sit,
374 4072 473 4136 paene
495 4050 613 4116 diffidit.
672 4056 913 4116 Intercesserem
942 4050 1110 4116 dictaturae
1142 4052 1169 4117 si
1191 4053 1309 4118 iuverit
1340 4075 1434 4119 manu
1456 4063 1488 4118 et

161 4245 163 4250 ’
227 4252 255 4302 b.
273 4252 431 4312 putatemus
449 4251 509 4301 MR.
528 4276 561 4285 -
587 4252 629 4311 exj
650 4258 673 4299 et
693 4251 807 4301 Ernestii
826 4265 935 4314 operae.
957 4277 986 4287 -
1004 4252 1188 4316 potentissimi]
1206 4256 1344 4317 fortissimi
1361 4255 1439 4305 11.-
1457 4256 1484 4305 7.

159 4334 238 4388 wem
253 4322 380 4384 petimus,
400 4321 500 4384 rstipun
519 4320 584 4371 Cod.
605 4319 699 4368 Laudi.
721 4345 751 4356 -
770 4319 913 4384 struentes]
932 4329 1094 4372 reserventur
1111 4322 1124 4370 l
1142 4329 1168 4372 et
1187 4323 1253 4373 Cod.
1273 4323 1368 4375 Laudi.
1392 4349 1422 4360 -
1442 4326 1484 4377 17.

158 4398 219 4443 sunt
236 4392 312 4441 nerui
330 4391 366 4440 M.
389 4414 416 4423 -
446 4390 488 4440 lS.
508 4391 679 4440 adhibuissem
698 4389 719 4441 l.
742 4415 770 4424 -
791 4393 834 4441 20.
854 4392 995 4442 distractos
1014 4392 1035 4441 l.
1056 4417 1089 4428 -
1107 4392 1150 4441 21.
1170 4399 1257 4442 tumen
1275 4396 1399 4458 quonium
1416 4396 1482 4446 MR:

156 4464 281 4526 quoniam
299 4459 444 4510 tomsnllt.
462 4483 492 4494 -
512 4461 556 4510 25.
575 4454 899 4511 numnam-utuinisi
917 4461 994 4512 11.-
1015 4461 1329 4514 bonosententiis·
1350 4466 1394 4517 29.
1414 4465 1483 4516 dsto-

157 4533 223 4582 toris
240 4532 272 4580 li.
295 4555 324 4565 -
344 4532 373 4578 in
389 4530 508 4578 iucundis
528 4530 559 4579 u.
581 4553 609 4562 -
630 4527 703 4591 mibi]
722 4545 761 4580 ms
779 4531 847 4589 Mil,
867 4538 937 4581 mstis
955 4545 1034 4594 supra
1055 4545 1161 4581 versum
1183 4533 1218 4582 M.
1239 4558 1273 4567 —-
1291 4534 1335 4584 8⁰.
1354 4549 1395 4585 sss
1413 4538 1485 4587 tisns·

156 4607 200 4651 tor
218 4601 249 4651 ll.
269 4626 296 4636 -
317 4600 360 4650 ³1.
379 4599 443 4648 miti
460 4601 515 4660 ipss
535 4600 567 4649 u.
591 4622 616 4631 -
640 4599 740 4661 Hirpos
756 4601 799 4659 M,
821 4601 945 4664 Hircipsss
962 4601 984 4652 1.
1005 4627 1036 4636 -
1055 4609 1147 4652 auctus
1165 4602 1240 4654 Mill.
1263 4627 1286 4636 -
1311 4604 1356 4654 32.
1377 4606 1485 4656 erasm

154 4684 225 4723 corr.
244 4670 282 4723 M.
302 4692 335 4706 -
371 4668 415 4719 3³.
440 4669 581 4717 l'inionom
600 4669 631 4717 s.
656 4691 681 4700 —
711 4670 755 4720 34.
777 4671 869 4719 Hirrio
888 4685 928 4733 pr.
948 4672 991 4731 M,
1011 4671 1103 4721 Hireio
1122 4685 1193 4721 corr.
1213 4674 1256 4733 M,
1276 4674 1366 4723 Hirtio
1384 4675 1431 4726 nt.
1450 4696 1483 4708 -

151 4754 205 4792 nesi
223 4755 279 4793 om.
299 4739 321 4790 l.
352 4764 379 4775 -
418 4737 461 4788 36.
481 4737 595 4787 Mestitii
614 4738 657 4787 Ma
683 4739 822 4789 pomerei
840 4739 898 4790 utri
916 4745 944 4790 et
962 4755 1016 4804 mg.
1036 4741 1074 4791 tt.
1122 4742 1193 4792 Fert.
1213 4744 1341 4805 Messidii,
1373 4751 1403 4795 ut
1421 4745 1482 4795 Lib.

151 4811 184 4870 a,
204 4814 237 4871 t,
256 4814 283 4861 t.
315 4810 366 4860 Os.
387 4833 419 4842 -
456 4808 605 4857 luctuosum
623 4807 645 4855 l.
669 4834 695 4844 ·
734 4809 778 4859 38.
798 4812 954 4861 insectere
972 4811 1095 4862 Ernestio
1113 4811 1284 4865 seclusimus.
1310 4835 1343 4851 -
1379 4813 1426 4869 40.
1443 4816 1483 4867 in·

151 4884 190 4926 tar
206 4894 317 4932 cesorsm
336 4879 373 4930 M.
394 4876 606 4942 (intercessorem
624 4890 678 4939 mg.
699 4879 747 4935 M.)
