3256 5400
183 236 285 286 ml?

182 386 288 451 totum
310 376 466 452 uolumen
486 379 564 447 mihi
585 378 751 448 adversus
771 379 860 447 illam
874 378 1103 448 restituendus
1118 379 1234 468 tuerit,
1257 399 1330 449 cnm
1345 399 1511 468 persaepe

181 489 217 554 ln
238 487 303 555 hoc
326 484 531 555 emendanda
553 488 645 552 esset
666 487 817 554 recensio
839 485 1051 551 Ernestlana.
1093 485 1273 570 Expressit
1291 485 1509 553 Victoriusin

182 593 350 679 plerisque
372 594 476 677 ipsam
497 587 570 655 Md.
586 590 800 676 scripturam,
828 589 933 656 veluti
955 586 993 655 bt
1014 593 1049 655 et
1070 586 1125 655 bis
1146 607 1208 675 pro
1229 593 1257 654 ιι
1278 594 1313 655 et
1333 591 1394 680 tte,
1423 588 1509 654 relt-

182 715 275 785 cum,
301 693 486 782 mercedes,
514 699 708 784 uemerrter,
737 694 831 783 dest,
854 694 968 776 desse,
990 692 1130 783 bonust,
1153 692 1290 780 bernar,
1312 709 1354 759 ac
1375 692 1509 779 sinilia3

180 798 275 865 locos
296 798 496 879 desperatos
516 795 658 863 fideliter
680 795 844 881 exhibuit,
877 794 1146 884 quemadmodum
1177 796 1337 878 leguntur
1361 794 1397 860 ln
1418 793 1510 879 Md.;

180 902 281 984 allos,
310 904 366 988 qni
387 902 500 967 sanari
522 919 625 986 posse
646 898 865 985 videbantur,
891 901 1039 967 correxit
1059 900 1117 967 vel
1140 899 1277 985 proprio
1299 897 1434 983 Marte,
1453 896 1510 964 vel

180 1023 223 1071 ex
244 1004 392 1071 Manutli
413 1006 617 1091 aliorumque
636 1008 864 1072 correctorum
886 1004 1064 1070 sententiis
1083 1004 1146 1070 sibi
1169 1002 1332 1088 probatis.
1372 998 1428 1068 Ac
1448 1001 1510 1066 nial

179 1127 301 1198 magno
325 1126 429 1191 opere
450 1109 568 1196 fallor,
589 1126 657 1174 non
677 1112 744 1175 iam
767 1108 909 1194 priorem
929 1125 1021 1173 suam
1038 1104 1215 1174 editionem
1234 1105 1344 1173 denno
1362 1105 1511 1173 correxit

179 1212 222 1280 ad
246 1213 419 1299 exemplar
439 1210 646 1296 Medorum,
669 1210 1018 1298 quam'lllanntianam
1040 1211 1181 1296 aliquam
1203 1229 1225 1277 a
1243 1229 1282 1277 se
1304 1207 1511 1277 emendatam

179 1316 369 1402 typothetts
391 1314 637 1401 exprimendam
659 1313 813 1400 tradidit,
840 1313 944 1400 unde,
970 1317 1009 1380 ιιι
1031 1314 1083 1402 lit,
1111 1320 1344 1381 remanserunt
1364 1312 1510 1380 Munatii

179 1422 307 1506 aliquot
323 1438 466 1486 errores.
508 1420 549 1484 ln
562 1418 648 1485 banc
663 1417 791 1504 quidem
802 1420 1045 1510 recognitionis
1057 1421 1182 1504 partem
1199 1418 1372 1504 plurimum
1388 1418 1513 1483 laboris

180 1524 280 1590 nobis
301 1522 528 1589 insumendum
546 1526 637 1586 erat:
659 1520 748 1587 band
768 1541 845 1587 raro
869 1525 953 1588 enlm
975 1520 1049 1589 Md.
1063 1523 1163 1588 lectio
1186 1522 1316 1586 minime
1338 1518 1511 1606 indigebat

180 1630 408 1710 correctione,
441 1625 503 1692 sed
525 1627 803 1710 interpretatione
825 1621 1015 1710 dumtaxat,
1045 1645 1109 1711 qno
1130 1626 1260 1692 veritas
1282 1626 1355 1690 eius
1377 1624 1512 1709 perspi-

180 1736 331 1816 ceretur3
360 1730 437 1797 alibi
460 1749 505 1795 ex
526 1732 686 1813 corrupta
706 1728 781 1795 Mo.
793 1730 961 1814 scriptura
981 1747 1070 1796 nunc
1092 1726 1219 1794 demun
1242 1730 1397 1817 cognita,
1427 1726 1511 1811 alla,

180 1839 280 1921 atque
303 1832 413 1901 adbuc
435 1832 560 1900 iactum
583 1835 692 1917 esset,
713 1833 845 1898 ratione
866 1833 950 1898 inita
971 1831 1119 1917 depromi
1134 1835 1230 1898 reeta
1244 1832 1346 1899 lectio
1361 1834 1510 1916 poterat:

179 1941 217 2004 ut
243 1939 299 2004 vet
328 1937 392 2005 boc
421 1937 554 2004 nomine
584 1934 789 2002 emendatior
817 1939 863 2002 sit
890 1934 973 2002 haec
1002 1939 1120 2002 nostra
1150 1934 1272 2025 editio,
1310 1952 1407 2022 quam
1437 1935 1512 2020 ipsa

179 2038 377 2109 Victoriana
399 2041 522 2122 altera,
556 2040 759 2124 multumque
780 2039 989 2106 lucrifactum
1011 2041 1055 2104 sit
1077 2041 1111 2106 in
1133 2056 1224 2105 nova
1245 2034 1307 2107 Cd.
1323 2038 1511 2106 collatione.

179 2141 402 2211 Accedebant
423 2148 617 2230 praeterea,
639 2161 724 2229 qnae
746 2148 866 2228 postea
885 2142 1079 2230 Lambinus,
1101 2141 1269 2210 Graevius
1284 2144 1511 2229 posteriores-

180 2266 244 2333 que
267 2246 414 2314 editores
435 2245 480 2312 ad
502 2264 585 2313 vere
607 2245 845 2313 emendandum
870 2245 955 2332 Epp.
970 2249 1162 2313 contextum
1184 2248 1387 2332 attulerunt,
1407 2246 1512 2313 saise

179 2352 383 2419 coniecturis
403 2349 527 2437 magis,
549 2367 645 2436 qnam
667 2368 686 2416 e
710 2346 793 2418 Cdd.
835 2345 906 2418 Sed
928 2349 1010 2416 nibil
1033 2350 1165 2417 omnino
1188 2353 1261 2418 clus
1283 2349 1372 2437 quod
1394 2348 1512 2416 aderat

178 2453 403 2542 spernendum
417 2452 613 2542 videbatur,
636 2455 674 2518 ot
687 2471 776 2520 nunc
790 2452 827 2518 lit
843 2472 864 2519 a
879 2455 999 2519 moltis
1045 2450 1248 2539 Quamquam
1271 2455 1376 2522 ceteri
1398 2471 1513 2520 omnes

178 2559 283 2649 longe
297 2559 364 2624 alla
377 2559 435 2624 vla
453 2573 494 2624 ac
516 2557 648 2621 ratione
669 2555 827 2622 utendum
851 2574 925 2623 esse
946 2556 1009 2624 sibi
1026 2559 1279 2645 persuaserant,
1302 2576 1345 2624 ex
1362 2558 1512 2624 omnibus

180 2681 255 2732 com
271 2660 354 2730 cdd.
369 2664 437 2725 tum
458 2658 673 2726 Editionlbus
694 2661 936 2744 antiquioribus
964 2665 1174 2728 assumentes
1195 2679 1412 2747 quaecunque
1435 2662 1512 2748 pla-

180 2768 321 2853 cebant,
353 2765 536 2830 numeratis
565 2781 668 2848 saepe
700 2761 800 2846 cdd,
832 2782 899 2828 non
932 2763 1144 2852 ponderatis,
1177 2783 1263 2851 quae
1294 2764 1511 2850 reprehensio

180 2871 321 2937 maxime
350 2868 441 2936 cadlt
471 2868 506 2932 ln
535 2866 773 2953 Benedictum,
806 2868 860 2953 qni
890 2874 1084 2957 praeterea,
1117 2873 1154 2935 ut
1182 2868 1258 2935 mibi
1288 2870 1433 2935 testatus
1460 2870 1513 2934 est

180 2971 395 3057 Wunderus,
429 2989 588 3058 perquam
617 2970 834 3061 negligenter
861 2965 945 3037 Cdd.
967 2990 1046 3037 suos
1074 2974 1231 3061 eontulit3
1268 2972 1354 3041 adeo
1382 2980 1420 3039 nt
1442 2972 1514 3040 eins

180 3078 372 3143 testimonia
393 3073 483 3140 band
504 3093 582 3140 raro
604 3077 765 3158 suspecta
787 3092 862 3140 esse
885 3073 1039 3140 debeant.
1081 3077 1134 3142 lta
1154 3083 1263 3143 auten
1285 3079 1413 3144 versati
1435 3078 1513 3143 sunt

181 3183 216 3246 ln
238 3180 289 3246 iris
310 3179 398 3265 Epp.
419 3180 483 3244 lam
513 3177 690 3244 Manutius
712 3195 753 3245 ac
780 3177 977 3266 Lambinus,
1011 3179 1129 3262 quibus
1160 3181 1356 3266 permultum
1389 3178 1513 3247 debent

179 3283 373 3370 Epistulae,
396 3282 473 3368 plus
495 3276 594 3347 etiam
617 3280 829 3366 debuissent,
857 3282 885 3346 si
907 3280 1091 3347 Victoriam
1115 3284 1338 3366 pressioribus
1359 3285 1513 3373 vestigiis

180 3389 276 3473 sequi
298 3387 503 3472 voluissent3
538 3383 600 3452 sed
622 3386 728 3451 taolta
750 3383 911 3470 quaedam
933 3385 1112 3451 aemulatio
1134 3389 1307 3474 utrumque
1329 3386 1372 3453 ab
1395 3404 1435 3452 eo
1457 3386 1514 3451 vi-

180 3490 281 3558 detur
302 3488 506 3574 demovIsse,
538 3487 627 3554 unde
649 3488 773 3555 factum
797 3492 864 3572 est,
892 3491 930 3552 ut
953 3489 1061 3556 oblter
1083 3490 1309 3557 tantummodo
1332 3492 1516 3577 praestan-

181 3596 341 3662 tissimam
363 3592 590 3660 l'ictorianem
612 3593 752 3658 alteram
775 3596 972 3658 memoraret
993 3593 1191 3683 Lambinus,
1223 3597 1336 3683 immo,
1366 3597 1396 3662 si
1421 3597 1515 3663 recte

181 3697 268 3784 vidi,
300 3696 402 3763 semel
433 3694 617 3761 dumtaxat
659 3693 742 3760 'lum
774 3696 829 3781 qul
855 3694 1034 3762 adornavit
1060 3699 1235 3784 pessimam
1257 3701 1346 3766 illam
1369 3698 1516 3786 liepetl-

182 3805 307 3869 tlonem
329 3800 593 3875 Lamblnlanam,
616 3815 660 3863 ea
682 3817 748 3884 qoa
770 3801 881 3866 tamen
902 3801 937 3865 in
958 3800 1127 3888 plerisque
1142 3807 1219 3889 post
1235 3804 1413 3872 Gruterum
1429 3821 1518 3872 con-

182 3908 347 3975 formatus
368 3907 421 3970 est
442 3903 615 3985 paullatim
638 3906 821 3969 contextus
841 3904 1019 3991 vulgatus,
1051 3904 1085 3970 ld
1113 3909 1184 3994 est,
1213 3907 1451 3994 Ernestianns3
1486 3909 1518 3974 is

182 4011 301 4099 igitur,
337 4027 432 4097 quem
466 4007 671 4093 potissimum
701 4012 838 4074 secutus
867 4009 913 4074 sit
942 4012 1128 4098 auctorem,
1163 4029 1301 4096 prorsus
1334 4030 1386 4079 me
1416 4011 1517 4101 fugit.

183 4114 302 4201 Neque
324 4132 408 4180 vero
429 4114 514 4179 satis
535 4111 707 4196 explicare
729 4129 830 4198 queo,
862 4129 923 4179 cur
943 4111 1032 4179 baud
1053 4132 1131 4179 raro
1151 4116 1333 4181 contextus
1354 4116 1516 4206 vulgatus

185 4237 258 4289 cun
280 4216 440 4284 Medicoo
466 4216 571 4283 iaciat
599 4234 667 4281 non
691 4215 798 4281 solum
824 4219 943 4283 contra
969 4215 1221 4285 Cratandrinam
1229 4207 1297 4304 a),
1329 4203 1526 4288 sedetiam

186 4326 305 4392 contra
332 4318 559 4389 victorianum
586 4321 739 4405 primam,
770 4316 1003 4410 Manotlonas,
1032 4324 1066 4388 et
1084 4321 1332 4390 Lamblnlanam
1353 4325 1517 4395 sinceram

185 4428 266 4496 anni
293 4421 521 4493 M.D.LXVl.
568 4422 769 4491 Gebhardus
804 4427 914 4490 antem
949 4427 1017 4491 tum
1043 4443 1062 4491 e
1092 4423 1175 4493 cdd.
1201 4427 1271 4494 suis
1303 4427 1517 4517 vulgaribus,

256 4609 279 4678 'l
296 4610 357 4674 Sic,
388 4610 1026 4675 exampliatur,peronamlip.1.dtb.ii·
1064 4611 1237 4668 Cratandrina
1256 4617 1283 4667 ln
1302 4616 1344 4668 lala
1362 4616 1464 4669 recedit
1481 4616 1516 4669 ab

189 4693 284 4750 ordine
310 4692 452 4746 verborum
479 4688 540 4744 bii.
568 4695 729 4753 nostroque:
759 4687 789 4754 §-
809 4692 835 4742 1.
853 4691 898 4743 tlte
922 4691 970 4744 tibi
992 4691 1092 4759 ιιιιιιιιιι]
1125 4700 1213 4748 omnia
1240 4695 1285 4750 tile
1312 4696 1361 4749 tlbl
1388 4696 1461 4752 crat.
1484 4722 1515 4736 -
1574 4734 1578 4742 .

189 4753 221 4840 ὖ.
240 4774 268 4824 2.
286 4774 374 4824 minor
390 4774 442 4840 suit
466 4766 558 4836 notor]
587 4773 675 4822 minor
694 4774 773 4821 notor
791 4768 851 4823 iuli.
880 4794 912 4809 ·-
939 4771 1026 4836 tactus
1044 4772 1091 4839 ert]
1111 4783 1151 4828 ert
1169 4775 1261 4829 iactor.
1293 4802 1321 4816 -
1353 4777 1432 4832 coldo
1453 4773 1515 4842 ιιιιι]

188 4857 242 4909 ιιιιι
259 4853 345 4910 raldo.
364 4879 398 4892 -
417 4851 512 4906 eurora·
529 4864 548 4904 ιι
564 4846 616 4916 me]
636 4859 652 4900 a
669 4860 712 4903 me
731 4853 827 4902 curan.
863 4847 893 4916 8.
912 4851 939 4906 ιι.
958 4856 1015 4922 opit
1032 4853 1148 4924 praetor]
1167 4859 1264 4924 partas
1282 4860 1345 4924 nqis.
