3256 5400
569 222 572 227 '
610 211 885 279 uutstomutltt
905 213 957 277 ΑΙ)
978 213 1067 277 Fatt

609 370 747 436 arsur.
789 373 841 453 (A.
867 374 899 437 n.
922 374 955 436 c,
977 373 1067 451 roa.)

575 492 717 559 cisano
739 495 871 560 amno
893 495 1058 561 enoeos
1081 496 1112 559 s

258 623 306 683 Ἰ.
326 621 404 684 Cum
429 618 590 684 Demetrio
616 622 706 701 ldega
729 615 806 681 milri
832 626 988 682 vetustum
1022 615 1191 702 hospitium
1215 626 1279 687 est,
1309 615 1504 680 familiaritas

183 721 286 778 antem
310 721 411 788 unta,
448 720 561 798 quanta
589 731 661 776 cnm
683 710 788 776 Siculo
809 709 906 775 nullo.
959 711 997 775 Ei
1017 708 1178 774 Dolabella
1199 718 1311 794 rogatu
1334 730 1405 773 meo
1428 708 1505 773 cisi-

158 815 275 872 sutem
296 826 315 870 a
337 810 468 871 Caesare
488 803 681 892 impetravit,
703 825 765 891 qua
786 804 819 869 in
840 825 877 869 re
898 824 958 889 ego
975 803 1112 868 interfui.
1156 808 1263 890 ltaque
1279 825 1360 868 nune
1374 809 1407 868 P.
1427 807 1505 868 Cor·

181 899 281 966 aelius
302 907 442 965 vocatur.
500 902 639 985 Cumque
661 907 791 985 propter
811 897 963 984 quosdam
992 897 1139 964 sordidos
1160 897 1319 972 homines,
1350 897 1405 985 qui
1427 902 1506 963 Cae-

181 995 259 1059 saris
279 991 429 1057 beneiicia
451 991 641 1066 vendebant,
678 991 830 1065 tabulam,
866 992 898 1055 in
927 1013 987 1079 qua
1016 992 1142 1058 nomina
1171 991 1294 1057 civitate
1316 990 1504 1056 donatorum

181 1089 277 1154 ineisa
308 1099 425 1162 essent,
458 1086 567 1152 revelli
601 1085 761 1159 iussisset,
797 1085 899 1150 eidem
924 1084 1102 1150 Dolabellae
1136 1106 1186 1149 me
1215 1084 1359 1150 audiente
1389 1090 1505 1150 Caesar

181 1184 259 1254 dixit
279 1181 357 1247 nihil
378 1201 462 1256 esse,
484 1180 570 1267 quod
589 1181 628 1245 de
643 1183 731 1265 llega
747 1189 929 1257 vereretur3
951 1178 1137 1244 beneficium
1155 1199 1247 1244 sunm
1263 1178 1295 1243 in
1310 1200 1349 1244 eo
1365 1199 1504 1243 manere.

145 1284 211 1344 ¹⁰2
232 1282 300 1343 lloc
321 1287 351 1342 te
373 1276 454 1340 scire
476 1274 578 1348 volui,
616 1285 650 1339 ut
671 1295 742 1338 eum
764 1273 796 1338 iu
818 1274 932 1338 civium
956 1279 1167 1338 Romanorum
1197 1294 1329 1337 numero
1352 1271 1504 1347 haberes;

181 1376 356 1456 ceterisque
378 1369 411 1434 in
432 1368 527 1434 relius
551 1368 604 1432 tibi
627 1389 698 1433 enm
728 1367 769 1432 ita
792 1368 993 1443 commendo,
1023 1377 1057 1432 ut
1079 1368 1199 1432 maiore
1221 1366 1324 1433 studio
1346 1366 1504 1430 neminem

180 1463 434 1531 commendarint.
480 1461 697 1527 Gratissimum
719 1460 795 1525 mihi
817 1460 945 1533 feceris,
972 1460 998 1524 si
1020 1483 1092 1526 eum
1114 1461 1156 1525 ita
1178 1459 1337 1534 tractaris,
1360 1468 1395 1524 ut
1416 1458 1505 1524 intel·

181 1558 255 1643 figat
277 1579 377 1622 meam
400 1556 699 1621 commendationem
721 1576 835 1641 magno
856 1555 916 1619 sibi
938 1564 1122 1620 ornamento
1145 1553 1251 1620 fnisse.

608 1726 763 1788 sanun.
807 1723 855 1808 (A.
881 1726 913 1788 n.
937 1727 968 1788 e.
991 1720 1077 1799 roe.)

147 1870 173 1913 ,ι
572 1847 714 1912 etceno
736 1846 868 1911 actuo
891 1846 1055 1910 moces
1079 1847 1110 1909 s,

266 1968 431 2055 Hippiam,
467 1967 630 2033 Philoxeni
659 1966 775 2040 lilium,
813 1965 1019 2039 celestinum,
1053 1963 1206 2050 hospitem
1234 1973 1265 2028 et
1293 1963 1504 2029 necessarium

183 2082 302 2138 meum,
326 2061 381 2127 tibi
403 2061 588 2127 commendo
610 2061 642 2125 in
664 2060 815 2125 maiorem
838 2058 976 2124 modum.
1018 2057 1093 2123 Eius
1115 2056 1216 2131 bona,
1240 2057 1504 2143 quemadmodum

181 2156 220 2221 ad
249 2177 301 2221 me
330 2155 431 2221 delata
461 2177 511 2219 res
539 2165 600 2228 est,
637 2153 760 2240 publice
789 2152 988 2239 possidentur
1014 2152 1116 2216 alieno
1142 2151 1267 2216 nomine
1289 2160 1397 2215 contra
1419 2149 1505 2234 leges

183 2248 421 2315 Calactinorum.
473 2249 507 2313 ld
539 2248 713 2321 sideest,
748 2248 842 2313 etiam
863 2247 930 2311 sine
953 2267 1022 2311 mea
1043 2245 1313 2311 commendatione
1335 2245 1374 2309 ab
1396 2242 1504 2330 aequi·

145 2351 244 2407 etitate
267 2351 320 2408 tua
342 2363 393 2407 res
414 2343 481 2428 ipsa
503 2342 672 2426 impetrare
694 2339 803 2415 debet,
825 2349 860 2405 ut
874 2344 902 2404 ei
918 2338 1094 2406 subvenias.
1137 2342 1274 2426 Quoquo
1289 2338 1384 2403 modo
1399 2346 1504 2402 autem

183 2457 217 2499 se
237 2457 289 2500 res
312 2432 424 2509 habet,
447 2444 521 2520 peto
543 2457 561 2498 a
583 2445 631 2505 te,
653 2444 687 2500 ut
708 2434 838 2500 honoris
861 2434 922 2499 mei
943 2455 1035 2499 causa
1057 2454 1129 2498 enm
1151 2432 1300 2519 expedias
1321 2440 1505 2517 tantamque

182 2529 213 2592 ei
234 2529 415 2594 commodos
437 2540 467 2592 et
491 2530 521 2592 iu
544 2528 600 2592 hac
622 2550 657 2592 re
679 2537 710 2593 et
730 2529 762 2593 in
784 2528 915 2601 ceteris,
946 2537 1095 2614 quantum
1125 2537 1178 2593 tua
1207 2528 1283 2594 fides
1308 2526 1504 2612 dignitasque

182 2621 326 2707 patietur.
369 2622 404 2687 ld
425 2622 502 2687 mihi
524 2622 725 2685 vehementer
746 2631 868 2707 matum
890 2623 960 2686 erit.
1094 2626 1098 2634 '

603 2791 773 2853 sanun.
817 2788 865 2873 (A.
892 2791 923 2854 u.
947 2792 979 2854 o.
1002 2788 1087 2873 ms.)

145 2929 173 2974 u
575 2912 869 2977 eternoacum
893 2912 1057 2977 crocos,
1080 2915 1111 2977 s.

265 3034 300 3096 L.
322 3032 477 3105 Bruttius,
512 3053 609 3118 eques
637 3038 812 3106 Romanus,
846 3031 1026 3098 adolescens
1056 3033 1202 3100 omuibus
1230 3033 1325 3099 robus
1353 3050 1503 3109 ornatus,

182 3124 213 3189 in
245 3125 323 3190 meis
351 3125 601 3190 familiarissimis
634 3134 681 3189 ost
710 3147 822 3212 meque
854 3123 1001 3192 observat
1029 3126 1279 3212 diligentissime;
1313 3128 1400 3194 cuius
1432 3151 1504 3194 cnm

183 3230 271 3304 patre
298 3240 409 3303 magna
437 3220 514 3284 milri
547 3218 604 3283 fuit
635 3219 771 3285 amicitia
804 3220 866 3284 iam
896 3219 967 3284 inde
999 3242 1017 3285 a
1049 3233 1216 3306 quaestura
1249 3242 1316 3286 mea
1339 3222 1503 3287 Siciliensi.

183 3313 318 3378 Omnino
340 3334 423 3377 nunc
443 3317 510 3397 ipse
533 3313 670 3376 Bruttius
691 3319 808 3378 Romae
830 3335 951 3377 mecum
984 3323 1045 3390 est;
1082 3314 1137 3378 sed
1161 3324 1260 3378 tamen
1283 3315 1411 3380 domum
1435 3316 1504 3381 eius

70 3423 74 3434 ·
146 3415 213 3469 met
236 3428 303 3470 rom
324 3405 508 3471 familiarem
532 3416 563 3471 ot
584 3416 807 3490 procuratores
829 3406 885 3471 tibi
908 3407 952 3472 sic
973 3407 1172 3482 commendo,
1202 3418 1236 3473 ut
1258 3409 1377 3473 maiore
1399 3409 1503 3474 studio

182 3497 400 3562 commendare
422 3521 484 3563 nou
507 3500 634 3584 possim.
679 3500 896 3565 Gratissimum
918 3500 993 3565 mihi
1009 3501 1135 3576 feceris,
1159 3502 1185 3566 si
1200 3503 1335 3576 curaris,
1358 3513 1393 3568 nt
1414 3503 1503 3567 intel·

183 3591 257 3674 ligat
289 3593 426 3656 Bruttius
461 3628 498 3640 -
529 3593 558 3656 id
589 3593 673 3677 qnod
701 3594 730 3659 ei
759 3595 866 3680 recepi
893 3629 935 3642 -
968 3595 1047 3659 hauc
1074 3616 1175 3660 meam
1202 3596 1503 3661 commendationem

182 3682 241 3748 sibi
264 3705 376 3770 magno
397 3685 575 3751 adiumento
600 3686 705 3752 i’uisse.

611 3856 752 3920 xxxix.
796 3856 850 3934 (ι.
876 3858 908 3921 ιι
932 3859 963 3921 o.
987 3859 1078 3937 ros.)

144 4006 172 4048 ιι
575 3977 717 4041 etceno
739 3978 872 4042 neimo
895 3979 1057 4043 raucos
1080 3981 1112 4043 s.

267 4096 344 4160 Cum
366 4092 482 4159 familia
502 4094 643 4160 Titurnia
673 4098 869 4164 necessitudo
891 4098 968 4163 mihi
990 4098 1153 4163 intercedit
1175 4110 1280 4178 vetus;
1307 4122 1347 4165 ox
1369 4123 1430 4188 qua
1452 4123 1504 4165 re·

181 4189 286 4273 liquus
314 4196 362 4252 est
388 4193 429 4254 M.
457 4189 616 4254 Titurnius
645 4190 760 4266 Rufus,
796 4192 851 4279 qui
884 4192 960 4257 mihi
988 4193 1073 4257 omni
1102 4192 1262 4279 diligentia
1284 4203 1377 4281 atque
1399 4195 1503 4260 officio

182 4291 229 4347 est
251 4281 394 4347 tuendus.
451 4286 506 4347 Est
526 4283 622 4368 igitur
644 4283 677 4349 iu
699 4296 751 4352 tna
772 4294 943 4372 potestate,
971 4295 1006 4352 ut
1032 4286 1085 4351 ille
1106 4287 1138 4351 in
1164 4310 1215 4352 me
1237 4289 1311 4354 satis
1332 4288 1391 4353 sibi
1414 4309 1505 4374 prae-

183 4374 255 4439 sidii
276 4383 363 4460 putet
384 4397 463 4441 esse.
521 4380 722 4464 Quapropter
743 4400 814 4444 eum
836 4377 893 4444 tibi
914 4380 1131 4445 commendo
1121 4403 1154 4445 m
1176 4381 1328 4447 maiorem
1354 4381 1503 4453 modum,

145 4478 215 4531 oet
236 4465 291 4532 abs
313 4477 352 4535 te
363 4478 453 4554 peto,
476 4470 603 4545 cilicias,
626 4481 661 4537 ut
681 4471 710 4537 is
731 4472 1030 4538 commendationem
1056 4474 1133 4538 hane
1150 4475 1299 4561 intelligat
1313 4473 1374 4539 sibi
1389 4495 1504 4560 magno

184 4559 364 4627 adiumento
385 4560 491 4628 fuisse.
534 4563 603 4629 Erit
623 4564 653 4630 id
676 4564 752 4631 mihi
774 4566 974 4632 vehementer
995 4577 1127 4653 gratum.

252 4778 295 4828 te.
322 4780 372 4829 cibi
398 4794 453 4831 om.
482 4781 582 4832 Μ.--
618 4785 662 4832 ‘22
681 4785 957 4836 commendarit·
993 4787 1037 4837 ut.
1056 4794 1168 4838 οιιοιιι.
1188 4786 1284 4837 Μ.-
1325 4787 1370 4837 dl.
1392 4788 1449 4837 e'ru
1476 4786 1504 4836 td

184 4850 245 4900 mitti
263 4850 428 4901 Cratander.
456 4852 515 4902 Erit
535 4855 597 4904 ιιιιἹιί
617 4855 674 4904 ltili.
