3256 5400
181 187 199 245 6
606 183 880 246 EPISTOLARUM
901 184 953 244 ‚tn
975 183 1067 248 ΕΔΜ.

181 337 303 404 toribus
331 361 444 403 nomen
471 338 629 403 inductum
656 336 745 402 lictae
773 337 950 421 religionis,
988 359 1050 402 non
1082 348 1146 402 tam
1177 347 1211 404 ut
1242 346 1272 402 te
1294 335 1498 423 impedirent,

181 454 274 519 quam
296 442 330 498 ut
356 454 395 496 ne
427 431 497 518 quis
518 440 650 518 propter
670 430 827 496 exercitus
854 430 1054 517 cupiditatem
1077 429 1304 496 Alexandream
1326 430 1421 496 vellet
1441 431 1499 497 ire.

180 526 344 611 Dignitatis
365 534 469 590 autem
490 536 560 590 tuae
583 546 675 590 nemo
697 533 744 589 est
765 523 841 611 quin
862 523 1020 589 existimet
1042 521 1178 589 habitam
1200 545 1268 589 esse
1289 523 1499 609 rationemab

180 630 299 685 serratu.
340 624 437 684 Nemo
459 626 506 683 est
527 618 626 693 enim,
649 617 703 704 qui
725 617 857 691 nesciat,
879 638 943 704 quo
964 618 1067 684 minus
1089 617 1239 682 discessio
1259 616 1350 682 fieret
1367 638 1426 704 per
1446 616 1500 682 ad·

157 715 337 780 eversarios
359 723 429 778 tuos
451 733 520 777 esse
541 712 673 777 factum:
695 711 751 799 qui
771 732 853 776 nuno
870 711 979 798 populi
996 712 1138 786 nomine,
1161 732 1196 776 re
1217 721 1321 777 autem
1336 731 1413 775 vera
1433 731 1500 776 soe·

180 806 365 873 leratissimo
386 806 566 880 latrocinio,
589 805 614 870 si
637 827 716 892 qnae
738 802 935 871 conabuntur
948 825 1057 891 agere,
1079 805 1153 870 satis
1167 804 1244 870 mibi
1265 805 1428 892 provisum
1443 813 1499 881 est,

183 911 278 967 utne
305 900 381 988 quid
407 900 500 965 salvis
531 899 676 985 auspiciis
709 907 763 964 aut
782 898 904 984 legibus
925 909 978 964 aut
999 899 1092 964 etiam
1114 898 1181 964 sine
1202 899 1233 964 vi
1254 919 1348 985 agere
1369 898 1499 985 possint

179 1001 210 1061 3.
232 1000 299 1079 Ego
321 1016 423 1081 neque
445 993 485 1058 de
513 1015 584 1058 meo
606 993 709 1059 studio
731 1014 833 1079 neque
855 990 894 1058 de
916 993 1138 1058 nonnullorum
1164 992 1279 1059 iniuria
1300 991 1499 1058 scribendum

180 1089 255 1152 mibi
278 1110 347 1153 esse
369 1087 516 1152 arbitror.
560 1087 643 1164 Quid
665 1088 748 1151 enim
768 1097 821 1152 aut
843 1108 893 1152 me
919 1092 1094 1152 ostenteml
1116 1123 1157 1134 —
1179 1086 1249 1173 qui,
1278 1087 1304 1151 si
1323 1087 1419 1152 vitam
1440 1107 1499 1174 pro

144 1194 232 1247 rotua
253 1182 401 1267 dignitate
423 1180 625 1267 profundam,
653 1180 768 1245 nullam
789 1191 909 1267 partem
932 1181 1041 1246 videar
1061 1179 1247 1246 meritorum
1268 1190 1396 1246 tuorum
1416 1201 1500 1245 asse-

179 1286 284 1343 cutus:
298 1287 403 1341 —aut
417 1276 456 1341 de
470 1275 603 1340 aliorum
620 1275 741 1341 iniuriis
755 1280 894 1362 querar?
910 1313 951 1322 —
965 1274 1051 1362 quod
1059 1277 1126 1341 sine
1138 1295 1261 1341 summo
1273 1273 1384 1340 dolore
1395 1272 1499 1338 facere

178 1391 242 1434 non
263 1391 402 1456 possum.
444 1374 511 1454 Ego
534 1367 590 1433 tibi
612 1391 630 1433 a
651 1369 703 1443 vi,
725 1368 783 1433 bac
803 1368 989 1455 praesertim
1010 1367 1222 1434 imbecillitate
1244 1369 1498 1453 magistratuum,

179 1471 338 1549 praestaro
360 1462 435 1527 nibil
456 1484 600 1549 possum:
623 1463 656 1528 vi
684 1472 834 1549 excepta,
867 1482 996 1548 possum
1025 1461 1225 1537 confirmare,
1258 1471 1288 1527 te
1318 1470 1350 1526 et
1376 1469 1500 1526 senatus

180 1566 211 1621 et
231 1557 340 1643 populi
362 1557 492 1622 Romani
517 1577 639 1621 summo
661 1555 764 1621 studio
785 1555 1022 1642 amplitudinem
1042 1565 1127 1622 tuam
1148 1565 1353 1623 retenturum.

145 1728 171 1766 ¹⁵
647 1718 677 1779 V.
699 1740 728 1780 a.
772 1717 821 1798 (n
847 1713 1043 1800 110698.)

452 1853 493 1915 Μ.
516 1848 658 1915 CICERO
682 1850 713 1912 S.
734 1850 772 1912 D.
794 1851 827 1912 P.
852 1847 1032 1912 LENTULO
1059 1847 1225 1913 PROCOS.

266 1993 294 2051 1.
317 1988 453 2053 Tametsi
472 1987 550 2051 mihi
571 1986 647 2051 nihil
677 1985 735 2051 luit
763 1986 914 2072 optatius,
947 2006 1041 2072 quam
1068 1994 1104 2050 ut
1124 1984 1261 2072 primum
1283 1984 1339 2050 abs
1359 1995 1392 2050 te
1413 1986 1499 2072 ipso,

180 2080 293 2145 deinde
321 2102 339 2144 a
368 2081 481 2146 ceteris
507 2079 653 2145 omnibus
680 2101 774 2167 quam
801 2078 995 2164 gratissimus
1023 2099 1099 2165 erga
1126 2089 1157 2143 te
1182 2100 1250 2143 esse
1271 2099 1499 2165 cognoscerer,
1536 2086 1542 2097 ’

181 2184 282 2238 tamen
304 2173 426 2239 allicior
446 2195 569 2239 summo
591 2173 701 2238 dolore
730 2173 885 2238 eiusmodi
912 2182 1053 2259 tempora
1074 2181 1145 2260 post
1165 2181 1250 2238 tuam
1274 2171 1500 2259 prosectionem

142 2293 170 2332 so
179 2276 345 2333 consecuta
367 2288 450 2351 esse,
473 2276 508 2332 ut
528 2276 558 2332 et
572 2287 674 2330 meam
696 2275 727 2330 et
742 2275 920 2332 ceterorum
941 2286 1016 2352 erga
1037 2275 1068 2331 te
1088 2265 1182 2331 fidem
1201 2276 1232 2331 et
1250 2264 1500 2332 benevolentiam

180 2359 292 2425 absens
320 2361 513 2444 experirere.
561 2366 605 2426 Te
632 2359 741 2425 videre
767 2368 799 2424 et
824 2360 940 2425 sentire
965 2358 1095 2425 eandem
1122 2359 1214 2424 fidem
1241 2381 1309 2425 esse
1338 2360 1501 2426 bominum

179 2455 210 2518 in
234 2462 284 2519 tua
307 2453 472 2538 dignitate,
495 2475 588 2542 quam
610 2474 670 2538 ego
692 2454 724 2518 in
746 2474 816 2518 mea
838 2453 936 2518 salute
958 2474 1027 2519 snm
1050 2463 1220 2539 expertus,
1243 2475 1284 2518 ex
1307 2454 1368 2519 tuis
1389 2453 1501 2519 litteris

180 2547 329 2612 intellexi.
373 2551 403 2611 2.
424 2552 487 2612 Nos
510 2568 580 2612 cum
603 2546 739 2611 maxime
760 2547 909 2621 consilio,
937 2547 1055 2622 studio,
1078 2546 1203 2621 labore,
1226 2548 1325 2632 gratia
1348 2547 1387 2613 de
1409 2569 1501 2613 eausa

180 2641 265 2725 regia
295 2641 483 2715 niteremur,
518 2640 622 2705 subito
645 2648 757 2705 exorta
784 2648 832 2705 est
859 2640 980 2704 nefaria
1010 2641 1134 2706 Catonis
1161 2641 1386 2726 promulgatio,
1420 2663 1501 2728 quae

142 2744 285 2800 innostra
316 2734 416 2799 studia
447 2732 615 2819 impediret
643 2742 674 2798 et
694 2733 815 2798 animos
836 2755 854 2798 a
876 2734 1000 2798 minore
1021 2754 1096 2799 eura
1117 2734 1156 2799 ad
1178 2756 1333 2801 summum
1356 2737 1501 2802 timorem

179 2828 367 2893 traduceret.
411 2827 472 2893 Sed
494 2835 597 2891 tamen
609 2828 642 2891 in
655 2827 810 2892 eiusmodi
825 2826 1061 2913 perturbatione
1075 2849 1183 2892 rernm
1196 2849 1384 2915 quamquam
1396 2831 1501 2895 omnia

179 2930 251 2987 sunt
272 2920 453 2996 metuenda,
476 2921 552 2986 nihil
575 2921 673 3004 magis
695 2942 789 3008 quam
810 2920 973 3008 perfidiam
995 2922 1157 2987 timemus:
1180 2931 1211 2986 et
1233 2923 1342 2988 Catoni
1364 2923 1505 3009 quidem,

179 3035 308 3102 quoquo
330 3014 425 3080 modo
448 3035 481 3080 se
504 3036 555 3079 res
577 3014 683 3090 habet,
716 3015 859 3101 prolecto
881 3014 1070 3080 resistemus.
1113 3020 1144 3080 3.
1165 3021 1212 3080 De
1234 3016 1444 3082 Alexandrina
1465 3037 1500 3082 re

179 3128 335 3194 causaque
357 3108 445 3192 regia
465 3117 584 3173 tantum
606 3105 708 3173 babeo
731 3107 889 3194 polliceri,
918 3129 968 3173 me
990 3107 1046 3173 tibi
1068 3106 1188 3173 absenti
1210 3110 1333 3196 tuisque
1355 3131 1503 3196 praesen·

144 3202 265 3268 solibus
287 3202 442 3266 cumulate
464 3200 704 3267 satisfacturum.
747 3200 809 3266 Sed
830 3223 958 3275 vereor,
982 3223 1021 3266 ne
1043 3211 1096 3267 aut
1114 3203 1266 3288 eripiatur
1283 3202 1386 3287 [causa
1401 3200 1500 3288 regia]

182 3296 274 3360 nobis
296 3306 349 3360 aut
370 3293 550 3373 deseratur;
586 3316 722 3381 quorum
748 3305 853 3361 uuum
881 3295 984 3360 minus
1011 3296 1121 3370 velim,
1155 3318 1218 3361 non
1250 3296 1341 3360 facile
1372 3316 1501 3382 possum

180 3389 371 3455 existimare.
415 3387 493 3463 Sed,
516 3387 543 3452 si
564 3409 616 3453 res
638 3398 744 3473 coget,
767 3399 814 3453 est
835 3388 983 3473 quiddam
1004 3390 1148 3465 tertium,
1171 3389 1257 3477 quod
1271 3411 1373 3476 neque
1388 3388 1501 3454 Selicio

178 3505 236 3548 nec
257 3483 333 3548 mihi
355 3480 553 3568 displicebat:
581 3489 617 3546 ut
637 3502 739 3568 neque
761 3481 864 3546 iacere
885 3504 994 3567 regom
1016 3493 1196 3569 pateremur
1218 3506 1274 3550 nec
1296 3482 1386 3548 nobis
1408 3504 1503 3570 repu-

178 3576 343 3660 gnantibus
365 3574 404 3639 ad
426 3596 499 3639 eum
520 3573 653 3649 deferri,
683 3573 721 3638 ad
748 3596 842 3661 quem
864 3597 963 3662 prope
984 3577 1045 3641 iam
1068 3576 1205 3642 delatum
1228 3577 1432 3642 existimatur.
1476 3583 1503 3642 A

141 3668 270 3740 „nobis
292 3678 423 3754 agentur
445 3669 551 3732 omnia
572 3668 753 3752 diligenter,
781 3678 817 3733 ut
838 3691 957 3757 neque,
980 3671 1007 3734 si
1029 3669 1105 3756 quid
1127 3670 1263 3735 obtineri
1283 3671 1415 3756 poterit,
1438 3690 1502 3735 non

178 3763 419 3836 contendamus,
451 3782 524 3837 nec,
555 3761 688 3849 siquid
717 3784 780 3826 non
812 3761 1069 3837 obtinuerimus,
1098 3765 1217 3849 repulsi
1238 3785 1305 3829 esse
1327 3763 1502 3829 videamur.

177 3861 209 3922 d.
241 3863 326 3922 Tuae
356 3855 526 3941 sapientiae
558 3856 842 3942 magnitudinisque
873 3857 966 3921 animi
1000 3867 1048 3921 est
1068 3878 1192 3922 omnem
1216 3856 1450 3942 amplitudinem
1472 3864 1503 3920 et

178 3950 358 4035 dignitatern
387 3960 472 4014 tuam
494 3949 526 4014 in
548 3949 663 4014 virtute
692 3958 785 4035 alque
807 3949 839 4013 in
862 3948 957 4014 rebus
978 3950 1074 4034 gestis
1098 3951 1157 4015 tuis
1179 3960 1271 4037 atque
1293 3950 1325 4015 in
1352 3958 1405 4014 tna
1432 3970 1503 4034 gra-

178 4045 273 4109 vitate
295 4043 429 4130 positam
452 4043 650 4107 existimare:
682 4042 708 4107 si
730 4041 807 4128 quid
828 4063 869 4107 ex
891 4043 930 4107 iis
959 4042 1071 4118 rebus,
1106 4065 1183 4129 quas
1206 4042 1263 4108 tibi
1288 4043 1414 4109 fortuna
1440 4043 1504 4108 lar-

141 4138 241 4222 mgita
263 4146 325 4211 est,
348 4135 570 4200 nonnullorum
591 4134 753 4200 bominum
773 4135 904 4223 perfidia
921 4136 1108 4211 detraxerit,
1131 4136 1163 4202 id
1184 4137 1298 4202 maiori
1319 4137 1380 4202 illis
1399 4135 1503 4202 fraudi

248 4358 276 4406 2.
295 4354 546 4405 ΔῐοωηᾱνοαηιΜι
566 4355 754 4405 Alexandriam
768 4356 798 4405 E.
819 4380 849 4391 -
880 4356 906 4406 3.
934 4357 1029 4420 quill.
1051 4382 1082 4393 -
1117 4357 1144 4408 3.
1168 4359 1234 4407 sntt's
1251 4357 1316 4406 mitt
1334 4359 1504 4419 provisumst

178 4426 258 4477 codd.
279 4420 534 4489 linqui-Lagussa:
554 4427 620 4474 sots's
637 4428 806 4488 improvisum
825 4427 866 4485 bl,
886 4429 952 4476 snts‘s
968 4429 1105 4490 provisum
1123 4428 1153 4477 ll.
1176 4452 1206 4463 -
1247 4429 1274 4478 7.
1293 4434 1341 4477 out
1358 4428 1439 4476 stium
1456 4426 1502 4477 Μι

178 4505 226 4547 esst
245 4497 301 4546 tom
319 4495 349 4544 ll.
370 4519 401 4530 -
435 4502 541 4557 possent
566 4495 605 4546 Μ.
625 4519 657 4531 -
695 4497 737 4546 10.
763 4500 915 4547 meritorum
933 4504 1038 4548 tuorum
1063 4498 1107 4548 M:
1129 4505 1234 4548 tuorum
1252 4499 1405 4546 meritorum
1423 4497 1454 4546 ll.
1471 4519 1502 4532 -

182 4566 225 4617 13.
251 4560 288 4626 oi]
307 4571 337 4612 ut
355 4564 392 4615 Μ.
417 4589 443 4599 -
483 4565 528 4615 22.
547 4566 576 4614 s'ss
593 4580 676 4614 meam
694 4567 803 4616 sulutem
829 4569 940 4618 Codices
966 4567 1054 4617 multi.
1091 4568 1146 4618 Clr.
1167 4567 1245 4617 lland
1265 4566 1383 4616 Tursell.
1403 4566 1452 4616 lll.
1474 4580 1502 4630 p.

181 4637 243 4686 315.
266 4661 293 4670 -
313 4633 358 4683 23.
377 4634 501 4683 eiusmodi
519 4636 565 4685 ll:
583 4637 729 4685 huiusmodi
744 4637 773 4686 F..
795 4662 824 4671 -
844 4639 888 4688 28.
908 4639 982 4688 lubet
997 4639 1042 4687 ltl:
1061 4639 1154 4688 babent
1178 4639 1208 4687 11.
1225 4664 1250 4673 -
1282 4639 1427 4687 resistemus
1439 4637 1502 4687 eod.

181 4703 321 4756 Cizensis:
340 4704 483 4752 resistimus
501 4704 560 4754 llll.
584 4731 613 4740 -
646 4706 689 4755 30.
709 4709 840 4769 eripiatur
858 4722 936 4757 roano
953 4710 1026 4772 repta
1043 4709 1117 4757 nobis
1135 4709 1180 4759 M:
1201 4710 1331 4771 eripietur
1347 4706 1422 4756 nobts
1439 4721 1502 4756 eum

182 4773 303 4826 Marrullo
316 4773 348 4822 ll.
364 4796 391 4806 -
412 4773 456 4822 33.
475 4772 570 4838 sepem]
590 4790 645 4826 rem
656 4777 905 4838 Martini-Lagona.
929 4803 958 4812 -
990 4778 1034 4825 at.
1054 4780 1155 4828 delusus
1174 4777 1229 4827 Zel.
1245 4780 1276 4827 Α.
1297 4776 1501 4840 Benllvoglius,

102 4853 104 4858 '
180 4845 272 4897 deluto
290 4841 431 4893 Goellerb.
450 4850 571 4908 quartus.
590 4871 623 4883 -
661 4847 704 4897 ³5.
725 4854 753 4896 nt
773 4862 852 4910 rseque
871 4848 914 4898 bl:
935 4854 1026 4896 utssec
1047 4848 1076 4898 S.
1099 4873 1126 4882 -
1149 4845 1254 4911 32113]
1274 4845 1363 4898 ln'sbl.
