<?xml version="1.0" encoding="UTF-8"?>
<!DOCTYPE html PUBLIC "-//W3C//DTD XHTML 1.0 Transitional//EN"
    "http://www.w3.org/TR/xhtml1/DTD/xhtml1-transitional.dtd">
<html xmlns="http://www.w3.org/1999/xhtml" xml:lang="en" lang="en">
 <head>
  <title>
</title>
<meta http-equiv="Content-Type" content="text/html;charset=utf-8" />
  <meta name='ocr-system' content='tesseract 3.04.00' />
  <meta name='ocr-capabilities' content='ocr_page ocr_carea ocr_par ocr_line ocrx_word'/>
</head>
<body>
  <div class='ocr_page' id='page_1' title='image "./operaquaesupers06halmgoog_0745.png"; bbox 0 0 3256 5400; ppageno 0'>
   <div class='ocr_carea' id='block_1_1' title="bbox 572 242 1458 309">
    <p class='ocr_par' dir='ltr' id='par_1_1' title="bbox 572 242 1458 309">
     <span class='ocr_line' id='line_1_1' title="bbox 572 242 1458 309; baseline 0.003 -3"><span class='ocrx_word' id='word_1_1' title='bbox 572 243 646 307; x_wconf 81' lang='lat' dir='ltr'><strong>um.</strong></span> <span class='ocrx_word' id='word_1_2' title='bbox 665 243 749 306; x_wconf 84' lang='lat' dir='ltr'><strong>XIII.</strong></span> <span class='ocrx_word' id='word_1_3' title='bbox 791 243 850 307; x_wconf 79' lang='grc' dir='ltr'><strong>ΕΡ.</strong></span> <span class='ocrx_word' id='word_1_4' title='bbox 870 244 923 306; x_wconf 82' lang='grc'><strong>26.</strong></span> <span class='ocrx_word' id='word_1_5' title='bbox 943 243 995 306; x_wconf 86' lang='grc'><strong>27.</strong></span> <span class='ocrx_word' id='word_1_6' title='bbox 1017 242 1068 306; x_wconf 84' lang='grc'><strong>28.</strong></span> <span class='ocrx_word' id='word_1_7' title='bbox 1396 246 1458 309; x_wconf 85' lang='grc'><strong>675</strong></span> 
     </span>
    </p>
   </div>
   <div class='ocr_carea' id='block_1_2' title="bbox 142 395 1456 489">
    <p class='ocr_par' dir='ltr' id='par_1_2' title="bbox 142 395 1456 489">
     <span class='ocr_line' id='line_1_2' title="bbox 142 395 1456 489; baseline 0.002 -25"><span class='ocrx_word' id='word_1_8' title='bbox 142 402 246 468; x_wconf 90' lang='lat' dir='ltr'><strong>locum</strong></span> <span class='ocrx_word' id='word_1_9' title='bbox 269 395 373 464; x_wconf 84' lang='lat' dir='ltr'><strong>babeo</strong></span> <span class='ocrx_word' id='word_1_10' title='bbox 392 395 527 472; x_wconf 88' lang='lat' dir='ltr'><strong>nullum,</strong></span> <span class='ocrx_word' id='word_1_11' title='bbox 549 397 605 463; x_wconf 90' lang='lat' dir='ltr'><strong>ubi</strong></span> <span class='ocrx_word' id='word_1_12' title='bbox 627 397 748 464; x_wconf 79' lang='lat' dir='ltr'><strong>facilius</strong></span> <span class='ocrx_word' id='word_1_13' title='bbox 770 418 838 463; x_wconf 88' lang='lat' dir='ltr'><strong>csse</strong></span> <span class='ocrx_word' id='word_1_14' title='bbox 859 399 976 483; x_wconf 87' lang='lat' dir='ltr'><strong>possim</strong></span> <span class='ocrx_word' id='word_1_15' title='bbox 999 418 1092 485; x_wconf 88' lang='lat' dir='ltr'><strong>quam</strong></span> <span class='ocrx_word' id='word_1_16' title='bbox 1107 404 1247 466; x_wconf 79' lang='lat' dir='ltr'><strong>Asturae.</strong></span> <span class='ocrx_word' id='word_1_17' title='bbox 1290 402 1353 467; x_wconf 88' lang='lat' dir='ltr'><strong>Sed</strong></span> <span class='ocrx_word' id='word_1_18' title='bbox 1366 403 1456 489; x_wconf 88' lang='lat' dir='ltr'><strong>quia,</strong></span> 
     </span>
    </p>
   </div>
   <div class='ocr_carea' id='block_1_3' title="bbox 142 491 1497 1402">
    <p class='ocr_par' dir='ltr' id='par_1_3' title="bbox 142 491 1497 1402">
     <span class='ocr_line' id='line_1_3' title="bbox 143 491 1457 583; baseline 0.002 -24"><span class='ocrx_word' id='word_1_19' title='bbox 143 497 198 583; x_wconf 93' lang='lat' dir='ltr'><strong>qui</strong></span> <span class='ocrx_word' id='word_1_20' title='bbox 219 515 341 559; x_wconf 88' lang='lat' dir='ltr'><strong>mecum</strong></span> <span class='ocrx_word' id='word_1_21' title='bbox 369 500 501 556; x_wconf 88' lang='lat' dir='ltr'><strong>sunt-</strong></span> <span class='ocrx_word' id='word_1_22' title='bbox 523 491 637 566; x_wconf 89' lang='lat' dir='ltr'><strong>credo,</strong></span> <span class='ocrx_word' id='word_1_23' title='bbox 667 492 752 579; x_wconf 94' lang='lat' dir='ltr'><strong>quod</strong></span> <span class='ocrx_word' id='word_1_24' title='bbox 781 492 965 557; x_wconf 88' lang='lat' dir='ltr'><strong>maestitiam</strong></span> <span class='ocrx_word' id='word_1_25' title='bbox 988 513 1088 557; x_wconf 82' lang='lat' dir='ltr'><strong>meam</strong></span> <span class='ocrx_word' id='word_1_26' title='bbox 1113 514 1177 558; x_wconf 92' lang='lat' dir='ltr'><strong>non</strong></span> <span class='ocrx_word' id='word_1_27' title='bbox 1198 493 1302 559; x_wconf 89' lang='lat' dir='ltr'><strong>lerunt</strong></span> <span class='ocrx_word' id='word_1_28' title='bbox 1323 532 1380 570; x_wconf 89' lang='lat'><strong>—‚</strong></span> <span class='ocrx_word' id='word_1_29' title='bbox 1402 496 1457 561; x_wconf 95' lang='lat' dir='ltr'><strong>do·</strong></span> 
     </span>
     <span class='ocr_line' id='line_1_4' title="bbox 142 586 1459 675; baseline 0 -23"><span class='ocrx_word' id='word_1_30' title='bbox 142 608 228 653; x_wconf 92' lang='lat' dir='ltr'><strong>mum</strong></span> <span class='ocrx_word' id='word_1_31' title='bbox 249 594 433 673; x_wconf 91' lang='lat' dir='ltr'><strong>properant,</strong></span> <span class='ocrx_word' id='word_1_32' title='bbox 468 586 526 651; x_wconf 87' lang='lat' dir='ltr'><strong>etsi</strong></span> <span class='ocrx_word' id='word_1_33' title='bbox 547 596 689 672; x_wconf 86' lang='lat' dir='ltr'><strong>poteram</strong></span> <span class='ocrx_word' id='word_1_34' title='bbox 711 607 890 659; x_wconf 86' lang='lat' dir='ltr'><strong>remanere,</strong></span> <span class='ocrx_word' id='word_1_35' title='bbox 925 594 1044 661; x_wconf 88' lang='lat' dir='ltr'><strong>tamen,</strong></span> <span class='ocrx_word' id='word_1_36' title='bbox 1074 598 1109 651; x_wconf 91' lang='lat' dir='ltr'><strong>ut</strong></span> <span class='ocrx_word' id='word_1_37' title='bbox 1129 587 1240 674; x_wconf 84' lang='lat' dir='ltr'><strong>scripsi</strong></span> <span class='ocrx_word' id='word_1_38' title='bbox 1262 587 1336 663; x_wconf 92' lang='lat' dir='ltr'><strong>tibi,</strong></span> <span class='ocrx_word' id='word_1_39' title='bbox 1363 587 1459 675; x_wconf 86' lang='lat' dir='ltr'><strong>proli-</strong></span> 
     </span>
     <span class='ocr_line' id='line_1_5' title="bbox 143 679 1458 768; baseline -0.001 -20"><span class='ocrx_word' id='word_1_40' title='bbox 143 683 243 748; x_wconf 88' lang='lat' dir='ltr'><strong>ciscar</strong></span> <span class='ocrx_word' id='word_1_41' title='bbox 263 681 350 753; x_wconf 87' lang='lat' dir='ltr'><strong>binc,</strong></span> <span class='ocrx_word' id='word_1_42' title='bbox 372 700 413 744; x_wconf 86' lang='lat' dir='ltr'><strong>ne</strong></span> <span class='ocrx_word' id='word_1_43' title='bbox 433 679 560 746; x_wconf 88' lang='lat' dir='ltr'><strong>relictus</strong></span> <span class='ocrx_word' id='word_1_44' title='bbox 582 680 700 747; x_wconf 84' lang='lat' dir='ltr'><strong>videar.</strong></span> <span class='ocrx_word' id='word_1_45' title='bbox 744 685 816 759; x_wconf 86' lang='lat' dir='ltr'><strong>Quo</strong></span> <span class='ocrx_word' id='word_1_46' title='bbox 831 687 956 746; x_wconf 74' lang='lat' dir='ltr'><strong>autem?</strong></span> <span class='ocrx_word' id='word_1_47' title='bbox 978 682 1173 747; x_wconf 78' lang='lat' dir='ltr'><strong>Lanuvium?</strong></span> <span class='ocrx_word' id='word_1_48' title='bbox 1189 685 1300 748; x_wconf 77' lang='lat' dir='ltr'><strong>‚Conor</strong></span> <span class='ocrx_word' id='word_1_49' title='bbox 1314 681 1458 768; x_wconf 84' lang='lat' dir='ltr'><strong>equidem</strong></span> 
     </span>
     <span class='ocr_line' id='line_1_6' title="bbox 142 773 1481 841; baseline -0.002 0"><span class='ocrx_word' id='word_1_50' title='bbox 142 776 175 841; x_wconf 89' lang='lat' dir='ltr'><strong>iu</strong></span> <span class='ocrx_word' id='word_1_51' title='bbox 198 773 415 840; x_wconf 90' lang='lat' dir='ltr'><strong>Tusculanum.</strong></span> <span class='ocrx_word' id='word_1_52' title='bbox 468 773 529 838; x_wconf 90' lang='lat' dir='ltr'><strong>Sed</strong></span> <span class='ocrx_word' id='word_1_53' title='bbox 559 773 668 839; x_wconf 78' lang='lat' dir='ltr'><strong>faciam</strong></span> <span class='ocrx_word' id='word_1_54' title='bbox 692 784 721 839; x_wconf 89' lang='lat' dir='ltr'><strong>tc</strong></span> <span class='ocrx_word' id='word_1_55' title='bbox 744 779 845 839; x_wconf 85' lang='lat' dir='ltr'><strong>statim</strong></span> <span class='ocrx_word' id='word_1_56' title='bbox 866 775 1043 839; x_wconf 90' lang='lat' dir='ltr'><strong>certiorem.</strong></span> <span class='ocrx_word' id='word_1_57' title='bbox 1096 781 1144 840; x_wconf 89' lang='lat' dir='ltr'><strong>Tu</strong></span> <span class='ocrx_word' id='word_1_58' title='bbox 1165 775 1282 840; x_wconf 74' lang='lat' dir='ltr'><strong>litteras</strong></span> <span class='ocrx_word' id='word_1_59' title='bbox 1304 775 1481 840; x_wconf 72' lang='lat' dir='ltr'><strong>conficiens</strong></span> 
     </span>
     <span class='ocr_line' id='line_1_7' title="bbox 142 865 1457 954; baseline -0.004 -20"><span class='ocrx_word' id='word_1_60' title='bbox 142 867 312 954; x_wconf 88' lang='lat' dir='ltr'><strong>Equidem.</strong></span> <span class='ocrx_word' id='word_1_61' title='bbox 335 865 484 932; x_wconf 90' lang='lat' dir='ltr'><strong>credibile</strong></span> <span class='ocrx_word' id='word_1_62' title='bbox 506 889 569 931; x_wconf 93' lang='lat' dir='ltr'><strong>non</strong></span> <span class='ocrx_word' id='word_1_63' title='bbox 592 877 655 941; x_wconf 88' lang='lat' dir='ltr'><strong>cst,</strong></span> <span class='ocrx_word' id='word_1_64' title='bbox 678 879 826 954; x_wconf 85' lang='lat' dir='ltr'><strong>quantum</strong></span> <span class='ocrx_word' id='word_1_65' title='bbox 848 867 981 932; x_wconf 89' lang='lat' dir='ltr'><strong>scribam</strong></span> <span class='ocrx_word' id='word_1_66' title='bbox 1004 868 1071 944; x_wconf 91' lang='lat' dir='ltr'><strong>dic;</strong></span> <span class='ocrx_word' id='word_1_67' title='bbox 1093 873 1167 954; x_wconf 94' lang='lat' dir='ltr'><strong>quin</strong></span> <span class='ocrx_word' id='word_1_68' title='bbox 1190 869 1282 933; x_wconf 89' lang='lat' dir='ltr'><strong>etiam</strong></span> <span class='ocrx_word' id='word_1_69' title='bbox 1304 868 1457 933; x_wconf 90' lang='lat' dir='ltr'><strong>noctibus.</strong></span> 
     </span>
     <span class='ocr_line' id='line_1_8' title="bbox 142 961 1458 1048; baseline -0.002 -21"><span class='ocrx_word' id='word_1_70' title='bbox 142 962 224 1027; x_wconf 85' lang='lat' dir='ltr'><strong>Nihil</strong></span> <span class='ocrx_word' id='word_1_71' title='bbox 247 962 329 1026; x_wconf 70' lang='lat' dir='ltr'><strong>(cuim</strong></span> <span class='ocrx_word' id='word_1_72' title='bbox 351 962 462 1027; x_wconf 91' lang='lat' dir='ltr'><strong>somni.</strong></span> <span class='ocrx_word' id='word_1_73' title='bbox 520 962 595 1025; x_wconf 91' lang='lat' dir='ltr'><strong>lleri</strong></span> <span class='ocrx_word' id='word_1_74' title='bbox 617 961 708 1026; x_wconf 88' lang='lat' dir='ltr'><strong>ctiam</strong></span> <span class='ocrx_word' id='word_1_75' title='bbox 730 961 818 1026; x_wconf 80' lang='lat' dir='ltr'><strong>effeci</strong></span> <span class='ocrx_word' id='word_1_76' title='bbox 841 962 1003 1048; x_wconf 87' lang='lat' dir='ltr'><strong>epistolam</strong></span> <span class='ocrx_word' id='word_1_77' title='bbox 1026 961 1064 1026; x_wconf 92' lang='lat' dir='ltr'><strong>ad</strong></span> <span class='ocrx_word' id='word_1_78' title='bbox 1088 966 1270 1037; x_wconf 67' lang='lat' dir='ltr'><strong>Caesarem</strong></span> <span class='ocrx_word' id='word_1_79' title='bbox 1297 961 1354 1027; x_wconf 92' lang='lat' dir='ltr'><strong>tibi</strong></span> <span class='ocrx_word' id='word_1_80' title='bbox 1377 967 1458 1025; x_wconf 89' lang='lat' dir='ltr'><strong>enim</strong></span> 
     </span>
     <span class='ocr_line' id='line_1_9' title="bbox 142 1053 1461 1143; baseline -0.002 -21"><span class='ocrx_word' id='word_1_81' title='bbox 142 1054 298 1143; x_wconf 81' lang='lat' dir='ltr'><strong>placebat:</strong></span> <span class='ocrx_word' id='word_1_82' title='bbox 321 1077 413 1141; x_wconf 91' lang='lat' dir='ltr'><strong>quam</strong></span> <span class='ocrx_word' id='word_1_83' title='bbox 443 1076 506 1120; x_wconf 91' lang='lat' dir='ltr'><strong>non</strong></span> <span class='ocrx_word' id='word_1_84' title='bbox 535 1056 593 1121; x_wconf 86' lang='lat' dir='ltr'><strong>luit</strong></span> <span class='ocrx_word' id='word_1_85' title='bbox 621 1056 736 1120; x_wconf 89' lang='lat' dir='ltr'><strong>malum</strong></span> <span class='ocrx_word' id='word_1_86' title='bbox 763 1053 872 1129; x_wconf 88' lang='lat' dir='ltr'><strong>scribi,</strong></span> <span class='ocrx_word' id='word_1_87' title='bbox 903 1055 928 1119; x_wconf 89' lang='lat' dir='ltr'><strong>si</strong></span> <span class='ocrx_word' id='word_1_88' title='bbox 950 1054 1032 1120; x_wconf 87' lang='lat' dir='ltr'><strong>Iorte</strong></span> <span class='ocrx_word' id='word_1_89' title='bbox 1054 1076 1134 1140; x_wconf 92' lang='lat' dir='ltr'><strong>opus</strong></span> <span class='ocrx_word' id='word_1_90' title='bbox 1155 1076 1223 1119; x_wconf 87' lang='lat' dir='ltr'><strong>csse</strong></span> <span class='ocrx_word' id='word_1_91' title='bbox 1245 1065 1382 1141; x_wconf 88' lang='lat' dir='ltr'><strong>putares.</strong></span> <span class='ocrx_word' id='word_1_92' title='bbox 1425 1059 1461 1119; x_wconf 88' lang='lat' dir='ltr'><strong>Ut</strong></span> 
     </span>
     <span class='ocr_line' id='line_1_10' title="bbox 144 1148 1461 1236; baseline -0.002 -21"><span class='ocrx_word' id='word_1_93' title='bbox 144 1150 269 1236; x_wconf 89' lang='lat' dir='ltr'><strong>quidem</strong></span> <span class='ocrx_word' id='word_1_94' title='bbox 299 1171 380 1214; x_wconf 90' lang='lat' dir='ltr'><strong>nunc</strong></span> <span class='ocrx_word' id='word_1_95' title='bbox 409 1158 470 1224; x_wconf 92' lang='lat' dir='ltr'><strong>cst,</strong></span> <span class='ocrx_word' id='word_1_96' title='bbox 503 1149 579 1214; x_wconf 91' lang='lat' dir='ltr'><strong>nibil</strong></span> <span class='ocrx_word' id='word_1_97' title='bbox 609 1170 682 1214; x_wconf 88' lang='lat' dir='ltr'><strong>sanc</strong></span> <span class='ocrx_word' id='word_1_98' title='bbox 710 1159 756 1213; x_wconf 89' lang='lat' dir='ltr'><strong>cst</strong></span> <span class='ocrx_word' id='word_1_99' title='bbox 784 1169 911 1213; x_wconf 86' lang='lat' dir='ltr'><strong>necesse</strong></span> <span class='ocrx_word' id='word_1_100' title='bbox 936 1150 1068 1215; x_wconf 85' lang='lat' dir='ltr'><strong>mittere.</strong></span> <span class='ocrx_word' id='word_1_101' title='bbox 1127 1148 1188 1213; x_wconf 90' lang='lat' dir='ltr'><strong>Sed</strong></span> <span class='ocrx_word' id='word_1_102' title='bbox 1209 1148 1240 1212; x_wconf 91' lang='lat' dir='ltr'><strong>id</strong></span> <span class='ocrx_word' id='word_1_103' title='bbox 1264 1148 1404 1235; x_wconf 89' lang='lat' dir='ltr'><strong>quidem,</strong></span> <span class='ocrx_word' id='word_1_104' title='bbox 1426 1156 1461 1211; x_wconf 93' lang='lat' dir='ltr'><strong>ut</strong></span> 
     </span>
     <span class='ocr_line' id='line_1_11' title="bbox 143 1240 1497 1328; baseline -0.003 -20"><span class='ocrx_word' id='word_1_105' title='bbox 143 1242 200 1309; x_wconf 92' lang='lat' dir='ltr'><strong>tibi</strong></span> <span class='ocrx_word' id='word_1_106' title='bbox 223 1242 388 1308; x_wconf 84' lang='lat' dir='ltr'><strong>videbitur.</strong></span> <span class='ocrx_word' id='word_1_107' title='bbox 441 1244 558 1307; x_wconf 88' lang='lat' dir='ltr'><strong>Mittam</strong></span> <span class='ocrx_word' id='word_1_108' title='bbox 587 1251 689 1307; x_wconf 89' lang='lat' dir='ltr'><strong>tamen</strong></span> <span class='ocrx_word' id='word_1_109' title='bbox 720 1242 758 1306; x_wconf 93' lang='lat' dir='ltr'><strong>ad</strong></span> <span class='ocrx_word' id='word_1_110' title='bbox 787 1250 818 1306; x_wconf 92' lang='lat' dir='ltr'><strong>tc</strong></span> <span class='ocrx_word' id='word_1_111' title='bbox 846 1243 1025 1328; x_wconf 83' lang='lat' dir='ltr'><strong>exemplum</strong></span> <span class='ocrx_word' id='word_1_112' title='bbox 1054 1242 1186 1308; x_wconf 86' lang='lat' dir='ltr'><strong>sortasse</strong></span> <span class='ocrx_word' id='word_1_113' title='bbox 1215 1243 1372 1314; x_wconf 84' lang='lat' dir='ltr'><strong>Lanuvio,</strong></span> <span class='ocrx_word' id='word_1_114' title='bbox 1400 1240 1497 1305; x_wconf 87' lang='lat' dir='ltr'><strong>nisim</strong></span> 
     </span>
     <span class='ocr_line' id='line_1_12' title="bbox 143 1335 697 1402; baseline -0.004 -1"><span class='ocrx_word' id='word_1_115' title='bbox 143 1335 226 1401; x_wconf 87' lang='lat' dir='ltr'><strong>forte</strong></span> <span class='ocrx_word' id='word_1_116' title='bbox 247 1342 389 1402; x_wconf 87' lang='lat' dir='ltr'><strong>Romam.</strong></span> <span class='ocrx_word' id='word_1_117' title='bbox 431 1335 492 1401; x_wconf 89' lang='lat' dir='ltr'><strong>Sed</strong></span> <span class='ocrx_word' id='word_1_118' title='bbox 515 1357 585 1401; x_wconf 90' lang='lat' dir='ltr'><strong>cras</strong></span> <span class='ocrx_word' id='word_1_119' title='bbox 606 1337 697 1401; x_wconf 89' lang='lat' dir='ltr'><strong>scies.</strong></span> 
     </span>
    </p>
   </div>
   <div class='ocr_carea' id='block_1_4' title="bbox 585 1475 1026 1556">
    <p class='ocr_par' dir='ltr' id='par_1_4' title="bbox 585 1475 1026 1556">
     <span class='ocr_line' id='line_1_13' title="bbox 585 1475 1026 1556; baseline 0 -15"><span class='ocrx_word' id='word_1_120' title='bbox 585 1479 711 1541; x_wconf 73' lang='lat' dir='ltr'><strong>aaut</strong></span> <span class='ocrx_word' id='word_1_121' title='bbox 753 1476 806 1556; x_wconf 77' lang='lat' dir='ltr'><strong>(n.</strong></span> <span class='ocrx_word' id='word_1_122' title='bbox 832 1479 864 1543; x_wconf 89' lang='lat' dir='ltr'><strong>u.</strong></span> <span class='ocrx_word' id='word_1_123' title='bbox 888 1480 919 1543; x_wconf 85' lang='lat' dir='ltr'><strong>c.</strong></span> <span class='ocrx_word' id='word_1_124' title='bbox 941 1475 1026 1556; x_wconf 71' lang='lat' dir='ltr'><strong>ros)</strong></span> 
     </span>
    </p>
   </div>
   <div class='ocr_carea' id='block_1_5' title="bbox 624 1599 987 1664">
    <p class='ocr_par' dir='ltr' id='par_1_5' title="bbox 624 1599 987 1664">
     <span class='ocr_line' id='line_1_14' title="bbox 624 1599 987 1664; baseline -0.003 0"><span class='ocrx_word' id='word_1_125' title='bbox 624 1599 767 1664; x_wconf 85' lang='lat' dir='ltr'><strong>CICERO</strong></span> <span class='ocrx_word' id='word_1_126' title='bbox 788 1600 932 1664; x_wconf 78' lang='lat' dir='ltr'><strong>ATTICO</strong></span> <span class='ocrx_word' id='word_1_127' title='bbox 955 1602 987 1663; x_wconf 88' lang='lat' dir='ltr'><strong>S.</strong></span> 
     </span>
    </p>
   </div>
   <div class='ocr_carea' id='block_1_6' title="bbox 143 1707 1499 3741">
    <p class='ocr_par' dir='ltr' id='par_1_6' title="bbox 143 1707 1499 3741">
     <span class='ocr_line' id='line_1_15' title="bbox 231 1707 1461 1796; baseline -0.002 -18"><span class='ocrx_word' id='word_1_128' title='bbox 231 1717 258 1778; x_wconf 99' lang='grc'><strong>1.</strong></span> <span class='ocrx_word' id='word_1_129' title='bbox 279 1717 325 1776; x_wconf 89' lang='lat' dir='ltr'><strong>Dc</strong></span> <span class='ocrx_word' id='word_1_130' title='bbox 346 1710 476 1795; x_wconf 88' lang='lat' dir='ltr'><strong>epistola</strong></span> <span class='ocrx_word' id='word_1_131' title='bbox 498 1708 536 1774; x_wconf 90' lang='lat' dir='ltr'><strong>ad</strong></span> <span class='ocrx_word' id='word_1_132' title='bbox 559 1712 740 1781; x_wconf 89' lang='lat' dir='ltr'><strong>Caesarem,</strong></span> <span class='ocrx_word' id='word_1_133' title='bbox 773 1709 864 1774; x_wconf 94' lang='lat' dir='ltr'><strong>nobis</strong></span> <span class='ocrx_word' id='word_1_134' title='bbox 884 1731 963 1774; x_wconf 79' lang='lat' dir='ltr'><strong>vero</strong></span> <span class='ocrx_word' id='word_1_135' title='bbox 994 1730 1119 1796; x_wconf 88' lang='lat' dir='ltr'><strong>sempor</strong></span> <span class='ocrx_word' id='word_1_136' title='bbox 1138 1709 1309 1775; x_wconf 81' lang='lat' dir='ltr'><strong>rectissime</strong></span> <span class='ocrx_word' id='word_1_137' title='bbox 1331 1707 1461 1796; x_wconf 81' lang='lat' dir='ltr'><strong>placuit.</strong></span> 
     </span>
     <span class='ocr_line' id='line_1_16' title="bbox 145 1802 1499 1888; baseline -0.006 -13"><span class='ocrx_word' id='word_1_138' title='bbox 145 1819 181 1875; x_wconf 94' lang='lat' dir='ltr'><strong>ut</strong></span> <span class='ocrx_word' id='word_1_139' title='bbox 201 1808 251 1873; x_wconf 87' lang='lat' dir='ltr'><strong>isti</strong></span> <span class='ocrx_word' id='word_1_140' title='bbox 277 1819 346 1871; x_wconf 89' lang='lat' dir='ltr'><strong>ante</strong></span> <span class='ocrx_word' id='word_1_141' title='bbox 368 1805 517 1888; x_wconf 83' lang='lat' dir='ltr'><strong>legerent.</strong></span> <span class='ocrx_word' id='word_1_142' title='bbox 576 1804 672 1868; x_wconf 82' lang='lat' dir='ltr'><strong>Aliter</strong></span> <span class='ocrx_word' id='word_1_143' title='bbox 701 1803 783 1867; x_wconf 88' lang='lat' dir='ltr'><strong>enim</strong></span> <span class='ocrx_word' id='word_1_144' title='bbox 812 1802 978 1868; x_wconf 81' lang='lat' dir='ltr'><strong>fuissemus</strong></span> <span class='ocrx_word' id='word_1_145' title='bbox 1007 1816 1038 1868; x_wconf 90' lang='lat' dir='ltr'><strong>ct</strong></span> <span class='ocrx_word' id='word_1_146' title='bbox 1059 1805 1090 1868; x_wconf 93' lang='lat' dir='ltr'><strong>in</strong></span> <span class='ocrx_word' id='word_1_147' title='bbox 1113 1803 1170 1869; x_wconf 90' lang='lat' dir='ltr'><strong>bos</strong></span> <span class='ocrx_word' id='word_1_148' title='bbox 1191 1803 1355 1868; x_wconf 85' lang='lat' dir='ltr'><strong>inofficiosi</strong></span> <span class='ocrx_word' id='word_1_149' title='bbox 1377 1812 1408 1868; x_wconf 92' lang='lat' dir='ltr'><strong>ct</strong></span> <span class='ocrx_word' id='word_1_150' title='bbox 1428 1804 1461 1867; x_wconf 90' lang='lat' dir='ltr'><strong>iu</strong></span> <span class='ocrx_word' id='word_1_151' title='bbox 1475 1839 1499 1876; x_wconf 60' lang='lat' dir='ltr'><strong>m</strong></span> 
     </span>
     <span class='ocr_line' id='line_1_17' title="bbox 144 1895 1460 1985; baseline -0.004 -18"><span class='ocrx_word' id='word_1_152' title='bbox 144 1900 388 1985; x_wconf 90' lang='lat' dir='ltr'><strong>nosmetipsos,</strong></span> <span class='ocrx_word' id='word_1_153' title='bbox 424 1899 450 1962; x_wconf 91' lang='lat' dir='ltr'><strong>si</strong></span> <span class='ocrx_word' id='word_1_154' title='bbox 472 1897 559 1962; x_wconf 92' lang='lat' dir='ltr'><strong>illum</strong></span> <span class='ocrx_word' id='word_1_155' title='bbox 582 1897 730 1962; x_wconf 80' lang='lat' dir='ltr'><strong>offensuri</strong></span> <span class='ocrx_word' id='word_1_156' title='bbox 754 1895 886 1970; x_wconf 87' lang='lat' dir='ltr'><strong>luimus,</strong></span> <span class='ocrx_word' id='word_1_157' title='bbox 922 1917 1020 1982; x_wconf 92' lang='lat' dir='ltr'><strong>paene</strong></span> <span class='ocrx_word' id='word_1_158' title='bbox 1046 1898 1224 1984; x_wconf 85' lang='lat' dir='ltr'><strong>periculosi.</strong></span> <span class='ocrx_word' id='word_1_159' title='bbox 1282 1897 1333 1961; x_wconf 91' lang='lat' dir='ltr'><strong>Isti</strong></span> <span class='ocrx_word' id='word_1_160' title='bbox 1356 1908 1460 1962; x_wconf 87' lang='lat' dir='ltr'><strong>autem</strong></span> 
     </span>
     <span class='ocr_line' id='line_1_18' title="bbox 143 1989 1462 2080; baseline -0.003 -20"><span class='ocrx_word' id='word_1_161' title='bbox 143 1996 294 2080; x_wconf 79' lang='lat' dir='ltr'><strong>iugenue3</strong></span> <span class='ocrx_word' id='word_1_162' title='bbox 328 1991 467 2078; x_wconf 86' lang='lat' dir='ltr'><strong>mihique</strong></span> <span class='ocrx_word' id='word_1_163' title='bbox 489 2001 626 2076; x_wconf 80' lang='lat' dir='ltr'><strong>gratum,</strong></span> <span class='ocrx_word' id='word_1_164' title='bbox 656 1989 757 2076; x_wconf 88' lang='lat' dir='ltr'><strong>quod,</strong></span> <span class='ocrx_word' id='word_1_165' title='bbox 780 1990 855 2076; x_wconf 90' lang='lat' dir='ltr'><strong>quid</strong></span> <span class='ocrx_word' id='word_1_166' title='bbox 877 1993 1041 2066; x_wconf 84' lang='lat' dir='ltr'><strong>sentirent,</strong></span> <span class='ocrx_word' id='word_1_167' title='bbox 1071 2013 1133 2056; x_wconf 91' lang='lat' dir='ltr'><strong>non</strong></span> <span class='ocrx_word' id='word_1_168' title='bbox 1155 1991 1363 2055; x_wconf 87' lang='lat' dir='ltr'><strong>reticuerunt:</strong></span> <span class='ocrx_word' id='word_1_169' title='bbox 1386 1991 1462 2056; x_wconf 93' lang='lat' dir='ltr'><strong>illud</strong></span> 
     </span>
     <span class='ocr_line' id='line_1_19' title="bbox 144 2084 1461 2172; baseline -0.002 -20"><span class='ocrx_word' id='word_1_170' title='bbox 144 2109 222 2154; x_wconf 84' lang='lat' dir='ltr'><strong>vcro</strong></span> <span class='ocrx_word' id='word_1_171' title='bbox 243 2087 293 2152; x_wconf 84' lang='lat' dir='ltr'><strong>vel</strong></span> <span class='ocrx_word' id='word_1_172' title='bbox 315 2086 448 2172; x_wconf 91' lang='lat' dir='ltr'><strong>optime,</strong></span> <span class='ocrx_word' id='word_1_173' title='bbox 471 2085 556 2171; x_wconf 92' lang='lat' dir='ltr'><strong>quod</strong></span> <span class='ocrx_word' id='word_1_174' title='bbox 577 2086 619 2150; x_wconf 91' lang='lat' dir='ltr'><strong>ita</strong></span> <span class='ocrx_word' id='word_1_175' title='bbox 641 2084 735 2149; x_wconf 88' lang='lat' dir='ltr'><strong>multa</strong></span> <span class='ocrx_word' id='word_1_176' title='bbox 757 2085 872 2150; x_wconf 90' lang='lat' dir='ltr'><strong>mutari</strong></span> <span class='ocrx_word' id='word_1_177' title='bbox 894 2087 1016 2160; x_wconf 85' lang='lat' dir='ltr'><strong>volunt,</strong></span> <span class='ocrx_word' id='word_1_178' title='bbox 1038 2094 1074 2150; x_wconf 93' lang='lat' dir='ltr'><strong>ut</strong></span> <span class='ocrx_word' id='word_1_179' title='bbox 1096 2085 1170 2149; x_wconf 89' lang='lat' dir='ltr'><strong>mihi</strong></span> <span class='ocrx_word' id='word_1_180' title='bbox 1187 2085 1226 2149; x_wconf 89' lang='lat' dir='ltr'><strong>dc</strong></span> <span class='ocrx_word' id='word_1_181' title='bbox 1244 2085 1366 2169; x_wconf 80' lang='lat' dir='ltr'><strong>integro</strong></span> <span class='ocrx_word' id='word_1_182' title='bbox 1385 2086 1461 2150; x_wconf 92' lang='lat' dir='ltr'><strong>scri-</strong></span> 
     </span>
     <span class='ocr_line' id='line_1_20' title="bbox 146 2177 1461 2265; baseline -0.004 -17"><span class='ocrx_word' id='word_1_183' title='bbox 146 2183 241 2249; x_wconf 88' lang='lat' dir='ltr'><strong>bendi</strong></span> <span class='ocrx_word' id='word_1_184' title='bbox 265 2202 356 2246; x_wconf 89' lang='lat' dir='ltr'><strong>causa</strong></span> <span class='ocrx_word' id='word_1_185' title='bbox 378 2202 441 2245; x_wconf 92' lang='lat' dir='ltr'><strong>non</strong></span> <span class='ocrx_word' id='word_1_186' title='bbox 463 2181 516 2255; x_wconf 85' lang='lat' dir='ltr'><strong>sit;</strong></span> <span class='ocrx_word' id='word_1_187' title='bbox 550 2201 737 2265; x_wconf 89' lang='lat' dir='ltr'><strong>quamquam</strong></span> <span class='ocrx_word' id='word_1_188' title='bbox 760 2179 799 2243; x_wconf 88' lang='lat' dir='ltr'><strong>de</strong></span> <span class='ocrx_word' id='word_1_189' title='bbox 822 2180 966 2244; x_wconf 88' lang='lat' dir='ltr'><strong>Parthico</strong></span> <span class='ocrx_word' id='word_1_190' title='bbox 988 2178 1071 2244; x_wconf 91' lang='lat' dir='ltr'><strong>bello</strong></span> <span class='ocrx_word' id='word_1_191' title='bbox 1093 2179 1166 2265; x_wconf 92' lang='lat' dir='ltr'><strong>quid</strong></span> <span class='ocrx_word' id='word_1_192' title='bbox 1189 2187 1330 2264; x_wconf 90' lang='lat' dir='ltr'><strong>spectare</strong></span> <span class='ocrx_word' id='word_1_193' title='bbox 1351 2177 1461 2252; x_wconf 91' lang='lat' dir='ltr'><strong>debui,</strong></span> 
     </span>
     <span class='ocr_line' id='line_1_21' title="bbox 145 2272 1499 2362; baseline -0.003 -21"><span class='ocrx_word' id='word_1_194' title='bbox 145 2278 204 2341; x_wconf 92' lang='lat' dir='ltr'><strong>nisi</strong></span> <span class='ocrx_word' id='word_1_195' title='bbox 227 2275 312 2362; x_wconf 93' lang='lat' dir='ltr'><strong>quod</strong></span> <span class='ocrx_word' id='word_1_196' title='bbox 333 2275 420 2340; x_wconf 89' lang='lat' dir='ltr'><strong>illum</strong></span> <span class='ocrx_word' id='word_1_197' title='bbox 442 2274 522 2338; x_wconf 86' lang='lat' dir='ltr'><strong>velle</strong></span> <span class='ocrx_word' id='word_1_198' title='bbox 547 2272 741 2339; x_wconf 78' lang='lat' dir='ltr'><strong>arbitrabar?</strong></span> <span class='ocrx_word' id='word_1_199' title='bbox 779 2272 871 2350; x_wconf 91' lang='lat' dir='ltr'><strong>Quod</strong></span> <span class='ocrx_word' id='word_1_200' title='bbox 900 2273 982 2336; x_wconf 90' lang='lat' dir='ltr'><strong>cuim</strong></span> <span class='ocrx_word' id='word_1_201' title='bbox 1004 2272 1088 2337; x_wconf 90' lang='lat' dir='ltr'><strong>aliud</strong></span> <span class='ocrx_word' id='word_1_202' title='bbox 1109 2281 1325 2356; x_wconf 80' lang='lat' dir='ltr'><strong>argumentum</strong></span> <span class='ocrx_word' id='word_1_203' title='bbox 1347 2272 1499 2358; x_wconf 77' lang='lat' dir='ltr'><strong>episto-20</strong></span> 
     </span>
     <span class='ocr_line' id='line_1_22' title="bbox 145 2366 1461 2451; baseline -0.005 -16"><span class='ocrx_word' id='word_1_204' title='bbox 145 2369 193 2435; x_wconf 90' lang='lat' dir='ltr'><strong>lae</strong></span> <span class='ocrx_word' id='word_1_205' title='bbox 215 2379 340 2435; x_wconf 90' lang='lat' dir='ltr'><strong>nostrae</strong></span> <span class='ocrx_word' id='word_1_206' title='bbox 362 2369 421 2433; x_wconf 92' lang='lat' dir='ltr'><strong>nisi</strong></span> <span class='ocrx_word' id='word_1_207' title='bbox 443 2376 582 2434; x_wconf 68' lang='grc' dir='ltr'><strong>κολανλα</strong></span> <span class='ocrx_word' id='word_1_208' title='bbox 604 2367 684 2432; x_wconf 82' lang='lat' dir='ltr'><strong>luitt</strong></span> <span class='ocrx_word' id='word_1_209' title='bbox 711 2372 772 2433; x_wconf 84' lang='lat' dir='ltr'><strong>lin.</strong></span> <span class='ocrx_word' id='word_1_210' title='bbox 794 2366 820 2430; x_wconf 93' lang='lat' dir='ltr'><strong>si</strong></span> <span class='ocrx_word' id='word_1_211' title='bbox 842 2388 895 2439; x_wconf 85' lang='lat' dir='ltr'><strong>ca,</strong></span> <span class='ocrx_word' id='word_1_212' title='bbox 918 2388 997 2449; x_wconf 91' lang='lat' dir='ltr'><strong>quae</strong></span> <span class='ocrx_word' id='word_1_213' title='bbox 1020 2366 1136 2451; x_wconf 89' lang='lat' dir='ltr'><strong>optima</strong></span> <span class='ocrx_word' id='word_1_214' title='bbox 1151 2375 1308 2450; x_wconf 87' lang='lat' dir='ltr'><strong>putarem,</strong></span> <span class='ocrx_word' id='word_1_215' title='bbox 1330 2366 1461 2430; x_wconf 88' lang='lat' dir='ltr'><strong>suadere</strong></span> 
     </span>
     <span class='ocr_line' id='line_1_23' title="bbox 145 2458 1461 2543; baseline -0.004 -16"><span class='ocrx_word' id='word_1_216' title='bbox 145 2463 331 2536; x_wconf 78' lang='lat' dir='ltr'><strong>voluissem,</strong></span> <span class='ocrx_word' id='word_1_217' title='bbox 364 2462 465 2526; x_wconf 87' lang='lat' dir='ltr'><strong>oratio</strong></span> <span class='ocrx_word' id='word_1_218' title='bbox 493 2461 569 2527; x_wconf 91' lang='lat' dir='ltr'><strong>mibi</strong></span> <span class='ocrx_word' id='word_1_219' title='bbox 602 2460 769 2526; x_wconf 76' lang='lat' dir='ltr'><strong>defuisset?</strong></span> <span class='ocrx_word' id='word_1_220' title='bbox 806 2460 892 2525; x_wconf 86' lang='lat' dir='ltr'><strong>Totis</strong></span> <span class='ocrx_word' id='word_1_221' title='bbox 927 2459 1023 2543; x_wconf 78' lang='lat' dir='ltr'><strong>igitur</strong></span> <span class='ocrx_word' id='word_1_222' title='bbox 1051 2459 1160 2524; x_wconf 89' lang='lat' dir='ltr'><strong>litteris</strong></span> <span class='ocrx_word' id='word_1_223' title='bbox 1188 2458 1264 2522; x_wconf 90' lang='lat' dir='ltr'><strong>nibil</strong></span> <span class='ocrx_word' id='word_1_224' title='bbox 1297 2479 1376 2543; x_wconf 93' lang='lat' dir='ltr'><strong>opus</strong></span> <span class='ocrx_word' id='word_1_225' title='bbox 1404 2468 1461 2523; x_wconf 92' lang='lat' dir='ltr'><strong>cst.</strong></span> 
     </span>
     <span class='ocr_line' id='line_1_24' title="bbox 145 2551 1461 2639; baseline -0.005 -18"><span class='ocrx_word' id='word_1_226' title='bbox 145 2556 203 2622; x_wconf 92' lang='lat' dir='ltr'><strong>Ubi</strong></span> <span class='ocrx_word' id='word_1_227' title='bbox 238 2557 320 2621; x_wconf 86' lang='lat' dir='ltr'><strong>onim</strong></span> <span class='ocrx_word' id='word_1_228' title='bbox 349 2567 522 2639; x_wconf 73' lang='grc' dir='ltr'><strong>ἐπίτευγμα,</strong></span> <span class='ocrx_word' id='word_1_229' title='bbox 551 2576 695 2636; x_wconf 76' lang='lat' dir='ltr'><strong>magnum</strong></span> <span class='ocrx_word' id='word_1_230' title='bbox 728 2553 845 2618; x_wconf 90' lang='lat' dir='ltr'><strong>nullum</strong></span> <span class='ocrx_word' id='word_1_231' title='bbox 878 2552 946 2617; x_wconf 88' lang='lat' dir='ltr'><strong>ficri</strong></span> <span class='ocrx_word' id='word_1_232' title='bbox 974 2553 1087 2639; x_wconf 88' lang='lat' dir='ltr'><strong>possit,</strong></span> <span class='ocrx_word' id='word_1_233' title='bbox 1117 2552 1305 2634; x_wconf 75' lang='grc' dir='ltr'><em>ἀπότευγμα</em></span> <span class='ocrx_word' id='word_1_234' title='bbox 1327 2551 1376 2615; x_wconf 80' lang='lat' dir='ltr'><strong>vel</strong></span> <span class='ocrx_word' id='word_1_235' title='bbox 1398 2573 1461 2615; x_wconf 94' lang='lat' dir='ltr'><strong>non</strong></span> 
     </span>
     <span class='ocr_line' id='line_1_25' title="bbox 145 2644 1462 2734; baseline -0.003 -22"><span class='ocrx_word' id='word_1_236' title='bbox 145 2670 290 2734; x_wconf 84' lang='lat' dir='ltr'><strong>magnum</strong></span> <span class='ocrx_word' id='word_1_237' title='bbox 321 2649 485 2712; x_wconf 86' lang='lat' dir='ltr'><strong>molestum</strong></span> <span class='ocrx_word' id='word_1_238' title='bbox 515 2647 654 2712; x_wconf 85' lang='lat' dir='ltr'><strong>futurum</strong></span> <span class='ocrx_word' id='word_1_239' title='bbox 676 2648 731 2718; x_wconf 92' lang='lat' dir='ltr'><strong>sit,</strong></span> <span class='ocrx_word' id='word_1_240' title='bbox 769 2644 844 2732; x_wconf 93' lang='lat' dir='ltr'><strong>quid</strong></span> <span class='ocrx_word' id='word_1_241' title='bbox 865 2666 945 2730; x_wconf 90' lang='lat' dir='ltr'><strong>opus</strong></span> <span class='ocrx_word' id='word_1_242' title='bbox 966 2654 1013 2709; x_wconf 90' lang='lat' dir='ltr'><strong>cst</strong></span> <span class='ocrx_word' id='word_1_243' title='bbox 1035 2646 1342 2729; x_wconf 65' lang='lat' dir='ltr'><strong>mouumentum</strong></span> <span class='ocrx_word' id='word_1_244' title='bbox 1371 2665 1462 2730; x_wconf 89' lang='lat' dir='ltr'><strong>pruc-</strong></span> 
     </span>
     <span class='ocr_line' id='line_1_26' title="bbox 145 2739 1499 2826; baseline 0.001 -20"><span class='ocrx_word' id='word_1_245' title='bbox 145 2743 252 2806; x_wconf 86' lang='lat' dir='ltr'><strong>scrtim</strong></span> <span class='ocrx_word' id='word_1_246' title='bbox 275 2763 345 2806; x_wconf 90' lang='lat' dir='ltr'><strong>cum</strong></span> <span class='ocrx_word' id='word_1_247' title='bbox 367 2741 443 2806; x_wconf 93' lang='lat' dir='ltr'><strong>illud</strong></span> <span class='ocrx_word' id='word_1_248' title='bbox 465 2752 623 2815; x_wconf 87' lang='lat' dir='ltr'><strong>occurrat,</strong></span> <span class='ocrx_word' id='word_1_249' title='bbox 656 2740 760 2812; x_wconf 90' lang='lat' dir='ltr'><strong>illum,</strong></span> <span class='ocrx_word' id='word_1_250' title='bbox 785 2761 856 2804; x_wconf 90' lang='lat' dir='ltr'><strong>cum</strong></span> <span class='ocrx_word' id='word_1_251' title='bbox 878 2749 968 2803; x_wconf 87' lang='lat' dir='ltr'><strong>antea</strong></span> <span class='ocrx_word' id='word_1_252' title='bbox 990 2740 1065 2804; x_wconf 91' lang='lat' dir='ltr'><strong>nibil</strong></span> <span class='ocrx_word' id='word_1_253' title='bbox 1088 2739 1282 2826; x_wconf 89' lang='lat' dir='ltr'><strong>scripserim,</strong></span> <span class='ocrx_word' id='word_1_254' title='bbox 1304 2739 1499 2807; x_wconf 79' lang='lat' dir='ltr'><strong>existima-as</strong></span> 
     </span>
     <span class='ocr_line' id='line_1_27' title="bbox 145 2831 1460 2918; baseline -0.005 -17"><span class='ocrx_word' id='word_1_255' title='bbox 145 2845 249 2901; x_wconf 91' lang='lat' dir='ltr'><strong>turum</strong></span> <span class='ocrx_word' id='word_1_256' title='bbox 280 2854 347 2907; x_wconf 88' lang='lat' dir='ltr'><strong>mc,</strong></span> <span class='ocrx_word' id='word_1_257' title='bbox 383 2834 444 2898; x_wconf 92' lang='lat' dir='ltr'><strong>nisi</strong></span> <span class='ocrx_word' id='word_1_258' title='bbox 473 2844 539 2899; x_wconf 91' lang='lat' dir='ltr'><strong>tuto</strong></span> <span class='ocrx_word' id='word_1_259' title='bbox 566 2834 650 2899; x_wconf 92' lang='lat' dir='ltr'><strong>bello</strong></span> <span class='ocrx_word' id='word_1_260' title='bbox 676 2833 834 2909; x_wconf 85' lang='lat' dir='ltr'><strong>conlecto,</strong></span> <span class='ocrx_word' id='word_1_261' title='bbox 870 2833 946 2897; x_wconf 89' lang='lat' dir='ltr'><strong>nihil</strong></span> <span class='ocrx_word' id='word_1_262' title='bbox 974 2835 1165 2918; x_wconf 89' lang='lat' dir='ltr'><strong>scripturum</strong></span> <span class='ocrx_word' id='word_1_263' title='bbox 1197 2831 1303 2896; x_wconf 86' lang='lat' dir='ltr'><strong>luisse.</strong></span> <span class='ocrx_word' id='word_1_264' title='bbox 1360 2838 1460 2917; x_wconf 80' lang='lat' dir='ltr'><strong>Atque</strong></span> 
     </span>
     <span class='ocr_line' id='line_1_28' title="bbox 146 2924 1461 3013; baseline -0.002 -22"><span class='ocrx_word' id='word_1_265' title='bbox 146 2931 237 2991; x_wconf 91' lang='lat' dir='ltr'><strong>etiam</strong></span> <span class='ocrx_word' id='word_1_266' title='bbox 267 2948 396 3002; x_wconf 86' lang='lat' dir='ltr'><strong>vercor,</strong></span> <span class='ocrx_word' id='word_1_267' title='bbox 432 2948 472 2991; x_wconf 92' lang='lat' dir='ltr'><strong>ne</strong></span> <span class='ocrx_word' id='word_1_268' title='bbox 501 2936 590 3013; x_wconf 89' lang='lat' dir='ltr'><strong>putet</strong></span> <span class='ocrx_word' id='word_1_269' title='bbox 617 2950 667 2993; x_wconf 89' lang='lat' dir='ltr'><strong>me</strong></span> <span class='ocrx_word' id='word_1_270' title='bbox 696 2928 756 2992; x_wconf 88' lang='lat' dir='ltr'><strong>boc</strong></span> <span class='ocrx_word' id='word_1_271' title='bbox 786 2926 875 3013; x_wconf 92' lang='lat' dir='ltr'><strong>quasi</strong></span> <span class='ocrx_word' id='word_1_272' title='bbox 905 2928 1028 2992; x_wconf 88' lang='lat' dir='ltr'><strong>Catonis</strong></span> <span class='ocrx_word' id='word_1_273' title='bbox 1048 2936 1202 3011; x_wconf 74' lang='grc' dir='ltr'><strong>μείλιγμα</strong></span> <span class='ocrx_word' id='word_1_274' title='bbox 1225 2946 1292 2988; x_wconf 90' lang='lat' dir='ltr'><strong>csse</strong></span> <span class='ocrx_word' id='word_1_275' title='bbox 1314 2924 1461 2989; x_wconf 85' lang='lat' dir='ltr'><strong>voluisse.</strong></span> 
     </span>
     <span class='ocr_line' id='line_1_29' title="bbox 147 3018 1461 3108; baseline -0.003 -23"><span class='ocrx_word' id='word_1_276' title='bbox 147 3020 231 3098; x_wconf 89' lang='lat' dir='ltr'><strong>Quid</strong></span> <span class='ocrx_word' id='word_1_277' title='bbox 252 3022 400 3106; x_wconf 72' lang='lat' dir='ltr'><strong>quaeris?</strong></span> <span class='ocrx_word' id='word_1_278' title='bbox 433 3021 530 3087; x_wconf 90' lang='lat' dir='ltr'><strong>Valde</strong></span> <span class='ocrx_word' id='word_1_279' title='bbox 552 3043 602 3085; x_wconf 88' lang='lat' dir='ltr'><strong>me</strong></span> <span class='ocrx_word' id='word_1_280' title='bbox 623 3019 817 3108; x_wconf 88' lang='lat' dir='ltr'><strong>poenitebat;</strong></span> <span class='ocrx_word' id='word_1_281' title='bbox 849 3040 907 3084; x_wconf 88' lang='lat' dir='ltr'><strong>nce</strong></span> <span class='ocrx_word' id='word_1_282' title='bbox 932 3019 1008 3084; x_wconf 91' lang='lat' dir='ltr'><strong>mibi</strong></span> <span class='ocrx_word' id='word_1_283' title='bbox 1030 3021 1062 3084; x_wconf 90' lang='lat' dir='ltr'><strong>iu</strong></span> <span class='ocrx_word' id='word_1_284' title='bbox 1083 3023 1141 3086; x_wconf 90' lang='lat' dir='ltr'><strong>bae</strong></span> <span class='ocrx_word' id='word_1_285' title='bbox 1162 3018 1288 3105; x_wconf 86' lang='lat' dir='ltr'><strong>quidem</strong></span> <span class='ocrx_word' id='word_1_286' title='bbox 1310 3040 1346 3082; x_wconf 92' lang='lat' dir='ltr'><strong>re</strong></span> <span class='ocrx_word' id='word_1_287' title='bbox 1371 3019 1461 3104; x_wconf 92' lang='lat' dir='ltr'><strong>quid·</strong></span> 
     </span>
     <span class='ocr_line' id='line_1_30' title="bbox 147 3113 1462 3200; baseline -0.002 -22"><span class='ocrx_word' id='word_1_288' title='bbox 147 3135 240 3199; x_wconf 88' lang='lat' dir='ltr'><strong>quam</strong></span> <span class='ocrx_word' id='word_1_289' title='bbox 268 3115 366 3198; x_wconf 81' lang='lat' dir='ltr'><strong>magis</strong></span> <span class='ocrx_word' id='word_1_290' title='bbox 394 3123 428 3180; x_wconf 91' lang='lat' dir='ltr'><strong>ut</strong></span> <span class='ocrx_word' id='word_1_291' title='bbox 449 3115 560 3179; x_wconf 81' lang='lat' dir='ltr'><strong>vellem</strong></span> <span class='ocrx_word' id='word_1_292' title='bbox 583 3115 724 3180; x_wconf 88' lang='lat' dir='ltr'><strong>accidere</strong></span> <span class='ocrx_word' id='word_1_293' title='bbox 744 3115 863 3200; x_wconf 90' lang='lat' dir='ltr'><strong>potuit,</strong></span> <span class='ocrx_word' id='word_1_294' title='bbox 893 3134 986 3197; x_wconf 89' lang='lat' dir='ltr'><strong>quam</strong></span> <span class='ocrx_word' id='word_1_295' title='bbox 1009 3114 1093 3197; x_wconf 93' lang='lat' dir='ltr'><strong>quod</strong></span> <span class='ocrx_word' id='word_1_296' title='bbox 1114 3113 1236 3190; x_wconf 71' lang='grc' dir='ltr'><em>σπουδή</em></span> <span class='ocrx_word' id='word_1_297' title='bbox 1265 3122 1371 3175; x_wconf 87' lang='lat' dir='ltr'><strong>nostra</strong></span> <span class='ocrx_word' id='word_1_298' title='bbox 1398 3132 1462 3175; x_wconf 92' lang='lat' dir='ltr'><strong>non</strong></span> 
     </span>
     <span class='ocr_line' id='line_1_31' title="bbox 146 3206 1499 3292; baseline -0.002 -21"><span class='ocrx_word' id='word_1_299' title='bbox 146 3215 193 3271; x_wconf 91' lang='lat' dir='ltr'><strong>cst</strong></span> <span class='ocrx_word' id='word_1_300' title='bbox 224 3206 365 3292; x_wconf 89' lang='lat' dir='ltr'><strong>probata.</strong></span> <span class='ocrx_word' id='word_1_301' title='bbox 414 3208 633 3274; x_wconf 88' lang='lat' dir='ltr'><strong>lucidisscmus</strong></span> <span class='ocrx_word' id='word_1_302' title='bbox 664 3209 758 3272; x_wconf 91' lang='lat' dir='ltr'><strong>etiam</strong></span> <span class='ocrx_word' id='word_1_303' title='bbox 785 3208 818 3271; x_wconf 91' lang='lat' dir='ltr'><strong>in</strong></span> <span class='ocrx_word' id='word_1_304' title='bbox 847 3206 933 3280; x_wconf 89' lang='lat' dir='ltr'><strong>illos,</strong></span> <span class='ocrx_word' id='word_1_305' title='bbox 970 3210 1002 3269; x_wconf 93' lang='lat' dir='ltr'><strong>in</strong></span> <span class='ocrx_word' id='word_1_306' title='bbox 1035 3207 1080 3269; x_wconf 90' lang='lat' dir='ltr'><strong>eis</strong></span> <span class='ocrx_word' id='word_1_307' title='bbox 1108 3207 1139 3270; x_wconf 90' lang='lat' dir='ltr'><strong>in</strong></span> <span class='ocrx_word' id='word_1_308' title='bbox 1167 3214 1332 3288; x_wconf 83' lang='lat' dir='ltr'><strong>cognatum</strong></span> <span class='ocrx_word' id='word_1_309' title='bbox 1362 3214 1499 3274; x_wconf 69' lang='lat' dir='ltr'><strong>tuomst</strong></span> 
     </span>
     <span class='ocr_line' id='line_1_32' title="bbox 146 3298 1462 3381; baseline -0.001 -17"><span class='ocrx_word' id='word_1_310' title='bbox 146 3304 178 3371; x_wconf 84' lang='grc'><strong>2.</strong></span> <span class='ocrx_word' id='word_1_311' title='bbox 207 3300 268 3365; x_wconf 91' lang='lat' dir='ltr'><strong>Sed</strong></span> <span class='ocrx_word' id='word_1_312' title='bbox 294 3301 392 3366; x_wconf 88' lang='lat' dir='ltr'><strong>redeo</strong></span> <span class='ocrx_word' id='word_1_313' title='bbox 421 3301 460 3366; x_wconf 89' lang='lat' dir='ltr'><strong>ad</strong></span> <span class='ocrx_word' id='word_1_314' title='bbox 489 3302 607 3367; x_wconf 85' lang='lat' dir='ltr'><strong>hortos.</strong></span> <span class='ocrx_word' id='word_1_315' title='bbox 659 3302 753 3366; x_wconf 87' lang='lat' dir='ltr'><strong>Plane</strong></span> <span class='ocrx_word' id='word_1_316' title='bbox 780 3301 854 3364; x_wconf 88' lang='lat' dir='ltr'><strong>illuc</strong></span> <span class='ocrx_word' id='word_1_317' title='bbox 882 3310 912 3363; x_wconf 93' lang='lat' dir='ltr'><strong>te</strong></span> <span class='ocrx_word' id='word_1_318' title='bbox 934 3300 981 3362; x_wconf 89' lang='lat' dir='ltr'><strong>ire</strong></span> <span class='ocrx_word' id='word_1_319' title='bbox 1002 3300 1062 3363; x_wconf 93' lang='lat' dir='ltr'><strong>nisi</strong></span> <span class='ocrx_word' id='word_1_320' title='bbox 1084 3309 1139 3363; x_wconf 91' lang='lat' dir='ltr'><strong>tuo</strong></span> <span class='ocrx_word' id='word_1_321' title='bbox 1161 3318 1274 3381; x_wconf 80' lang='lat' dir='ltr'><strong>magno</strong></span> <span class='ocrx_word' id='word_1_322' title='bbox 1296 3298 1462 3363; x_wconf 89' lang='lat' dir='ltr'><strong>commodo</strong></span> 
     </span>
     <span class='ocr_line' id='line_1_33' title="bbox 145 3390 1461 3479; baseline -0.004 -21"><span class='ocrx_word' id='word_1_323' title='bbox 145 3393 230 3459; x_wconf 89' lang='lat' dir='ltr'><strong>uolo.</strong></span> <span class='ocrx_word' id='word_1_324' title='bbox 274 3394 355 3460; x_wconf 87' lang='lat' dir='ltr'><strong>Nihil</strong></span> <span class='ocrx_word' id='word_1_325' title='bbox 387 3395 469 3459; x_wconf 91' lang='lat' dir='ltr'><strong>euim</strong></span> <span class='ocrx_word' id='word_1_326' title='bbox 496 3405 597 3478; x_wconf 80' lang='lat' dir='ltr'><strong>urget.</strong></span> <span class='ocrx_word' id='word_1_327' title='bbox 641 3393 800 3479; x_wconf 89' lang='lat' dir='ltr'><strong>Quidquid</strong></span> <span class='ocrx_word' id='word_1_328' title='bbox 827 3394 902 3468; x_wconf 90' lang='lat' dir='ltr'><strong>erit,</strong></span> <span class='ocrx_word' id='word_1_329' title='bbox 936 3413 1065 3477; x_wconf 90' lang='lat' dir='ltr'><strong>operam</strong></span> <span class='ocrx_word' id='word_1_330' title='bbox 1095 3393 1125 3456; x_wconf 93' lang='lat' dir='ltr'><strong>iu</strong></span> <span class='ocrx_word' id='word_1_331' title='bbox 1147 3390 1280 3456; x_wconf 87' lang='lat' dir='ltr'><strong>Faberio</strong></span> <span class='ocrx_word' id='word_1_332' title='bbox 1301 3410 1461 3476; x_wconf 89' lang='lat' dir='ltr'><strong>ponamus.</strong></span> 
     </span>
     <span class='ocr_line' id='line_1_34' title="bbox 145 3486 1461 3572; baseline -0.002 -22"><span class='ocrx_word' id='word_1_333' title='bbox 145 3491 192 3550; x_wconf 87' lang='lat' dir='ltr'><strong>De</strong></span> <span class='ocrx_word' id='word_1_334' title='bbox 221 3486 272 3552; x_wconf 94' lang='lat' dir='ltr'><strong>die</strong></span> <span class='ocrx_word' id='word_1_335' title='bbox 302 3497 406 3552; x_wconf 90' lang='lat' dir='ltr'><strong>tamen</strong></span> <span class='ocrx_word' id='word_1_336' title='bbox 438 3487 605 3561; x_wconf 86' lang='lat' dir='ltr'><strong>auctionis,</strong></span> <span class='ocrx_word' id='word_1_337' title='bbox 642 3486 668 3552; x_wconf 92' lang='lat' dir='ltr'><strong>si</strong></span> <span class='ocrx_word' id='word_1_338' title='bbox 690 3487 765 3572; x_wconf 92' lang='lat' dir='ltr'><strong>quid</strong></span> <span class='ocrx_word' id='word_1_339' title='bbox 787 3486 877 3550; x_wconf 90' lang='lat' dir='ltr'><strong>scies.</strong></span> <span class='ocrx_word' id='word_1_340' title='bbox 921 3490 1017 3559; x_wconf 87' lang='lat' dir='ltr'><strong>Eum,</strong></span> <span class='ocrx_word' id='word_1_341' title='bbox 1040 3487 1093 3571; x_wconf 90' lang='lat' dir='ltr'><strong>qui</strong></span> <span class='ocrx_word' id='word_1_342' title='bbox 1115 3508 1132 3550; x_wconf 87' lang='lat' dir='ltr'><strong>e</strong></span> <span class='ocrx_word' id='word_1_343' title='bbox 1156 3490 1294 3551; x_wconf 92' lang='lat' dir='ltr'><strong>Cumano</strong></span> <span class='ocrx_word' id='word_1_344' title='bbox 1316 3493 1461 3558; x_wconf 86' lang='lat' dir='ltr'><strong>venerat,</strong></span> 
     </span>
     <span class='ocr_line' id='line_1_35' title="bbox 146 3577 1463 3668; baseline -0.001 -24"><span class='ocrx_word' id='word_1_345' title='bbox 146 3580 232 3665; x_wconf 92' lang='lat' dir='ltr'><strong>quod</strong></span> <span class='ocrx_word' id='word_1_346' title='bbox 253 3591 284 3646; x_wconf 90' lang='lat' dir='ltr'><strong>et</strong></span> <span class='ocrx_word' id='word_1_347' title='bbox 304 3582 394 3668; x_wconf 88' lang='lat' dir='ltr'><strong>plane</strong></span> <span class='ocrx_word' id='word_1_348' title='bbox 416 3580 519 3646; x_wconf 85' lang='lat' dir='ltr'><strong>valere</strong></span> <span class='ocrx_word' id='word_1_349' title='bbox 541 3581 671 3646; x_wconf 79' lang='lat' dir='ltr'><strong>Atticam</strong></span> <span class='ocrx_word' id='word_1_350' title='bbox 697 3577 857 3645; x_wconf 87' lang='lat' dir='ltr'><strong>nuntiabat</strong></span> <span class='ocrx_word' id='word_1_351' title='bbox 878 3587 909 3644; x_wconf 88' lang='lat' dir='ltr'><strong>et</strong></span> <span class='ocrx_word' id='word_1_352' title='bbox 929 3579 1047 3645; x_wconf 87' lang='lat' dir='ltr'><strong>litteras</strong></span> <span class='ocrx_word' id='word_1_353' title='bbox 1069 3600 1102 3645; x_wconf 90' lang='lat' dir='ltr'><strong>se</strong></span> <span class='ocrx_word' id='word_1_354' title='bbox 1124 3578 1239 3645; x_wconf 89' lang='lat' dir='ltr'><strong>babere</strong></span> <span class='ocrx_word' id='word_1_355' title='bbox 1260 3577 1380 3655; x_wconf 83' lang='lat' dir='ltr'><strong>aicbat,</strong></span> <span class='ocrx_word' id='word_1_356' title='bbox 1402 3587 1463 3644; x_wconf 74' lang='lat' dir='ltr'><strong>stu⁴</strong></span> 
     </span>
     <span class='ocr_line' id='line_1_36' title="bbox 146 3673 1498 3741; baseline 0.001 -3"><span class='ocrx_word' id='word_1_357' title='bbox 146 3673 201 3738; x_wconf 93' lang='lat' dir='ltr'><strong>tim</strong></span> <span class='ocrx_word' id='word_1_358' title='bbox 222 3674 262 3740; x_wconf 92' lang='lat' dir='ltr'><strong>ad</strong></span> <span class='ocrx_word' id='word_1_359' title='bbox 282 3683 314 3740; x_wconf 90' lang='lat' dir='ltr'><strong>te</strong></span> <span class='ocrx_word' id='word_1_360' title='bbox 335 3676 415 3741; x_wconf 91' lang='lat' dir='ltr'><strong>misi.</strong></span> <span class='ocrx_word' id='word_1_361' title='bbox 1470 3697 1498 3739; x_wconf 72' lang='lat' dir='ltr'><strong>aa</strong></span> 
     </span>
    </p>
   </div>
   <div class='ocr_carea' id='block_1_7' title="bbox 575 3815 1037 3894">
    <p class='ocr_par' dir='ltr' id='par_1_7' title="bbox 575 3815 1037 3894">
     <span class='ocr_line' id='line_1_37' title="bbox 575 3815 1037 3894; baseline 0.002 -15"><span class='ocrx_word' id='word_1_362' title='bbox 575 3817 717 3879; x_wconf 81' lang='lat' dir='ltr'><strong>XXVIII.</strong></span> <span class='ocrx_word' id='word_1_363' title='bbox 759 3815 809 3890; x_wconf 73' lang='lat' dir='ltr'><strong>(A.</strong></span> <span class='ocrx_word' id='word_1_364' title='bbox 832 3817 864 3878; x_wconf 85' lang='lat' dir='ltr'><strong>U.</strong></span> <span class='ocrx_word' id='word_1_365' title='bbox 887 3817 919 3880; x_wconf 90' lang='lat' dir='ltr'><strong>C.</strong></span> <span class='ocrx_word' id='word_1_366' title='bbox 941 3815 1037 3894; x_wconf 81' lang='lat'><strong>709.)</strong></span> 
     </span>
    </p>
   </div>
   <div class='ocr_carea' id='block_1_8' title="bbox 628 3937 989 4001">
    <p class='ocr_par' dir='ltr' id='par_1_8' title="bbox 628 3937 989 4001">
     <span class='ocr_line' id='line_1_38' title="bbox 628 3937 989 4001; baseline -0.006 0"><span class='ocrx_word' id='word_1_367' title='bbox 628 3937 770 4001; x_wconf 86' lang='lat' dir='ltr'><strong>CICERO</strong></span> <span class='ocrx_word' id='word_1_368' title='bbox 791 3937 935 4000; x_wconf 80' lang='lat' dir='ltr'><strong>ATTICO</strong></span> <span class='ocrx_word' id='word_1_369' title='bbox 958 3938 989 4000; x_wconf 86' lang='lat' dir='ltr'><strong>S.</strong></span> 
     </span>
    </p>
   </div>
   <div class='ocr_carea' id='block_1_9' title="bbox 148 4043 1464 4223">
    <p class='ocr_par' dir='ltr' id='par_1_9' title="bbox 148 4043 1464 4223">
     <span class='ocr_line' id='line_1_39' title="bbox 232 4043 1461 4135; baseline -0.007 -20"><span class='ocrx_word' id='word_1_370' title='bbox 232 4053 260 4114; x_wconf 90' lang='lat'><strong>1.</strong></span> <span class='ocrx_word' id='word_1_371' title='bbox 287 4052 404 4115; x_wconf 85' lang='lat' dir='ltr'><strong>Hortos</strong></span> <span class='ocrx_word' id='word_1_372' title='bbox 433 4048 580 4135; x_wconf 90' lang='lat' dir='ltr'><strong>quoniam</strong></span> <span class='ocrx_word' id='word_1_373' title='bbox 609 4047 701 4112; x_wconf 92' lang='lat' dir='ltr'><strong>bodie</strong></span> <span class='ocrx_word' id='word_1_374' title='bbox 733 4067 802 4110; x_wconf 89' lang='lat' dir='ltr'><strong>cras</strong></span> <span class='ocrx_word' id='word_1_375' title='bbox 834 4046 1046 4131; x_wconf 90' lang='lat' dir='ltr'><strong>inspecturus,</strong></span> <span class='ocrx_word' id='word_1_376' title='bbox 1083 4043 1155 4131; x_wconf 90' lang='lat' dir='ltr'><strong>qnid</strong></span> <span class='ocrx_word' id='word_1_377' title='bbox 1185 4044 1286 4109; x_wconf 85' lang='lat' dir='ltr'><strong>visum</strong></span> <span class='ocrx_word' id='word_1_378' title='bbox 1315 4043 1371 4109; x_wconf 91' lang='lat' dir='ltr'><strong>tibi</strong></span> <span class='ocrx_word' id='word_1_379' title='bbox 1402 4044 1461 4117; x_wconf 91' lang='lat' dir='ltr'><strong>sit,</strong></span> 
     </span>
     <span class='ocr_line' id='line_1_40' title="bbox 148 4137 1464 4223; baseline -0.003 -17"><span class='ocrx_word' id='word_1_380' title='bbox 148 4161 217 4207; x_wconf 90' lang='lat' dir='ltr'><strong>cras</strong></span> <span class='ocrx_word' id='word_1_381' title='bbox 237 4141 362 4207; x_wconf 85' lang='lat' dir='ltr'><strong>scilicet.</strong></span> <span class='ocrx_word' id='word_1_382' title='bbox 404 4147 451 4207; x_wconf 88' lang='lat' dir='ltr'><strong>De</strong></span> <span class='ocrx_word' id='word_1_383' title='bbox 479 4141 610 4207; x_wconf 87' lang='lat' dir='ltr'><strong>Faberio</strong></span> <span class='ocrx_word' id='word_1_384' title='bbox 639 4148 756 4213; x_wconf 91' lang='lat' dir='ltr'><strong>autem,</strong></span> <span class='ocrx_word' id='word_1_385' title='bbox 789 4139 1010 4203; x_wconf 86' lang='lat' dir='ltr'><strong>cumvenerit.</strong></span> <span class='ocrx_word' id='word_1_386' title='bbox 1055 4141 1085 4201; x_wconf 91' lang='grc'><strong>2.</strong></span> <span class='ocrx_word' id='word_1_387' title='bbox 1107 4143 1152 4201; x_wconf 78' lang='lat' dir='ltr'><strong>lle</strong></span> <span class='ocrx_word' id='word_1_388' title='bbox 1174 4137 1302 4223; x_wconf 89' lang='lat' dir='ltr'><strong>epistola</strong></span> <span class='ocrx_word' id='word_1_389' title='bbox 1325 4137 1365 4201; x_wconf 86' lang='lat' dir='ltr'><strong>ad</strong></span> <span class='ocrx_word' id='word_1_390' title='bbox 1388 4140 1464 4203; x_wconf 89' lang='lat' dir='ltr'><strong>Cae·</strong></span> 
     </span>
    </p>
   </div>
   <div class='ocr_carea' id='block_1_10' title="bbox 148 4355 1461 4911">
    <p class='ocr_par' dir='ltr' id='par_1_10' title="bbox 148 4355 1461 4911">
     <span class='ocr_line' id='line_1_41' title="bbox 216 4355 1458 4414; baseline -0.002 -6"><span class='ocrx_word' id='word_1_391' title='bbox 216 4358 244 4409; x_wconf 79' lang='grc'><strong>1.</strong></span> <span class='ocrx_word' id='word_1_392' title='bbox 271 4358 409 4414; x_wconf 74' lang='lat' dir='ltr'><strong>lanicii,</strong></span> <span class='ocrx_word' id='word_1_393' title='bbox 439 4359 560 4407; x_wconf 78' lang='lat' dir='ltr'><strong>Imnuvio</strong></span> <span class='ocrx_word' id='word_1_394' title='bbox 579 4357 619 4413; x_wconf 83' lang='lat' dir='ltr'><strong>u,</strong></span> <span class='ocrx_word' id='word_1_395' title='bbox 648 4359 768 4407; x_wconf 81' lang='lat' dir='ltr'><strong>Laminie</strong></span> <span class='ocrx_word' id='word_1_396' title='bbox 786 4357 809 4405; x_wconf 89' lang='lat'><strong>1.</strong></span> <span class='ocrx_word' id='word_1_397' title='bbox 847 4355 934 4413; x_wconf 75' lang='lat' dir='ltr'><strong>(Curr-</strong></span> <span class='ocrx_word' id='word_1_398' title='bbox 954 4370 969 4406; x_wconf 89' lang='lat' dir='ltr'><strong>c</strong></span> <span class='ocrx_word' id='word_1_399' title='bbox 988 4355 1071 4406; x_wconf 91' lang='lat' dir='ltr'><strong>Codd.</strong></span> <span class='ocrx_word' id='word_1_400' title='bbox 1093 4355 1187 4410; x_wconf 80' lang='lat' dir='ltr'><strong>liosii.)</strong></span> <span class='ocrx_word' id='word_1_401' title='bbox 1210 4380 1242 4391; x_wconf 88' lang='lat'>-</span> <span class='ocrx_word' id='word_1_402' title='bbox 1279 4371 1359 4405; x_wconf 81' lang='lat' dir='ltr'><strong>coner</strong></span> <span class='ocrx_word' id='word_1_403' title='bbox 1384 4357 1407 4405; x_wconf 85' lang='lat' dir='ltr'><strong>l.</strong></span> <span class='ocrx_word' id='word_1_404' title='bbox 1431 4380 1458 4391; x_wconf 90' lang='lat'><em>-</em></span> 
     </span>
     <span class='ocr_line' id='line_1_42' title="bbox 148 4424 1459 4491; baseline -0.003 -11"><span class='ocrx_word' id='word_1_405' title='bbox 148 4428 174 4480; x_wconf 79' lang='lat' dir='ltr'><strong>d.</strong></span> <span class='ocrx_word' id='word_1_406' title='bbox 188 4428 315 4491; x_wconf 76' lang='lat' dir='ltr'><strong>Equidem</strong></span> <span class='ocrx_word' id='word_1_407' title='bbox 325 4428 446 4477; x_wconf 76' lang='lat' dir='ltr'><strong>credibile</strong></span> <span class='ocrx_word' id='word_1_408' title='bbox 456 4430 567 4477; x_wconf 87' lang='lat' dir='ltr'><strong>iunctim</strong></span> <span class='ocrx_word' id='word_1_409' title='bbox 576 4428 655 4477; x_wconf 87' lang='lat' dir='ltr'><strong>Ilaud</strong></span> <span class='ocrx_word' id='word_1_410' title='bbox 669 4429 748 4478; x_wconf 79' lang='lat' dir='ltr'><strong>Tura.</strong></span> <span class='ocrx_word' id='word_1_411' title='bbox 760 4428 795 4475; x_wconf 88' lang='lat' dir='ltr'><strong>ll.</strong></span> <span class='ocrx_word' id='word_1_412' title='bbox 805 4441 831 4488; x_wconf 87' lang='lat' dir='ltr'><strong>p.</strong></span> <span class='ocrx_word' id='word_1_413' title='bbox 841 4427 902 4476; x_wconf 78' lang='grc'><strong>129.</strong></span> <span class='ocrx_word' id='word_1_414' title='bbox 912 4451 946 4461; x_wconf 87' lang='lat'><em>-</em></span> <span class='ocrx_word' id='word_1_415' title='bbox 964 4426 1005 4476; x_wconf 81' lang='lat' dir='ltr'><strong>die</strong></span> <span class='ocrx_word' id='word_1_416' title='bbox 1013 4441 1067 4476; x_wconf 83' lang='lat' dir='ltr'><strong>om.</strong></span> <span class='ocrx_word' id='word_1_417' title='bbox 1075 4424 1135 4476; x_wconf 83' lang='lat' dir='ltr'><strong>lilii.</strong></span> <span class='ocrx_word' id='word_1_418' title='bbox 1147 4451 1178 4462; x_wconf 88' lang='lat'><strong>·-</strong></span> <span class='ocrx_word' id='word_1_419' title='bbox 1191 4427 1218 4475; x_wconf 81' lang='lat'><strong>7.</strong></span> <span class='ocrx_word' id='word_1_420' title='bbox 1228 4425 1293 4474; x_wconf 77' lang='lat' dir='ltr'><strong>nibil</strong></span> <span class='ocrx_word' id='word_1_421' title='bbox 1301 4435 1338 4476; x_wconf 80' lang='lat' dir='ltr'><strong>est</strong></span> <span class='ocrx_word' id='word_1_422' title='bbox 1349 4429 1417 4475; x_wconf 81' lang='lat' dir='ltr'><strong>cuim</strong></span> <span class='ocrx_word' id='word_1_423' title='bbox 1427 4427 1459 4476; x_wconf 86' lang='lat' dir='ltr'><strong>u.</strong></span> 
     </span>
     <span class='ocr_line' id='line_1_43' title="bbox 149 4493 1458 4559; baseline -0.002 -12"><span class='ocrx_word' id='word_1_424' title='bbox 149 4524 176 4535; x_wconf 95' lang='lat'>-</span> <span class='ocrx_word' id='word_1_425' title='bbox 194 4499 237 4549; x_wconf 92' lang='grc'><strong>10.</strong></span> <span class='ocrx_word' id='word_1_426' title='bbox 257 4499 348 4547; x_wconf 82' lang='lat' dir='ltr'><strong>lamvio</strong></span> <span class='ocrx_word' id='word_1_427' title='bbox 365 4497 410 4556; x_wconf 88' lang='grc'><strong>11,</strong></span> <span class='ocrx_word' id='word_1_428' title='bbox 433 4499 555 4548; x_wconf 81' lang='lat' dir='ltr'><strong>Laminie</strong></span> <span class='ocrx_word' id='word_1_429' title='bbox 575 4497 597 4546; x_wconf 93' lang='lat'><strong>1.</strong></span> <span class='ocrx_word' id='word_1_430' title='bbox 617 4522 648 4532; x_wconf 96' lang='lat'>-</span> <span class='ocrx_word' id='word_1_431' title='bbox 685 4499 726 4547; x_wconf 80' lang='lat' dir='ltr'><strong>tt.</strong></span> <span class='ocrx_word' id='word_1_432' title='bbox 753 4497 793 4546; x_wconf 83' lang='lat' dir='ltr'><strong>Do</strong></span> <span class='ocrx_word' id='word_1_433' title='bbox 809 4494 931 4559; x_wconf 79' lang='lat' dir='ltr'><strong>epistola]</strong></span> <span class='ocrx_word' id='word_1_434' title='bbox 950 4497 1095 4557; x_wconf 79' lang='lat' dir='ltr'><strong>Epistolom</strong></span> <span class='ocrx_word' id='word_1_435' title='bbox 1112 4495 1186 4545; x_wconf 81' lang='lat' dir='ltr'><strong>utut.</strong></span> <span class='ocrx_word' id='word_1_436' title='bbox 1223 4493 1268 4558; x_wconf 87' lang='lat' dir='ltr'><strong>(Ut</strong></span> <span class='ocrx_word' id='word_1_437' title='bbox 1287 4512 1354 4554; x_wconf 82' lang='lat' dir='ltr'><strong>nus,</strong></span> <span class='ocrx_word' id='word_1_438' title='bbox 1375 4497 1458 4546; x_wconf 85' lang='lat' dir='ltr'><strong>Codd.</strong></span> 
     </span>
     <span class='ocr_line' id='line_1_44' title="bbox 148 4563 1459 4631; baseline -0.002 -14"><span class='ocrx_word' id='word_1_439' title='bbox 148 4567 222 4619; x_wconf 85' lang='lat' dir='ltr'><strong>Bosil</strong></span> <span class='ocrx_word' id='word_1_440' title='bbox 240 4574 267 4617; x_wconf 92' lang='lat' dir='ltr'><strong>et</strong></span> <span class='ocrx_word' id='word_1_441' title='bbox 284 4567 452 4622; x_wconf 78' lang='lat' dir='ltr'><strong>Cratander.)</strong></span> <span class='ocrx_word' id='word_1_442' title='bbox 473 4593 501 4605; x_wconf 93' lang='lat'><em>-</em></span> <span class='ocrx_word' id='word_1_443' title='bbox 539 4566 824 4630; x_wconf 48' lang='grc'><strong>1511101111.-</strong></span> <span class='ocrx_word' id='word_1_444' title='bbox 863 4568 905 4615; x_wconf 83' lang='grc'><strong>17.</strong></span> <span class='ocrx_word' id='word_1_445' title='bbox 924 4563 995 4631; x_wconf 84' lang='lat' dir='ltr'><strong>quid]</strong></span> <span class='ocrx_word' id='word_1_446' title='bbox 1017 4568 1061 4628; x_wconf 84' lang='lat' dir='ltr'><strong>qui</strong></span> <span class='ocrx_word' id='word_1_447' title='bbox 1079 4566 1129 4615; x_wconf 86' lang='grc'><strong>111.</strong></span> <span class='ocrx_word' id='word_1_448' title='bbox 1151 4591 1180 4602; x_wconf 90' lang='grc'>-</span> <span class='ocrx_word' id='word_1_449' title='bbox 1200 4567 1365 4616; x_wconf 81' lang='lat' dir='ltr'><strong>retinuerunt</strong></span> <span class='ocrx_word' id='word_1_450' title='bbox 1386 4567 1407 4616; x_wconf 90' lang='lat' dir='ltr'><strong>l.</strong></span> <span class='ocrx_word' id='word_1_451' title='bbox 1429 4591 1459 4602; x_wconf 95' lang='lat'><em>-</em></span> 
     </span>
     <span class='ocr_line' id='line_1_45' title="bbox 148 4633 1459 4699; baseline -0.002 -12"><span class='ocrx_word' id='word_1_452' title='bbox 148 4638 192 4687; x_wconf 87' lang='grc'><strong>21.</strong></span> <span class='ocrx_word' id='word_1_453' title='bbox 212 4633 348 4699; x_wconf 67' lang='lat' dir='ltr'><strong>winsia]</strong></span> <span class='ocrx_word' id='word_1_454' title='bbox 372 4637 472 4687; x_wconf 80' lang='lat' dir='ltr'><strong>calocio</strong></span> <span class='ocrx_word' id='word_1_455' title='bbox 494 4638 539 4695; x_wconf 92' lang='grc'><strong>11,</strong></span> <span class='ocrx_word' id='word_1_456' title='bbox 568 4638 671 4687; x_wconf 78' lang='lat' dir='ltr'><strong>Colatio</strong></span> <span class='ocrx_word' id='word_1_457' title='bbox 692 4639 734 4698; x_wconf 81' lang='lat' dir='ltr'><strong>u,</strong></span> <span class='ocrx_word' id='word_1_458' title='bbox 759 4637 866 4687; x_wconf 82' lang='lat' dir='ltr'><strong>collatio</strong></span> <span class='ocrx_word' id='word_1_459' title='bbox 885 4637 907 4685; x_wconf 94' lang='lat' dir='ltr'><strong>l.</strong></span> <span class='ocrx_word' id='word_1_460' title='bbox 930 4663 958 4672; x_wconf 99' lang='lat'>-</span> <span class='ocrx_word' id='word_1_461' title='bbox 992 4643 1115 4697; x_wconf 80' lang='lat' dir='ltr'><strong>potorem</strong></span> <span class='ocrx_word' id='word_1_462' title='bbox 1131 4633 1201 4684; x_wconf 79' lang='lat' dir='ltr'><strong>MR:</strong></span> <span class='ocrx_word' id='word_1_463' title='bbox 1216 4641 1346 4697; x_wconf 82' lang='lat' dir='ltr'><strong>putaram</strong></span> <span class='ocrx_word' id='word_1_464' title='bbox 1364 4637 1407 4685; x_wconf 78' lang='lat' dir='ltr'><strong>lli.</strong></span> <span class='ocrx_word' id='word_1_465' title='bbox 1428 4662 1459 4673; x_wconf 95' lang='lat'><em>-</em></span> 
     </span>
     <span class='ocr_line' id='line_1_46' title="bbox 148 4702 1461 4769; baseline -0.001 -12"><span class='ocrx_word' id='word_1_466' title='bbox 148 4708 192 4757; x_wconf 86' lang='grc'><strong>22.</strong></span> <span class='ocrx_word' id='word_1_467' title='bbox 214 4708 285 4759; x_wconf 76' lang='lat' dir='ltr'><strong>Totis</strong></span> <span class='ocrx_word' id='word_1_468' title='bbox 302 4708 341 4756; x_wconf 75' lang='lat' dir='ltr'><strong>iis</strong></span> <span class='ocrx_word' id='word_1_469' title='bbox 358 4707 443 4769; x_wconf 78' lang='lat' dir='ltr'><strong>iqitur</strong></span> <span class='ocrx_word' id='word_1_470' title='bbox 459 4708 481 4756; x_wconf 90' lang='lat'><strong>1.</strong></span> <span class='ocrx_word' id='word_1_471' title='bbox 502 4731 534 4743; x_wconf 91' lang='lat'><em>-</em></span> <span class='ocrx_word' id='word_1_472' title='bbox 569 4706 613 4756; x_wconf 79' lang='grc'><strong>21.</strong></span> <span class='ocrx_word' id='word_1_473' title='bbox 632 4703 690 4769; x_wconf 82' lang='lat' dir='ltr'><strong>nce]</strong></span> <span class='ocrx_word' id='word_1_474' title='bbox 709 4721 742 4755; x_wconf 83' lang='lat' dir='ltr'><strong>nc</strong></span> <span class='ocrx_word' id='word_1_475' title='bbox 758 4707 811 4763; x_wconf 61' lang='lat' dir='ltr'><strong>nt„</strong></span> <span class='ocrx_word' id='word_1_476' title='bbox 827 4732 855 4743; x_wconf 92' lang='lat'><em>-</em></span> <span class='ocrx_word' id='word_1_477' title='bbox 891 4702 966 4768; x_wconf 78' lang='lat' dir='ltr'><strong>miti]</strong></span> <span class='ocrx_word' id='word_1_478' title='bbox 985 4721 1045 4755; x_wconf 84' lang='lat' dir='ltr'><strong>cum</strong></span> <span class='ocrx_word' id='word_1_479' title='bbox 1061 4705 1121 4764; x_wconf 85' lang='grc'><strong>111,</strong></span> <span class='ocrx_word' id='word_1_480' title='bbox 1141 4708 1208 4756; x_wconf 86' lang='lat' dir='ltr'><strong>enim</strong></span> <span class='ocrx_word' id='word_1_481' title='bbox 1226 4707 1259 4756; x_wconf 83' lang='lat' dir='ltr'><strong>n.</strong></span> <span class='ocrx_word' id='word_1_482' title='bbox 1296 4706 1461 4769; x_wconf 78' lang='lat' dir='ltr'><strong>(Correxite</strong></span> 
     </span>
     <span class='ocr_line' id='line_1_47' title="bbox 149 4774 1459 4839; baseline -0.005 -12"><span class='ocrx_word' id='word_1_483' title='bbox 149 4776 216 4829; x_wconf 87' lang='lat' dir='ltr'><strong>Cod.</strong></span> <span class='ocrx_word' id='word_1_484' title='bbox 240 4774 410 4839; x_wconf 78' lang='lat' dir='ltr'><strong>Lambinus.)</strong></span> <span class='ocrx_word' id='word_1_485' title='bbox 440 4801 470 4813; x_wconf 95' lang='lat'><em>-</em></span> <span class='ocrx_word' id='word_1_486' title='bbox 506 4777 551 4828; x_wconf 80' lang='grc'><strong>22.</strong></span> <span class='ocrx_word' id='word_1_487' title='bbox 577 4777 697 4828; x_wconf 78' lang='lat' dir='ltr'><strong>accedere</strong></span> <span class='ocrx_word' id='word_1_488' title='bbox 722 4776 761 4827; x_wconf 89' lang='grc'><strong>11.</strong></span> <span class='ocrx_word' id='word_1_489' title='bbox 788 4801 819 4812; x_wconf 93' lang='lat'>-</span> <span class='ocrx_word' id='word_1_490' title='bbox 855 4776 900 4826; x_wconf 81' lang='grc'><strong>32.</strong></span> <span class='ocrx_word' id='word_1_491' title='bbox 926 4777 956 4824; x_wconf 84' lang='lat' dir='ltr'><strong>in</strong></span> <span class='ocrx_word' id='word_1_492' title='bbox 985 4790 1038 4826; x_wconf 92' lang='lat' dir='ltr'><strong>om.</strong></span> <span class='ocrx_word' id='word_1_493' title='bbox 1065 4775 1140 4827; x_wconf 78' lang='lat' dir='ltr'><strong>Mill.</strong></span> <span class='ocrx_word' id='word_1_494' title='bbox 1156 4796 1160 4801; x_wconf 95' lang='lat'><em>·</em></span> <span class='ocrx_word' id='word_1_495' title='bbox 1177 4775 1324 4836; x_wconf 82' lang='lat' dir='ltr'><strong>(Insertum</strong></span> <span class='ocrx_word' id='word_1_496' title='bbox 1342 4791 1357 4826; x_wconf 87' lang='lat' dir='ltr'><strong>e</strong></span> <span class='ocrx_word' id='word_1_497' title='bbox 1376 4777 1459 4827; x_wconf 82' lang='lat' dir='ltr'><strong>Codd.</strong></span> 
     </span>
     <span class='ocr_line' id='line_1_48' title="bbox 148 4845 1304 4911; baseline -0.005 -14"><span class='ocrx_word' id='word_1_498' title='bbox 148 4847 297 4904; x_wconf 58' lang='lat' dir='ltr'><strong>Boulis·</strong></span> <span class='ocrx_word' id='word_1_499' title='bbox 332 4847 376 4897; x_wconf 75' lang='lat' dir='ltr'><strong>st.</strong></span> <span class='ocrx_word' id='word_1_500' title='bbox 395 4847 480 4897; x_wconf 79' lang='lat' dir='ltr'><strong>attico</strong></span> <span class='ocrx_word' id='word_1_501' title='bbox 497 4860 539 4911; x_wconf 88' lang='lat' dir='ltr'><strong>pr.</strong></span> <span class='ocrx_word' id='word_1_502' title='bbox 558 4846 603 4909; x_wconf 90' lang='grc'><strong>11,</strong></span> <span class='ocrx_word' id='word_1_503' title='bbox 622 4847 730 4897; x_wconf 76' lang='lat' dir='ltr'><strong>Erotem</strong></span> <span class='ocrx_word' id='word_1_504' title='bbox 747 4847 914 4897; x_wconf 83' lang='lat' dir='ltr'><strong>Schuetzius.</strong></span> <span class='ocrx_word' id='word_1_505' title='bbox 934 4868 971 4883; x_wconf 91' lang='lat'>-</span> <span class='ocrx_word' id='word_1_506' title='bbox 1005 4847 1050 4898; x_wconf 80' lang='grc'><strong>39.</strong></span> <span class='ocrx_word' id='word_1_507' title='bbox 1070 4859 1131 4896; x_wconf 76' lang='lat' dir='ltr'><strong>cros</strong></span> <span class='ocrx_word' id='word_1_508' title='bbox 1148 4845 1304 4896; x_wconf 65' lang='grc'><strong>11111111.</strong></span> 
     </span>
    </p>
   </div>
   <div class='ocr_carea' id='block_1_11' title="bbox 0 0 1638 5400">
    <p class='ocr_par' dir='ltr' id='par_1_11' title="bbox 0 0 1638 5400">
     <span class='ocr_line' id='line_1_49' title="bbox 0 0 1638 5400; baseline 0 0"><span class='ocrx_word' id='word_1_509' title='bbox 0 0 1638 5400; x_wconf 95' lang='lat' dir='ltr'><strong> </strong></span> 
     </span>
    </p>
   </div>
  </div>
 </body>
</html>
