3256 5400
194 243 235 310 ld
622 237 898 304 EPISTOLARUM
919 239 971 302 11)
993 239 1083 301 atat.

192 397 293 484 plebis
325 416 442 482 poenas
472 415 492 461 a
518 394 668 460 seditioso
694 394 755 459 civi
776 392 954 480 perbonos
976 393 1061 458 viros
1083 392 1201 458 iudicio
1221 394 1372 480 persequi
1402 394 1512 470 vellet,

193 489 372 576 exemplum
392 486 674 574 praeclarissimum
691 488 727 575 ‚in
749 497 910 574 posterum
931 484 1134 551 vindicandae
1155 484 1318 552 seditionis
1336 486 1377 553 de
1398 509 1436 552 re
1458 510 1516 575 pu·

193 582 273 649 blica
294 581 505 648 sustulerunt:
537 579 694 666 iidemque
721 591 849 666 postea,
886 601 949 646 non
975 600 1081 645 meum
1108 588 1362 656 monumentum,
1386 615 1424 628 -
1450 602 1513 646 non

193 678 277 743 enim
296 676 367 742 illae
382 672 546 738 manubiae
560 694 666 749 meae,
688 674 744 740 sed
759 675 865 761 operis
881 674 995 740 locatio
1018 695 1087 738 mea
1106 671 1263 739 fuerat-
1277 683 1514 739 monumentum

170 791 270 845 ‚vcro
291 776 429 841 senatus,
451 767 555 832 hostili
577 767 703 833 nomine
725 778 756 832 et
778 768 916 832 cruentis
937 767 1077 832 inustum
1104 766 1215 832 litteris
1236 786 1306 832 esse
1328 767 1412 852 passi
1433 775 1515 833 sunt

193 861 257 940 Qui
276 882 326 925 me
345 859 488 925 homines
506 859 592 947 quod
613 859 733 925 salvum
755 881 823 925 esse
845 860 1026 935 voluerunt,
1048 868 1096 925 cst
1110 859 1187 928 mibi
1206 859 1438 946 gratissimum
1460 859 1516 926 sed

192 954 306 1018 vellem
326 953 510 1019 nouaclum
531 952 638 1018 salutis
660 974 763 1029 meae,
793 951 1059 1040 quemadmodum
1080 951 1209 1027 medici,
1232 951 1305 1029 sed,
1328 962 1364 1019 ut
1384 955 1513 1040 aliptae,

192 1047 285 1112 etiam
311 1045 428 1111 virium
457 1056 488 1110 ct
513 1046 629 1111 coloris
658 1046 812 1111 rationem
839 1045 956 1112 babere
983 1046 1170 1112 voluissent:
1203 1065 1301 1121 nunc,
1335 1053 1371 1111 ut
1391 1047 1514 1132 Apellea

191 1138 322 1206 Veneris
343 1146 436 1225 caput
456 1148 488 1204 et
506 1159 628 1204 summa
648 1139 785 1225 pectoris
806 1139 989 1225 politissima
1012 1147 1081 1204 arte
1099 1137 1248 1224 perfecit,
1270 1137 1424 1225 reliquam
1444 1161 1514 1226 par-

157 1242 255 1313 .,tem
277 1232 421 1318 corporis
440 1230 616 1297 inchoatam
631 1231 773 1319 reliquit,
795 1232 840 1297 sic
856 1231 984 1318 quidam
1004 1231 1147 1298 homines
1165 1231 1197 1296 in
1212 1231 1312 1319 capite
1330 1253 1402 1299 meo
1413 1233 1514 1299 solam

191 1325 408 1402 elaborarunt,
429 1325 588 1413 reliquum
608 1346 724 1412 corpus
747 1325 967 1412 imperfectum
989 1345 1025 1389 ac
1046 1324 1126 1391 rude
1147 1325 1356 1412 reliquerunt.
1408 1329 1459 1391 16.
1479 1330 1515 1391 ln

191 1441 256 1507 quo
277 1436 337 1505 ego
358 1441 446 1506 spem
466 1418 564 1485 fefelli
582 1440 646 1484 non
668 1419 763 1485 modo
784 1418 979 1493 invidorum,
1008 1418 1064 1484 sed
1092 1418 1186 1483 etiam
1207 1418 1407 1485 inimicorum
1430 1439 1516 1483 meo·

191 1535 279 1580 rum:
312 1512 367 1600 qui
393 1513 433 1579 de
459 1532 524 1579 uno
550 1512 705 1578 acerrimo
733 1521 764 1577 et
784 1511 957 1577 fortissimo
979 1512 1049 1577 viro
1070 1532 1207 1600 meoque
1235 1511 1353 1579 iudicio
1374 1512 1514 1602 omnium

191 1605 404 1692 magnitudine
424 1605 520 1671 animi
545 1613 577 1670 et
597 1605 769 1671 constantia
789 1605 1056 1691 praestantissimo
1086 1607 1125 1683 Q.
1148 1605 1275 1672 lletello
1297 1610 1331 1670 L.
1352 1610 1386 1671 F.
1415 1625 1514 1692 quon·

155 1700 264 1777 „dnm
291 1698 400 1767 falsam
427 1698 608 1786 opinionem
634 1708 838 1786 acceperunt;
874 1719 969 1786 quem
995 1705 1066 1783 post
1094 1697 1232 1764 reditum
1253 1698 1395 1765 dictitant
1414 1697 1513 1764 fracto

191 1793 296 1860 animo
315 1802 347 1858 et
362 1791 500 1858 demisso
527 1790 638 1857 fuisse:
662 1789 721 1876 [est
742 1812 820 1856 vero
836 1790 1062 1877 probandum]
1084 1791 1139 1878 qui
1161 1800 1192 1857 et
1212 1813 1334 1859 summa
1351 1792 1514 1858 voluntate

191 1886 320 1952 cesserit
350 1895 381 1951 et
407 1885 533 1971 egregia
559 1884 653 1950 animi
681 1885 839 1950 alacritate
865 1884 980 1950 afuerit
1006 1905 1109 1971 neque
1130 1905 1206 1949 sane
1240 1885 1347 1951 redire
1380 1885 1512 1960 curarit,

191 2000 263 2046 eum
286 1978 327 2045 ob
355 1979 388 2045 id
415 1979 519 2066 ipsum
545 1977 679 2044 fractum
704 1976 816 2054 fuisse,
844 1979 875 2044 iu
904 1999 968 2065 quo
997 1999 1069 2044 curn
1091 2000 1200 2043 omnes
1220 1978 1364 2046 homines
1384 1989 1451 2046 tum
1472 1983 1513 2046 11.

191 2072 279 2139 illum
301 2075 452 2139 Scaurum
473 2072 663 2158 singularem
683 2071 787 2138 vuum
807 2071 978 2138 constantia
1000 2082 1031 2138 et
1051 2071 1202 2156 gravitate
1224 2076 1417 2158 superassetf
1441 2071 1512 2147 Sed,

153 2166 278 2256 „quod
305 2165 345 2231 de
376 2165 431 2231 illo
459 2174 643 2252 acceperant
670 2164 838 2230 autetiam
865 2162 1122 2251 suspicabantur,
1152 2163 1191 2229 de
1212 2186 1264 2230 me
1292 2165 1376 2231 idem
1397 2165 1515 2250 eogita-

191 2259 279 2336 bant,
301 2258 469 2325 abiectiore
490 2259 595 2325 animo
617 2279 669 2324 me
688 2257 845 2332 futurum,
868 2280 940 2324 cum
954 2256 1144 2345 respublica
1160 2258 1312 2324 maiorem
1327 2259 1420 2325 etiam
1437 2258 1513 2325 mibi

192 2352 345 2428 animum
374 2375 469 2440 quam
490 2376 627 2440 unqeaam
647 2352 841 2428 habuissem,
870 2353 973 2429 daret,
1000 2374 1072 2419 cum
1093 2351 1282 2418 declarasset
1308 2374 1342 2418 se
1371 2376 1435 2419 non
1456 2375 1514 2441 po-

192 2447 289 2513 tuisse
309 2467 359 2511 me
382 2468 446 2513 uno
468 2448 529 2513 civi
549 2469 673 2528 carere;
694 2467 828 2533 cumque
843 2447 1002 2513 Metellum
1016 2446 1110 2512 unius
1125 2444 1243 2511 tribuni
1264 2446 1364 2532 plebis
1378 2449 1512 2534 rogatio,

192 2562 242 2607 me
263 2540 410 2605 universa
432 2539 643 2627 respublica,
673 2540 752 2608 duce
774 2549 898 2613 senatu,
929 2540 1095 2606 comitante
1116 2540 1219 2614 ltalia,
1240 2540 1514 2626 promulgantibus

154 2642 264 2709 „octo
285 2632 434 2706 uibunis,
462 2632 619 2698 referente
640 2634 785 2708 conside,
807 2632 940 2698 comitiis
962 2632 1157 2707 centuriatis,
1186 2633 1304 2699 cunctis
1326 2633 1511 2708 ordinibus,

191 2725 370 2794 bominibus
395 2724 664 2802 incumbentibus,
690 2725 838 2792 omnibus
864 2724 999 2812 denique
1030 2725 1094 2790 suis
1123 2724 1243 2791 viribus
1263 2728 1511 2813 reciperavisset.

194 2824 243 2886 17.
264 2826 371 2906 Neque
392 2840 470 2884 vcro
491 2840 551 2904 ego
573 2820 651 2885 mibi
671 2829 780 2907 postea
798 2819 968 2906 quidquam
981 2818 1135 2904 assumpsi
1149 2839 1252 2906 neque
1266 2819 1360 2885 bodie
1375 2842 1511 2896 assumo,

191 2912 277 3001 quod
298 2933 488 3001 quemquam
509 2912 838 2979 malevolentissimum
859 2912 928 2977 iure
949 2911 1050 2999 possit
1062 2911 1240 2978 offendere:
1264 2924 1384 2980 tantum
1399 2915 1511 2989 enitor,

191 3016 226 3073 ut
246 3028 349 3095 neque
370 3006 479 3072 amieis
499 3027 601 3092 neque
624 3007 718 3073 etiam
739 3005 944 3072 alienioribus
965 3026 1076 3091 opera,
1100 3006 1246 3081 consilio,
1268 3006 1378 3074 labore
1400 3007 1512 3073 desim.

153 3102 250 3177 „Hic
270 3122 358 3167 meae
379 3100 461 3166 vitae
482 3120 592 3165 cursus
614 3099 744 3165 offendit
765 3120 821 3164 eos
843 3098 990 3174 fortasse,
1023 3099 1079 3185 qui
1100 3099 1300 3184 splendorem
1324 3111 1355 3166 et
1375 3101 1511 3186 speciem

189 3195 282 3262 buius
304 3195 385 3262 vitae
407 3194 580 3270 intuentur,
617 3193 859 3260 sollicitudinem
885 3202 990 3259 autem
1019 3202 1050 3258 ct
1078 3192 1219 3259 laborem
1247 3194 1426 3281 perspicere
1448 3193 1538 3260 non'

190 3297 329 3376 possunt.
376 3287 457 3352 lllud
484 3306 560 3352 vero
589 3309 653 3352 non
677 3287 811 3354 obscure
840 3296 1017 3374 queruntur
1037 3286 1070 3352 in
1092 3287 1171 3352 meis
1193 3288 1368 3361 sententiis,
1396 3286 1511 3373 quibus

189 3399 301 3446 ornem
323 3384 500 3454 Caesarem,
523 3380 612 3466 quasi
634 3380 808 3446 desciscere
830 3402 919 3446 mea
941 3380 1072 3466 pristina
1093 3402 1196 3446 causa.
1240 3384 1307 3466 Ego
1322 3391 1510 3447 autemcum

189 3472 241 3538 ssla
262 3495 393 3560 sequor,
423 3496 503 3560 quae
524 3475 631 3561 paullo
655 3485 726 3541 ante
747 3477 915 3563 proposui,
949 3486 1015 3542 tum
1036 3475 1098 3540 boc
1120 3497 1184 3541 non
1205 3474 1237 3538 in
1259 3473 1442 3561 postremis,
1471 3473 1510 3538 de

152 3586 254 3654 „quo
275 3587 441 3652 coeperam
463 3588 633 3654 exponere.
675 3573 744 3635 Non
766 3569 907 3635 offendes
926 3569 1061 3635 cundem
1081 3568 1239 3634 bonorum
1263 3589 1403 3641 sensum,
1431 3571 1509 3632 Len·

189 3660 263 3733 tnle,
278 3680 372 3746 wem
384 3660 550 3748 reliquisti:
574 3661 627 3748 qui
638 3661 838 3728 confirmatus
853 3663 1015 3728 consulatu
1025 3671 1143 3735 nostro,
1165 3682 1389 3747 nonnunquam
1401 3670 1510 3747 postea

188 3751 397 3838 interruptus,
419 3755 549 3819 afflictus
571 3764 643 3820 ante
665 3764 696 3820 te
718 3756 895 3830 consulem,
924 3763 1086 3821 recreatus
1106 3753 1161 3820 abs
1184 3765 1229 3831 te,
1253 3763 1336 3821 totus
1358 3764 1406 3820 est
1427 3774 1511 3819 nunc

188 3844 228 3911 ab
242 3844 297 3920 iis,
319 3867 337 3911 a
357 3845 470 3933 quibus
488 3847 621 3914 tuendus
637 3847 754 3923 fuerat,
778 3848 960 3927 derelictus;
981 3848 1076 3935 idque
1095 3868 1159 3914 non
1178 3848 1281 3913 solum
1295 3846 1399 3913 fronte
1415 3857 1510 3935 atque

188 3938 293 4014 vultu,
315 3939 429 4026 quibus
448 3941 605 4007 simulatio
625 3940 770 4007 facillime
787 3941 975 4016 sustinetur,
998 3941 1155 4007 declarant
1176 3941 1220 4015 ei,
1245 3940 1298 4027 qui
1319 3950 1387 4006 tum
1401 3952 1509 4008 nostro

150 4030 243 4107 ..illo
265 4043 345 4099 statu
366 4034 532 4120 optimates
554 4033 809 4108 nominabantur,
842 4036 1012 4102 sedetiam
1034 4033 1184 4100 sententia
1208 4054 1301 4121 saepe
1327 4033 1390 4099 iam
1413 4033 1509 4099 tabel-

187 4123 281 4212 laque
302 4125 487 4193 docuerunt.
532 4130 581 4194 18.
604 4132 711 4214 ltaque
736 4138 800 4194 tota
822 4129 885 4194 iam
907 4128 1092 4215 sapientium
1112 4127 1243 4203 civium,
1266 4127 1390 4213 qualem
1411 4149 1461 4192 mc
1479 4138 1510 4193 ct

188 4238 257 4284 esse
279 4230 311 4284 et
332 4220 492 4287 numerari
514 4220 603 4295 volo,
641 4231 671 4287 et
692 4222 844 4287 sententia
867 4231 898 4287 et
919 4223 1063 4288 voluntas
1085 4230 1201 4287 mutua
1227 4241 1296 4285 esse
1318 4218 1420 4286 debet.
1473 4220 1510 4286 Id

187 4311 272 4377 enim
298 4311 387 4378 iubet
413 4313 497 4379 idem
533 4314 585 4379 ille
618 4314 720 4389 Plato,
747 4336 841 4402 quem
867 4336 926 4401 ego
960 4316 1159 4382 vehementer
1187 4325 1348 4379 auctorem
1368 4335 1506 4399 sequor'

227 4472 303 4524 ·15.
329 4479 481 4536 eruperant
505 4473 552 4524 lt:
583 4481 737 4536 acceperant
760 4475 790 4525 11.
823 4500 853 4510 -
890 4477 934 4526 16.
963 4476 1012 4527 Vs.
1038 4483 1075 4526 est
1098 4488 1159 4526 cero
1184 4475 1351 4537 prebendam
1380 4474 1423 4522 vel
1451 4488 1509 4522 cor-

188 4545 268 4605 rupta
296 4542 341 4593 ael
370 4542 512 4593 subditicio
541 4543 677 4594 ridentur.
697 4544 749 4595 Οι.
770 4567 801 4580 -
837 4546 881 4595 17.
901 4553 1006 4596 curaret
1023 4546 1061 4596 11.
1083 4571 1112 4582 -
1150 4545 1191 4596 22.
1214 4559 1271 4594 eum
1290 4544 1346 4592 Va:
1366 4557 1440 4606 quem
1458 4544 1508 4600 11,

187 4624 255 4677 quae
272 4616 346 4665 tcum
364 4608 416 4676 Vb)
442 4612 473 4662 tt.
504 4637 534 4649 -
572 4612 617 4664 at.
636 4615 865 4678 promatqoottbae
883 4624 941 4666 octo
959 4616 1070 4665 anonae
1091 4614 1253 4665 sehtftziue:
1281 4614 1510 4676 promalqonuem

188 4680 306 4743 Μῶα
323 4682 383 4733 1111.
402 4704 436 4719 -
453 4681 497 4732 33.
516 4684 709 4746 reciperooieset
726 4684 769 4734 lla
788 4692 964 4746 recuperasset
982 4686 1013 4735 11.
1029 4706 1058 4720 -
1080 4684 1124 4734 33.
1144 4685 1279 4733 &edeam
1296 4697 1336 4732 me
1349 4683 1507 4732 Schtttzioe:

187 4748 350 4805 murem
374 4751 413 4813 11,
442 4752 575 4802 mern
601 4753 631 4804 11.
653 4778 684 4790 -
717 4767 735 4802 a
760 4767 815 4803 om.
841 4754 879 4805 11.
908 4780 938 4790 -
973 4755 1018 4805 33.
1041 4767 1228 4816 menuaqaom
1246 4766 1309 4802 com
1328 4753 1446 4802 victorio
1468 4754 1507 4802 Ea

187 4821 430 4887 mml-
466 4818 574 4884 este]
600 4823 745 4874 me-
776 4824 919 4887 idqueld:
948 4824 1166 4888 3131191311.-
1202 4822 1352 4873 auctu:
1377 4823 1447 4872 1111.
1476 4847 1506 4859 ·-
1603 4854 1606 4859 -

188 4886 234 4943 dt).
251 4892 381 4942 anemio
398 4890 553 4942 mantinea
571 4905 647 4943 um
662 4892 722 4945 1111.
