3256 5400
171 202 232 265 758
675 193 733 254 ΕΡ.
755 192 807 252 ΑΙ)
830 189 989 253 BRUTUM

172 377 224 421 res
245 375 308 420 non
330 353 447 437 coegit,
473 369 575 434 neque
597 346 767 412 crudeliter
788 345 960 433 quidquam
982 345 1086 430 eripui
1108 365 1212 431 neque
1233 343 1388 412 dissolute
1412 344 1505 432 quid-

172 470 266 536 quam
288 447 412 517 remisi,
435 442 592 528 habuique
612 440 646 505 in
660 461 729 505 mea
744 448 913 526 potestate,
937 438 1042 526 quoad
1063 436 1182 503 bellum
1203 437 1273 504 luit.
1309 441 1412 505 blulto
1433 438 1503 524 qui·

174 542 245 607 dem
266 539 427 606 honestius
448 535 554 601 iudico
575 534 737 620 magisque
759 533 845 620 quod
866 531 1042 598 conducere
1064 532 1164 618 possit
1184 532 1233 597 rei
1253 531 1418 617 publicae,
1444 532 1503 596 mi-

174 655 318 700 serorum
340 631 498 696 fortunam
520 649 584 693 non
604 627 751 693 insectari
771 648 865 714 quam
887 625 1007 691 infinite
1028 623 1170 690 tribuere
1191 623 1391 711 potentibus,
1421 645 1502 711 quae

151 728 374 813 ncupiditatcm
402 732 433 788 ct
463 720 673 806 arrogantiam
699 720 868 786 incendere
895 718 1024 805 possint
1068 722 1099 783 3.
1130 720 1200 795 Qua
1225 717 1260 783 in
1285 738 1341 793 re,
1371 717 1500 791 Cicero,

174 822 223 886 vir
251 819 368 905 optime
396 826 490 902 atque
511 813 697 887 fortissime,
725 813 865 899 mihique
887 813 1001 878 merito
1023 821 1054 877 at
1075 832 1148 877 meo
1171 811 1298 877 nomine
1320 820 1352 877 et
1373 810 1423 876 rei
1445 832 1501 897 pn·

174 915 273 980 blicae
295 912 473 984 carissime,
496 907 589 972 nimis
610 905 740 972 credero
761 906 880 973 sideris
901 907 969 993 spei
990 916 1080 983 tuae,
1103 905 1287 992 statimque,
1309 905 1502 993 utquisque

175 1006 293 1093 aliquid
314 1016 401 1071 recto
421 1002 546 1076 lecerit,
568 1005 673 1066 omnia
695 999 771 1066 dare
792 1021 829 1065 ac
851 1006 1049 1085 permittere;
1071 1001 1161 1087 quasi
1183 1022 1247 1067 non
1267 1001 1359 1066 liceat
1380 997 1504 1064 traduci

176 1100 215 1165 ad
236 1101 317 1165 mala
339 1096 468 1163 consilia
489 1103 673 1181 corruptum
700 1094 920 1180 largitionibus
940 1095 1090 1161 animum.
1134 1099 1223 1174 Quae
1249 1104 1302 1161 tua
1324 1104 1373 1160 est
1393 1092 1505 1158 buma-

141 1195 271 1269 sooitas,
300 1213 404 1278 aequo
425 1191 529 1255 animo
558 1198 589 1253 te
616 1189 739 1253 moneri
760 1189 905 1274 patieris,
934 1190 1120 1275 praesertim
1141 1189 1181 1255 de
1203 1189 1363 1256 communi
1386 1187 1503 1264 salute;

175 1288 269 1353 iacies
296 1297 417 1360 tamen,
450 1284 535 1371 quod
563 1281 620 1347 tibi
648 1282 749 1348 visum
779 1281 892 1348 fuerit:
927 1284 1021 1348 etiam
1049 1304 1127 1368 ego,
1160 1305 1232 1349 cum
1261 1304 1313 1348 me
1343 1282 1504 1348 docueris

176 1387 278 1456 Nunc,
301 1381 430 1453 Cicero,
459 1399 541 1444 nnnc
561 1376 716 1462 agendum
739 1385 800 1449 est,
830 1397 870 1441 ne
891 1376 1008 1442 frustra
1030 1398 1218 1463 oppressum
1240 1398 1310 1443 esse
1331 1377 1504 1443 Antonium

176 1475 275 1560 gavisi
303 1475 414 1549 simus,
446 1494 507 1539 neu
536 1493 661 1557 semper
681 1471 775 1557 primi
804 1470 958 1559 cuiusque
980 1471 1052 1536 mali
1075 1471 1242 1537 excidendi
1264 1492 1357 1537 causa
1379 1471 1437 1544 sit,
1470 1479 1503 1535 ut

178 1568 261 1634 aliud
283 1577 464 1633 renascatur
490 1567 545 1631 illo
566 1565 667 1651 peius.
710 1570 740 1630 l.
769 1565 852 1630 Nibil
873 1569 937 1630 iam
958 1586 1061 1648 neque
1083 1564 1285 1652 opinantibus
1306 1574 1362 1630 aut
1383 1566 1505 1650 patien-

143 1661 261 1734 ntibus
283 1657 375 1727 nobis
396 1659 519 1725 adversi
541 1660 668 1724 evenire
689 1666 805 1744 potest,
828 1663 860 1723 in
882 1679 946 1746 quo
967 1679 1122 1726 nonaum
1142 1659 1283 1724 omnium
1306 1658 1414 1745 culpa,
1437 1667 1503 1724 tum

177 1756 345 1842 praecipue
372 1764 425 1820 tua
453 1752 557 1818 futura
586 1756 642 1831 sit;
673 1753 762 1818 cuius
783 1761 901 1817 tantam
923 1753 1138 1818 anctoritatem
1161 1762 1287 1818 senatus
1308 1772 1345 1816 ac
1366 1752 1504 1837 populus

178 1854 336 1914 Romanus
362 1868 425 1912 nou
446 1848 548 1912 solum
576 1865 645 1911 esse
667 1847 800 1932 patitur,
830 1845 886 1911 sed
915 1846 1007 1911 etiam
1035 1847 1136 1932 capit,
1167 1855 1282 1933 quanta
1304 1846 1442 1911 maxima
1472 1850 1504 1911 in

178 1941 277 2007 libera
298 1941 422 2006 civitate
444 1941 536 2006 unius
558 1960 627 2004 esse
642 1950 761 2025 potest;
784 1961 877 2027 quam
900 1948 935 2004 tu
956 1960 1020 2004 non
1035 1940 1137 2005 solum
1159 1938 1239 2005 bene
1261 1939 1426 2007 sentiendo
1448 1939 1504 2005 sed

179 2034 272 2098 etiam
293 2033 466 2120 prudenter
485 2033 567 2100 tueri
581 2030 689 2099 debes.
725 2033 894 2099 Prudentia
915 2053 1030 2118 porro,
1053 2054 1135 2120 quae
1156 2032 1214 2099 tibi
1234 2043 1395 2120 superest,
1418 2034 1502 2100 nnlla

141 2127 235 2196 anabs
262 2138 293 2193 te
314 2127 511 2194 desideratur
531 2128 592 2192 nisi
613 2127 725 2193 modus
750 2127 783 2192 in
805 2127 979 2194 tribuendis
1001 2127 1185 2193 bonoribus.
1227 2127 1294 2192 alia
1323 2127 1429 2192 omnia
1460 2128 1504 2193 sic

179 2221 311 2296 adsunt,
344 2230 380 2287 ut
407 2242 477 2286 cum
505 2219 646 2308 quolibet
674 2221 874 2307 antiquorum
903 2222 1078 2309 comparari
1108 2222 1229 2308 possint
1257 2230 1330 2287 tuae
1359 2221 1503 2287 virtutes.

179 2319 278 2380 Unum
301 2315 374 2392 boc,
398 2325 487 2400 grato
509 2316 612 2380 animo
635 2314 820 2402 liberalique
842 2315 1032 2401 proiectum,
1059 2317 1232 2383 cautiorem
1253 2336 1289 2380 ac
1311 2313 1503 2380 moderatio

180 2430 247 2474 rem
275 2408 491 2474 liberalitatem
519 2408 686 2475 desiderat.
734 2409 817 2474 Nihil
846 2409 930 2474 enim
958 2420 1083 2476 senatus
1112 2411 1257 2496 cuiquam
1286 2408 1363 2474 dare
1394 2405 1502 2482 debet,

184 2503 270 2590 qnod
293 2504 373 2568 male
395 2501 601 2588 cogitantibus
623 2504 770 2590 exemplo
791 2512 846 2569 aut
865 2502 1024 2589 praesidio
1046 2504 1094 2568 sit.
1127 2509 1234 2591 ltaque
1256 2503 1352 2568 timeo
1374 2501 1413 2567 de
1428 2522 1504 2566 eon-

143 2597 296 2670 assulatu,
324 2618 364 2661 ne
392 2601 506 2664 Caesar
532 2605 604 2662 tuus
625 2597 717 2663 altius
744 2618 779 2663 se
804 2597 1003 2662 adscendisse
1030 2608 1118 2684 putet
1142 2598 1277 2664 decretis
1299 2597 1378 2672 tuis,
1408 2617 1502 2683 quam

181 2689 268 2765 indo,
297 2691 323 2756 si
350 2691 458 2755 consul
485 2690 584 2756 lactus
612 2691 664 2768 sit,
694 2691 928 2757 descensurum.
971 2696 1002 2756 5.
1034 2692 1153 2768 Quodsi
1175 2691 1340 2767 Antonius,
1372 2689 1412 2756 ab
1440 2691 1503 2755 alio

180 2783 322 2847 relictum
338 2785 426 2868 regni
441 2784 698 2859 instrumentum,
721 2786 917 2851 occasionem
931 2785 1082 2870 regnandi
1099 2784 1222 2861 babuit,
1245 2806 1383 2871 quonam
1398 2785 1502 2849 animo

179 2878 250 2943 iore
277 2887 382 2962 putas,
411 2877 437 2941 si
465 2877 535 2962 quis
562 2887 709 2954 auctore,
737 2900 801 2944 non
829 2887 962 2967 tyranno
989 2879 1170 2954 interfecto,
1200 2879 1256 2944 sed
1286 2880 1356 2965 ipso
1378 2889 1501 2952 senatu,

182 2980 268 3057 putot
289 2992 323 3036 se
345 2971 477 3056 imperia
499 2971 657 3055 quaelibet
678 2973 900 3058 concupiscere
922 2979 1035 3058 posset
1057 2975 1163 3050 Quare
1185 2982 1250 3038 tum
1273 2982 1305 3037 et
1326 2973 1502 3038 facilitatem

143 3077 213 3138 anot
234 3065 461 3150 providentiam
483 3063 618 3129 laudabo
641 3074 740 3141 tuam,
772 3087 842 3130 cum
865 3067 1061 3153 exploratum
1093 3066 1208 3132 babere
1234 3088 1371 3153 coepero
1394 3070 1504 3132 Cacsa-

181 3180 249 3222 rem
272 3157 461 3232 bonoribus,
486 3178 565 3243 quos
587 3159 758 3244 acceperit,
782 3159 1040 3225 extraordinariis
1062 3159 1131 3225 loro
1154 3171 1344 3227 contentum.
1377 3162 1503 3225 Alienae

181 3251 293 3335 igitur,
316 3251 454 3337 inquies,
478 3251 586 3335 culpae
608 3273 659 3316 me
681 3273 770 3317 reum
794 3251 961 3319 subiiciest
983 3259 1116 3320 Prorsus
1137 3256 1270 3331 alienae,
1293 3257 1321 3320 si
1342 3255 1503 3342 provideri

182 3365 244 3407 non
266 3345 382 3430 potuit,
406 3366 445 3409 ne
460 3345 636 3410 exsisteret.
673 3344 886 3422 Quodutinam
909 3347 1083 3433 inspectare
1105 3355 1205 3435 possis
1227 3350 1372 3416 timorem
1396 3349 1436 3414 do
1451 3349 1505 3412 illo

182 3441 303 3503 meuml
334 3443 363 3504 6.
385 3438 441 3503 His
459 3438 570 3503 litteris
588 3438 728 3524 scriptis,
751 3448 781 3503 tc
797 3441 958 3505 consulem
978 3440 1093 3507 iactum
1111 3443 1295 3509 audivimus.
1332 3449 1411 3507 Tum
1427 3460 1504 3506 vero

142 3562 171 3603 ³5
181 3529 325 3615 incipiam
355 3552 534 3616 proponere
557 3533 633 3597 mihi
663 3554 731 3597 rem
753 3532 909 3619 publicam
931 3535 1042 3600 iustam
1066 3547 1098 3602 ct
1117 3538 1179 3602 iam
1202 3539 1267 3604 suis
1289 3539 1438 3602 nitentem
1461 3535 1505 3599 vi·

183 3621 283 3696 ribus,
307 3624 334 3688 si
355 3625 435 3691 istuc
456 3625 576 3691 videro.
617 3626 713 3691 Filius
735 3627 817 3691 valet
839 3636 870 3693 et
890 3627 923 3692 in
938 3629 1150 3696 Macedoniam
1174 3653 1245 3697 cum
1261 3632 1400 3719 equitatu
1415 3650 1506 3718 prae·

182 3716 295 3781 missus
317 3726 372 3782 est.
415 3718 520 3784 ldibus
543 3719 649 3794 ltlaiis,
669 3741 712 3784 ex
735 3726 853 3786 castris.

1376 3908 1505 3919 ——Q—

253 4011 279 4058 2.
308 4010 422 4073 equidem
446 4025 500 4075 mg.
523 4009 595 4062 Crat.
625 4039 652 4050 -
693 4014 719 4064 3.
747 4016 889 4066 conducere
906 4041 917 4051 ·
934 4017 1112 4080 reipublicae
1132 4033 1187 4082 mg.
1206 4021 1251 4072 nr:
1279 4021 1419 4072 coacceders
1435 4047 1445 4057 -
1463 4034 1507 4070 res

182 4080 292 4142 publico
311 4081 406 4131 lllltlll.
428 4107 455 4116 -
493 4081 520 4131 d.
540 4083 647 4147 infinito
665 4084 687 4134 l.
708 4110 739 4120 -
768 4086 1109 4146 patentltnsllesssrionis
1128 4090 1207 4140 liber.
1227 4113 1257 4128 ·-
1294 4092 1321 4141 a.
1343 4091 1505 4154 atqoeblll:

184 4165 217 4199 oc
235 4151 279 4200 lli.
299 4176 331 4184 -
367 4153 482 4212 inibique
500 4152 561 4202 bene
579 4155 671 4202 merite
688 4154 751 4213 (sic)
772 4157 793 4206 l.
814 4182 846 4193 -
881 4157 907 4208 8.
934 4164 1003 4208 recte
1020 4173 1074 4209 om.
1095 4161 1118 4208 l.
1138 4183 1168 4197 -
1206 4162 1250 4210 12.
1270 4174 1341 4211 nsnc
1359 4159 1506 4225 aagendam]

184 4221 213 4270 id
231 4221 364 4283 agendam
382 4222 448 4271 Cod.
469 4221 554 4272 Oxou.
583 4248 614 4259 -
652 4223 695 4273 13.
717 4226 783 4274 moli
800 4240 883 4278 consa
900 4230 1040 4278 excidendi
1057 4243 1139 4279 consa
1156 4233 1204 4287 sit,
1224 4245 1272 4281 cur
1294 4232 1452 4282 Lambinus.
1475 4258 1504 4268 ·-

186 4292 228 4341 17.
254 4292 370 4339 satanins
387 4291 461 4342 bllil.
491 4312 523 4326 ·-
558 4293 601 4343 26.
629 4294 667 4342 aie
685 4295 867 4348 adsnsnllli:
886 4301 924 4347 sic
942 4299 1047 4349 abunde
1065 4301 1163 4349 manat
1181 4301 1224 4350 ΙΕ.
1254 4328 1283 4337 -
1321 4303 1365 4352 21.
1392 4303 1505 4364 possint.

187 4361 257 4408 Tuae
273 4363 383 4410 virtutes
400 4375 484 4409 nnnm
501 4362 549 4410 boc
567 4388 578 4399 ·
595 4386 606 4396 -
624 4363 774 4414 desiderant
791 4367 819 4416 Μ
832 4372 859 4419 et
871 4368 942 4418 liber
954 4370 1132 4420 bessarionis.
1162 4372 1235 4434 (tnnc
1252 4373 1365 4420 virtutes
1383 4373 1507 4424 Manutio

184 4437 294 4480 auctora
312 4431 411 4481 delevit
430 4431 600 4488 Lambinus.)
622 4456 649 4466 -
677 4435 721 4483 22.
741 4450 759 4483 o
777 4445 857 4498 prato
875 4439 1034 4490 Lambinus.
1056 4467 1084 4478 -
1113 4441 1157 4490 26.
1178 4442 1323 4503 exemptum
1342 4442 1379 4492 Μ.
1400 4464 1430 4478 -
1457 4442 1505 4492 Vv.

185 4501 217 4549 de
234 4501 372 4550 consnlntn
391 4503 568 4564 expungenda
588 4505 692 4553 certauit
711 4506 840 4557 Faernus.
870 4532 900 4543 -
937 4510 982 4560 25.
1007 4512 1149 4561 escendisse
1174 4526 1236 4561 cum
1256 4512 1340 4562 6266.
1359 4512 1450 4573 Regiis
1470 4514 1507 4570 (t)

185 4570 386 4622 Lallemandus.
408 4596 438 4607 -
473 4571 517 4619 26.
537 4573 586 4628 sit,
607 4587 658 4623 esse
677 4575 864 4627 descensurum
881 4578 907 4638 1,
928 4580 963 4627 sit
982 4592 1153 4630 ascensurum
1171 4582 1292 4632 Manutio
1311 4588 1421 4632 auctore
1440 4580 1507 4631 blid-

187 4640 321 4691 dletonus.
360 4642 412 4691 Sed
431 4656 456 4691 v.
477 4640 609 4691 Tunstalli
630 4643 690 4693 Oba.
711 4660 736 4707 p.
756 4647 818 4697 392.
838 4670 868 4683 -
905 4649 947 4698 28.
968 4656 1046 4712 putas
1064 4652 1139 4700 1.-
1174 4653 1218 4702 26.
1234 4657 1312 4714 putot
1331 4656 1353 4702 l.
1373 4677 1402 4686 -
1443 4650 1508 4713 loci-

186 4713 288 4760 titotom
305 4712 385 4762 bllil:
414 4710 567 4772 felicitatem
585 4714 780 4772 cumGrutcro
805 4717 835 4767 ll.
866 4743 898 4754 —
934 4719 978 4770 32.
1003 4717 1133 4784 subiiciet]
1151 4721 1230 4786 socies
1256 4724 1274 4772 i.
1304 4747 1335 4760 -
1369 4723 1508 4785 provideri

187 4795 240 4830 non
256 4784 344 4847 potnit
363 4783 400 4834 li:
417 4781 554 4844 provideri
569 4785 657 4843 potnit
675 4784 747 4835 bllll.
771 4812 797 4823 -
838 4786 881 4838 33.
901 4795 1021 4852 spectare
1039 4792 1070 4844 a.
