3256 5400
173 224 235 287 aaa
604 242 606 246 =
672 220 730 282 nn.
753 219 805 280 an
826 197 996 281 arucuu

174 382 226 445 lex
249 401 267 444 a
288 376 395 444 Flavio
422 375 549 442 trlbuno
576 375 618 462 pl.
646 375 848 440 vehementer
868 371 1043 458 agitabatur
1064 381 1193 438 auctore
1214 375 1381 458 Pompeio;
1414 395 1497 462 quae

176 473 250 539 nihil
274 471 425 558 populare
447 468 581 534 babebat
594 480 720 555 praeter
740 478 910 533 auctorem.
952 471 1001 531 Ex
1014 466 1073 532 bae
1094 487 1153 551 ego
1174 469 1243 551 lege
1266 468 1401 533 secunda
1422 490 1499 534 con-

176 569 270 634 tionis
297 567 456 631 voluntate
482 563 588 628 omnia
614 563 667 627 illa
687 561 852 634 tollebam,
883 581 964 647 quae
985 559 1025 623 ad
1045 560 1240 646 privatorum
1261 561 1496 628 incommodum

176 659 387 748 pertinebant;
408 655 581 723 liberabam
602 677 712 741 agrum
734 676 822 729 eum,
845 655 899 740 qui
920 659 953 719 P.
974 653 1095 730 Mucio,
1117 658 1152 719 L.
1174 654 1342 740 Calpurnio
1363 656 1500 721 consuli-

154 756 236 821 sbus
263 751 407 840 publicus
439 750 568 827 fuisset;
606 751 805 815 Sullanorum
832 748 994 814 hominum
1022 748 1235 833 possessiones
1257 747 1497 826 confirmabam3

177 849 401 915 Volaterranos
422 853 454 910 et
474 848 650 918 Arretinos,
677 865 812 930 qnorum
833 864 943 928 agrum
965 842 1050 908 Sulla
1070 841 1243 929 publicarat
1263 864 1365 929 neque
1386 842 1500 908 divise·

176 952 240 1015 rat,
259 942 302 1006 in
331 961 388 1005 sua
414 938 614 1025 possessione
643 937 834 1012 retinebam
866 958 961 1004 unam
982 937 1136 1002 rationem
1158 957 1221 1001 non
1244 937 1440 1011 reiiciebam‚
1463 944 1500 1002 ut

177 1055 253 1119 ager
281 1034 339 1099 hac
365 1032 539 1099 adventicia
566 1031 698 1117 pecunia
726 1040 899 1108 emeretur,
932 1053 1014 1118 quae
1042 1052 1083 1095 ex
1104 1029 1194 1096 novis
1215 1029 1418 1115 vectigalibus
1439 1051 1500 1116 per

178 1127 425 1216 quinquennium
439 1126 644 1212 reciperetur.
687 1125 768 1191 Huic
788 1124 846 1189 toti
866 1124 983 1189 rationi
1003 1123 1146 1209 agrariae
1167 1132 1293 1188 senatus
1314 1122 1500 1187 adversaba-

142 1239 168 1277 ¹⁰
178 1233 246 1297 tur.
276 1220 435 1307 suspicans
462 1219 613 1305 Pompeio
640 1240 754 1284 noram
780 1218 935 1306 quandam
962 1218 1131 1304 potentiam
1158 1216 1278 1303 quaeri.
1331 1217 1499 1303 Pompeius

180 1337 255 1382 vcro
283 1315 322 1380 ad
350 1315 541 1379 voluntatem
568 1312 773 1400 perferendae
800 1312 879 1398 legis
911 1309 1104 1377 incubuerat.
1157 1313 1224 1394 Ego
1253 1318 1357 1375 autem
1385 1331 1498 1394 magna

178 1431 248 1476 cum
270 1408 466 1494 agrariorum
487 1407 587 1491 gratia
608 1405 829 1472 confirmabam
850 1406 991 1471 omnium
1011 1408 1206 1491 privatorum
1228 1404 1443 1488 possessiones
1458 1441 1497 1453 -

179 1505 205 1569 is
232 1505 391 1569 enimest
421 1510 529 1566 noster
556 1502 726 1574 exereitus,
754 1500 930 1572 bominum,
960 1509 994 1564 ut
1020 1507 1085 1562 tute
1114 1498 1191 1572 scis,
1219 1498 1420 1583 locupletium
1442 1523 1498 1575 -;

180 1597 296 1684 populo
325 1603 429 1659 autem
459 1603 490 1658 et
518 1596 667 1681 Pompeio
688 1631 729 1641 —
752 1616 823 1661 nam
844 1595 877 1659 id
899 1614 1024 1679 quoque
1045 1590 1190 1658 volebam
1212 1628 1252 1638 —
1273 1591 1499 1657 satisfaciebam

144 1690 354 1776 uemptione,
384 1710 445 1774 qua
467 1689 633 1755 constituta
662 1688 826 1773 diligenter
854 1697 886 1752 ct
907 1688 1059 1753 sentinam
1086 1684 1175 1751 urbis
1197 1685 1357 1751 exhauriri
1388 1697 1419 1752 et
1439 1691 1499 1751 lta·

180 1783 240 1848 liae
266 1781 465 1848 solitudinem
494 1780 687 1867 frequentari
715 1802 807 1868 posse
835 1778 1020 1845 arbitrabar.
1064 1778 1126 1843 Sed
1148 1778 1224 1843 baec
1245 1787 1309 1843 tota
1330 1801 1382 1845 res
1403 1781 1501 1845 inter-

78 1872 84 1883 '
180 1876 291 1962 pellata
320 1875 404 1940 bello
431 1874 608 1940 refrixerat.
657 1876 798 1941 Metellus
827 1884 874 1940 cst
900 1874 1009 1939 consul
1037 1894 1111 1937 sanc
1132 1871 1234 1937 bonus
1262 1881 1294 1936 ct
1314 1894 1371 1938 nos
1393 1874 1499 1939 admo-

179 1970 253 2036 dum
281 1969 392 2054 diligit.
448 1969 504 2033 llle
532 1970 612 2034 alter
638 1969 681 2034 ita
707 1969 784 2034 nibil
815 1979 878 2044 est,
906 1979 941 2034 ut
971 1968 1076 2054 plane,
1106 1967 1183 2052 quid
1211 1967 1339 2041 emerit,
1372 1967 1500 2033 nesciat.

181 2068 210 2130 5.
232 2067 316 2128 Haec
336 2063 461 2128 suntin
482 2083 518 2128 re
539 2062 677 2150 publiea3
698 2062 758 2129 nisi
780 2063 873 2128 etiam
893 2062 971 2129 illud
991 2062 1031 2126 ad
1051 2082 1119 2126 rem
1140 2059 1297 2147 publicam
1318 2069 1407 2146 putas
1429 2082 1501 2148 per·

142 2173 171 2211 ⁸⁰
179 2158 295 2231 tinere,
327 2156 522 2222 Herennium
543 2156 711 2244 quendam,
743 2156 904 2224 tribunum
925 2158 984 2244 pl.,
1006 2154 1154 2222 tribulem
1175 2164 1280 2226 tuum,
1303 2175 1377 2219 sane
1398 2153 1502 2218 homi-

181 2272 252 2316 nem
282 2271 415 2339 nequam
444 2259 537 2337 atque
559 2260 716 2336 egentem,
744 2271 837 2336 saepe
858 2251 921 2315 iam
943 2251 981 2315 de
1002 2254 1035 2315 P.
1059 2249 1168 2315 Clodio
1189 2247 1229 2312 ad
1250 2245 1374 2332 plebem
1395 2247 1503 2312 tradu-

180 2344 280 2410 cendo
305 2365 400 2429 agere
427 2344 568 2430 coepisse
575 2368 585 2423 ;
616 2344 688 2409 huie
708 2344 891 2429 frequenter
910 2344 1124 2409 interceditur.
1166 2345 1250 2407 Haec
1271 2351 1356 2415 sunt,
1378 2351 1412 2405 ut
1433 2340 1503 2427 opi·

180 2459 258 2512 nor,
278 2439 311 2503 in
336 2459 373 2503 re
398 2437 532 2525 publica.
585 2443 616 2504 6.
630 2442 697 2522 Ego
722 2448 842 2514 autem,
874 2451 910 2506 ut
931 2441 1026 2505 semel
1047 2444 1206 2504 Nonarum
1227 2436 1349 2502 illarum
1372 2441 1503 2501 Decem-

182 2531 301 2606 brium,
324 2536 460 2596 iunctam
480 2531 596 2596 invidia
618 2551 654 2595 ac
675 2532 846 2598 multorum
866 2535 1054 2608 inimicitiis,
1077 2532 1225 2598 eximiam
1240 2531 1394 2617 quandam
1408 2538 1503 2615 atque

144 2639 172 2680 *ὁ
182 2625 390 2691 immortalem
417 2625 551 2709 gloriam
572 2634 757 2691 consecutus
779 2649 864 2702 snm,
893 2649 957 2693 non
978 2628 1080 2696 destiti
1103 2627 1212 2691 eadem
1233 2624 1328 2690 animi
1350 2624 1504 2708 magnitu-

181 2718 253 2784 dine
280 2723 311 2782 in
339 2739 375 2783 re
403 2717 528 2805 publica
553 2719 675 2783 versari
701 2711 732 2784 et
758 2720 840 2786 illam
868 2722 1038 2786 institutam
1068 2743 1104 2786 ac
1125 2727 1299 2805 susceptam
1322 2717 1503 2801 dignitatem

183 2816 280 2886 tueri;
303 2812 358 2876 sed
379 2820 582 2899 posteaquam
604 2812 740 2898 primum
763 2814 861 2880 Clodii
884 2813 1078 2880 absolutione
1100 2815 1257 2879 levitatem
1279 2811 1504 2877 infirmitatem-

182 2928 244 2993 que
267 2906 455 2971 iudiciorum
483 2906 644 2991 perspexi,
672 2906 785 2971 deinde
807 2908 871 2974 vidi
893 2918 1017 2974 nostros
1038 2907 1221 2994 publicanos
1242 2906 1333 2971 facile
1355 2927 1373 2969 a
1394 2914 1504 2968 senatu

182 2999 334 3084 disiungi,
359 3019 547 3085 quamquam
563 3020 581 3062 a
595 3020 646 3064 me
668 3000 737 3086 ipso
759 3022 822 3066 non
843 3001 1081 3077 divellerentur,
1105 3011 1169 3067 tum
1191 3011 1296 3066 autem
1316 2999 1425 3065 beatos
1447 2997 1504 3061 bo-

145 3094 282 3158 wmines
304 3129 344 3139 -
366 3093 424 3158 bos
452 3091 637 3178 piscinarios
659 3094 746 3170 dico,
779 3096 896 3161 amicos
918 3105 988 3162 tuos
1009 3134 1050 3143 —
1073 3117 1135 3161 non
1157 3094 1291 3161 obscure
1312 3092 1404 3159 nobis
1424 3091 1505 3157 invi-

183 3187 281 3260 dere,
318 3185 424 3272 putavi
454 3185 531 3250 mibi
558 3187 694 3253 maiores
731 3189 879 3277 quasdam
908 3211 984 3277 opes
1013 3200 1044 3255 et
1072 3189 1212 3254 firmiora
1245 3187 1400 3275 praesidia
1434 3206 1504 3251 esse

183 3280 372 3368 quaerenda.
428 3284 459 3344 7.
481 3285 589 3366 ltaque
616 3282 753 3368 primum
780 3305 870 3359 eum,
899 3285 954 3371 qui
982 3284 1112 3349 nimium
1133 3285 1188 3350 diu
1210 3284 1249 3349 de
1270 3282 1366 3348 rebus
1388 3281 1505 3347 nostris

183 3383 338 3449 tacuerat,
360 3373 560 3459 Pompeium,
581 3375 697 3442 adduxi
719 3377 837 3442 ineam
851 3378 1061 3454 voluntatem,
1084 3389 1118 3443 nt
1138 3379 1171 3444 in
1193 3390 1301 3444 senatu
1323 3398 1387 3441 non
1408 3373 1505 3440 semel

184 3469 238 3534 sed
261 3488 354 3554 saepe
375 3467 544 3553 multisque
564 3468 670 3534 verbis
692 3470 784 3536 buius
805 3471 880 3536 mihi
905 3471 1036 3536 salutem
1058 3471 1183 3558 imperii
1205 3481 1298 3558 atque
1330 3470 1417 3536 orbis
1439 3479 1505 3534 ter-

148 3584 291 3627 :ararum
321 3561 515 3627 adiudicarit.
571 3563 665 3639 Quod
693 3586 757 3630 non
784 3575 848 3631 tam
875 3565 1016 3631 interfuit
1046 3586 1116 3629 mea
1137 3597 1178 3608 -
1201 3588 1302 3653 neque
1329 3564 1413 3629 enim
1434 3562 1506 3627 illae

183 3677 235 3743 res
264 3663 318 3719 aut
337 3655 380 3718 ita
400 3664 472 3720 sunt
499 3653 665 3730 obscurae,
693 3667 728 3722 ut
749 3660 975 3731 testimonium,
1008 3669 1061 3723 aut
1081 3660 1123 3724 ita
1145 3659 1276 3734 dubiae,
1298 3669 1333 3724 ut
1353 3657 1505 3723 laudatio·

184 3770 255 3815 nem
284 3748 462 3813 desiderent
483 3783 523 3793 —
545 3770 638 3834 quam
659 3749 708 3813 rei
729 3750 889 3834 publicae,
912 3751 998 3837 quod
1020 3761 1108 3817 erant
1128 3753 1253 3839 quidam
1276 3751 1429 3837 improbi,
1452 3750 1506 3836 qui

184 3843 415 3908 contentionem
442 3840 513 3906 fore
534 3843 669 3928 aliquam
690 3842 767 3908 mibi
788 3866 858 3910 cum
880 3845 1029 3930 Pompeio
1052 3866 1092 3910 ex
1114 3868 1220 3911 rerum
1242 3847 1366 3912 illarum
1388 3845 1508 3910 dissen-

184 3936 273 4002 sione
294 3934 533 4000 arbitrarentur.
586 3939 665 4000 Cum
692 3934 752 4000 boc
778 3958 838 4022 ego
866 3961 917 4004 me
946 3948 1029 4004 tanta
1050 3940 1257 4014 familiaritate
1279 3941 1445 4014 coniunxi,
1473 3948 1509 4005 ut

148 4039 319 4115 materque
347 4034 490 4095 nostrum
516 4028 548 4093 in
575 4049 632 4093 sua
658 4033 780 4094 ratione
807 4032 958 4097 munitior
984 4042 1015 4097 et
1042 4033 1073 4098 in
1095 4033 1276 4119 republica
1306 4033 1428 4101 firmior
1448 4034 1509 4099 bac

184 4122 404 4189 coniunctione
436 4143 506 4188 esse
536 4121 645 4208 possit.
702 4124 732 4186 8.
764 4122 842 4187 Odia
869 4134 972 4189 autem
1002 4126 1053 4191 illa
1080 4127 1267 4194 libidinosae
1300 4138 1332 4193 et
1359 4128 1509 4194 delicatae

184 4216 373 4292 iuventutis,
396 4237 476 4304 quae
498 4222 588 4280 erant
607 4214 640 4279 in
661 4234 712 4278 me
734 4214 876 4289 incitata,
897 4222 941 4283 sic
963 4219 1100 4304 mitigata
1121 4231 1193 4287 sunt
1213 4222 1358 4287 comitate
1373 4221 1507 4308 quadam

255 4420 282 4470 3.
299 4420 349 4469 ou
366 4433 421 4470 om.
442 4420 481 4479 11,
501 4425 530 4468 ut
548 4419 628 4468 tacita
646 4417 710 4467 fecit
728 4418 833 4468 Bosius.
853 4444 887 4452 -
911 4419 938 4469 4.
959 4422 1099 4472 liberorum
1116 4422 1161 4472 111.
1182 4448 1211 4456 -
1233 4423 1260 4473 11.
1280 4423 1426 4474 Artemision
1445 4423 1508 4489 (sic)

187 4487 234 4540 lu.
265 4515 294 4527 -
333 4489 376 4540 tt.
396 4496 421 4540 et
438 4485 571 4551 Pompeio]
597 4489 720 4550 Pompeio
737 4488 775 4549 Q,
795 4489 965 4553 Pompeioque
984 4492 1004 4541 1.
1026 4517 1058 4526 -
1096 4493 1139 4542 15.
1159 4495 1268 4543 abacti
1287 4494 1318 4543 R.
1338 4517 1371 4528 -
1406 4496 1449 4544 18.
1468 4497 1509 4545 mi·

188 4558 281 4608 aueo
298 4559 321 4608 1.
342 4583 371 4595 -
407 4556 507 4621 amerit]
526 4561 575 4609 erit
594 4559 639 4608 111.
661 4583 688 4594 -
728 4559 770 4607 19.
789 4559 856 4608 titud
873 4563 951 4611 etium
970 4562 990 4610 1.
1015 4586 1041 4594 -
1077 4564 1247 4624 1111131.-
1284 4565 1329 4612 11.
1349 4565 1420 4615 Haec
1436 4573 1508 4624 runt,

188 4633 220 4676 ut
236 4630 343 4690 opiam.
363 4630 393 4677 in
411 4629 559 4690 republica
578 4629 689 4678 seclusit
707 4628 854 4678 Ernestius.
874 4654 907 4666 -
941 4631 986 4680 13.
1004 4633 1111 4682 ittonam
1128 4633 1262 4683 Nonarum
1281 4634 1303 4683 1.
1328 4657 1354 4666 -
1389 4635 1433 4686 11.
1452 4638 1510 4685 iun·

190 4702 235 4747 atu
250 4698 351 4748 inuidia
367 4699 394 4754 l,
414 4700 532 4748 iunctum
548 4701 665 4750 inuidiae
682 4699 794 4748 ducens.
815 4713 854 4762 pr.
873 4725 906 4738 —
942 4701 984 4752 34.
1004 4701 1088 4766 butus]
1107 4704 1160 4752 mu
1177 4703 1246 4765 0111.
1278 4705 1436 4756 Emendarit
1455 4707 1510 4755 btu-

191 4765 342 4816 nuttnr..-
378 4768 423 4819 aa.
439 4782 481 4818 rer
498 4783 552 4818 om.
573 4770 605 4818 11.
641 4793 668 4802 -
706 4769 749 4818 38.
768 4769 875 4820 storum
894 4785 979 4822 rerum
998 4773 1018 4822 1.
1047 4795 1081 4811 -
1115 4772 1158 4824 to.
1178 4781 1297 4826 nostrum
1315 4783 1339 4828 et
1357 4778 1386 4827 in
1405 4777 1511 4827 Lambi-

193 4848 256 4886 nus.
279 4859 305 4869 -
341 4834 386 4890 11.
405 4839 519 4904 qttodom
536 4841 656 4892 comitate
674 4841 696 4890 1.
