3256 5400
177 230 238 292 sot
667 225 727 321 nr.
749 227 800 289 sn
823 227 996 289 arrroou

175 389 295 472 potius:
325 383 452 449 etmihi
475 381 665 447 decessionis
687 380 754 448 dies
777 383 951 461 telendena
972 378 1162 466 obrepebat;
1193 383 1246 469 qui
1269 402 1339 447 cum
1361 380 1498 445 advene·

175 481 231 554 rit,
255 480 335 544 ἄλλο
357 478 549 562 πρόβλημα,
572 498 664 563 quem
687 477 883 564 praeficiam,
911 476 970 541 nisi
994 475 1106 542 Caldus
1127 485 1275 563 quaestor
1295 477 1432 550 venerit,
1455 475 1496 539 de

175 594 238 661 quo
255 572 361 659 ,adhuc
382 573 457 638 nihil
485 573 563 639 certi
591 571 793 638 habebamus.
849 576 880 636 d.
908 570 1079 657 Cupiebarn
1108 571 1286 637 mehercule
1319 571 1496 656 longiorem

175 667 336 752 epistolam
359 666 476 745 facere;
512 667 567 732 scd
589 688 648 732 nec
668 675 736 732 erat
756 688 821 738 res,
850 665 888 730 de
910 687 972 752 qua
994 664 1185 738 scriberem,
1220 687 1278 730 nec
1299 664 1397 729 iocari
1418 684 1496 749 prae

152 783 250 828 scura
271 771 424 848 poteram.
467 760 591 827 valebis
613 760 711 847 igitur
730 771 763 826 et
783 759 904 846 puellae
927 759 1058 825 salutem
1079 758 1230 825 Atticulae
1252 758 1337 824 dices
1355 767 1496 824 nostrae-

175 876 237 943 que
256 855 363 922 Piliae.

653 1028 699 1089 u.
743 1022 790 1108 (l.
819 1027 852 1089 o.
875 1027 907 1088 c.
929 1021 1017 1095 ror.)

636 1165 777 1231 CICERO
818 1163 962 1229 ATTICO
999 1165 1031 1228 S.

261 1300 288 1362 1.
310 1300 393 1382 Ego,
416 1296 491 1363 dum
512 1297 545 1360 in
566 1295 728 1382 provincia
750 1293 896 1360 omnibus
916 1292 1012 1359 rebus
1033 1294 1167 1379 Appium
1182 1314 1280 1368 orno,
1302 1293 1406 1360 subito
1423 1317 1494 1359 sum

141 1391 272 1459 refectus
300 1390 490 1457 accusatoris
518 1390 586 1455 eius
618 1411 717 1455 socer.
767 1389 802 1455 ld
829 1387 976 1474 quidem,
1005 1387 1126 1473 inquis,
1155 1388 1199 1453 dii
1230 1386 1419 1473 approbent!
1449 1392 1493 1451 lta

174 1485 284 1562 relim;
312 1493 406 1571 teque
431 1484 474 1549 ita
496 1504 611 1570 cupere
635 1495 722 1549 certo
744 1483 820 1548 scio.
863 1481 925 1546 Sed
946 1480 1039 1546 crede
1067 1479 1161 1555 mihi,
1184 1480 1260 1546 nihil
1281 1480 1384 1544 minus
1405 1491 1496 1566 puta-

174 1600 241 1644 ram
268 1598 347 1664 ego;
380 1579 435 1665 qui
462 1578 501 1643 de
534 1583 594 1644 Tin
608 1584 749 1652 Nerone,
779 1577 834 1663 qui
860 1596 982 1641 mecum
1011 1584 1136 1661 egerat,
1164 1583 1268 1640 certos
1289 1577 1431 1643 homines
1454 1578 1495 1643 ad

173 1672 323 1737 mulieres
349 1673 517 1750 miseram;
552 1673 606 1759 qui
635 1680 766 1739 Romam
798 1679 968 1744 venerunt,
990 1669 1078 1734 factis
1108 1668 1314 1755 sponsalibus.
1348 1672 1410 1736 Sed
1431 1672 1493 1738 hoc

174 1786 268 1851 spero
294 1765 416 1831 melius.
471 1765 619 1831 Mulieres
648 1765 774 1851 quidem
808 1763 898 1828 valde
933 1763 1072 1848 intelligo
1106 1763 1253 1828 delectari
1281 1762 1435 1851 obsequio
1462 1775 1495 1831 et

140 1857 320 1934 ,5comitate
348 1858 562 1924 adolescentis.
616 1862 725 1925 Cetera
761 1858 824 1924 noli
855 1863 1082 1939 ἐξακανδιζειν.
1130 1863 1159 1928 2.
1182 1858 1243 1923 Sed
1264 1857 1341 1922 heus
1363 1867 1412 1934 tu,
1434 1887 1494 1924 av-

174 1952 252 2036 ρούς
273 1961 316 2028 εἰς
338 1957 440 2036 δῆμον
460 1952 609 2018 Athenis?
630 1952 731 2037 placet
752 1952 812 2016 hoc
837 1951 918 2018 tibia
941 1957 997 2018 etsi
1019 1973 1082 2017 non
1104 1950 1316 2038 impediebant
1329 1954 1392 2018 mei
1408 1964 1493 2020 certe

172 2044 246 2111 libri
266 2080 305 2092 -
329 2066 393 2111 non
416 2045 498 2110 enim
521 2045 579 2110 ista
600 2045 724 2131 largitio
752 2045 812 2110 fuit
831 2046 864 2110 in
886 2047 969 2111 cives
984 2046 1040 2111 sed
1053 2045 1085 2111 in
1104 2046 1242 2131 hospites
1257 2044 1429 2112 liberalitas
1440 2071 1492 2125 -;

172 2159 224 2203 me
251 2147 354 2203 tamen
384 2138 423 2204 de
444 2139 628 2206 Academiae
656 2140 810 2224 προπύλῳ
837 2139 928 2204 iubes
950 2140 1103 2224 cogitare,
1136 2159 1206 2203 cum
1228 2138 1290 2202 iam
1311 2140 1431 2226 Appius
1453 2140 1493 2206 de

173 2231 319 2297 Eleusine
340 2253 404 2297 noo
425 2232 548 2318 cogitet
597 2237 643 2297 lle
664 2237 833 2298 Hortensio
855 2243 884 2298 te
906 2244 993 2298 certo
1014 2233 1079 2298 scio
1107 2232 1231 2311 dolere3
1264 2233 1408 2318 equidem
1437 2254 1493 2298 ex·

135 2360 164 2402 ’,ο
173 2325 309 2391 crucior.
351 2330 519 2390 Decreram
540 2325 622 2391 enim
644 2347 715 2401 cum
739 2348 778 2392 eo
799 2328 890 2393 valde
911 2327 1104 2392 familiariter
1122 2327 1239 2392 vivere.
1282 2333 1312 2393 3.
1334 2333 1397 2392 Nos
1418 2349 1493 2414 pro·

172 2418 293 2485 vinciae
319 2419 527 2505 praefecimus
557 2419 712 2498 Caelium;
744 2441 896 2506 puerum,
929 2421 1065 2507 inquies,
1097 2431 1128 2485 et
1155 2420 1289 2485 fortasse
1320 2421 1439 2486 fatuum
1462 2431 1493 2486 et

154 2533 236 2578 -noo
257 2533 385 2598 gravem
406 2523 438 2578 et
458 2535 521 2578 non
543 2512 762 2578 continentem.
791 2515 965 2594 Assentior3
991 2514 1059 2579 fieri
1080 2536 1145 2580 non
1165 2515 1268 2601 potuit
1288 2514 1387 2579 aliter.
1415 2519 1492 2579 Nam

172 2625 249 2692 quas
269 2606 369 2672 multo
391 2615 461 2671 ante
483 2616 553 2672 tuas
574 2626 756 2691 acceperam
777 2606 905 2682 litteras,
929 2609 960 2673 iu
983 2609 1096 2695 quihus
1118 2620 1244 2687 ἐπέχειν
1258 2618 1288 2673 te
1310 2608 1492 2693 scripseras,

172 2698 248 2786 quid
270 2710 352 2765 esset
379 2699 457 2764 mihi
483 2700 657 2765 faciendum
685 2699 970 2787 derelinquendo,
1001 2723 1056 2767 eae
1086 2723 1136 2766 me
1165 2701 1355 2787 pungebant.
1397 2701 1492 2768 Vide-

135 2791 244 2871 „ham
263 2793 362 2868 enim,
386 2813 466 2877 quae
481 2792 537 2858 tibi
551 2801 654 2857 essent
670 2798 787 2873 ἐποχῆς
807 2815 938 2872 causao;
961 2805 991 2860 et
1013 2803 1102 2860 erant
1122 2795 1252 2861 eaedem
1274 2795 1365 2860 mihi:
1391 2816 1491 2881 puero

173 2886 297 2952 tradere
318 2893 394 2952 mel
427 2887 518 2952 fratri
540 2893 669 2952 autem?
692 2886 767 2951 illud
791 2908 854 2953 non
875 2890 950 2954 utile
973 2889 1073 2956 nobis.
1116 2894 1193 2954 Nam
1215 2901 1342 2975 praeter
1362 2889 1492 2955 fratrem

172 3001 265 3046 nemo
287 2990 369 3055 erat,
393 3002 486 3065 quem
508 2981 575 3045 sine
596 2981 784 3046 contumelia
807 2984 985 3069 quaestori,
1008 2983 1107 3049 nobili
1130 2984 1334 3070 praesertim,
1357 2984 1493 3048 antefer·

172 3094 251 3139 rem.
308 3078 440 3150 Tamen,
477 3075 552 3140 dum
583 3074 765 3160 impendere
794 3076 900 3142 Parthi
926 3076 1130 3152 videbantur,
1163 3087 1332 3142 statueram
1361 3076 1491 3141 fratrem

172 3171 352 3256 relinquere
382 3180 435 3236 aut
464 3171 556 3236 etiam
584 3171 632 3235 rei
660 3170 804 3257 publicae
833 3191 924 3234 causa
952 3178 1059 3234 contra
1082 3170 1402 3236 senatusconsultum
1425 3170 1492 3256 ipse

136 3285 351 3340 ,premanerm
385 3269 439 3351 qui
473 3277 677 3352 posteaquam
715 3261 892 3330 incredibili
925 3263 1071 3329 felicitate
1112 3263 1339 3338 discesserunt,
1371 3261 1493 3329 sublata

174 3358 326 3425 dubitatio
360 3368 416 3425 est.
473 3359 623 3426 Videbam
651 3378 829 3423 sermones:
862 3406 881 3432 ‚,
891 3358 969 3430 Hui,
999 3358 1128 3423 fratrem
1156 3357 1297 3444 reliquit)
1332 3362 1412 3422 Num
1446 3368 1493 3423 est

174 3454 234 3519 hoc
265 3473 328 3518 non
361 3452 430 3539 plus
456 3474 571 3519 annum
604 3450 748 3518 obtinere
775 3451 990 3537 provinciam?
1035 3451 1134 3529 Quid,
1171 3452 1256 3538 quod
1285 3461 1409 3516 senatus
1437 3473 1492 3517 eos

174 3545 274 3612 voluit
293 3567 438 3631 praeesse
466 3546 656 3631 provinciis,
696 3546 749 3632 qui
786 3567 848 3610 oon
876 3544 1107 3630 praefuissent?
1142 3552 1181 3611 At
1213 3546 1264 3610 hic
1293 3545 1492 3611 triennium.”

174 3644 259 3725 Ergo
288 3640 364 3707 haec
392 3639 431 3705 ad
460 3640 620 3726 populum.
663 3644 694 3704 t.
717 3638 816 3716 Quid,
853 3661 933 3725 quae
956 3647 1080 3704 tcoum‘t
1116 3644 1280 3726 Nunquam
1302 3662 1403 3706 essem
1426 3640 1492 3705 sine

139 3756 267 3809 secura,
302 3739 327 3799 si
350 3733 426 3819 quid
446 3733 626 3798 iracundius
648 3743 701 3798 aut
723 3733 978 3798 contumeliosius
1006 3741 1058 3797 aut
1079 3734 1300 3819 negligentium
1330 3755 1409 3820 quae
1431 3734 1493 3798 fert

175 3827 236 3893 vita
259 3827 428 3893 hominum.
473 3826 572 3904 Quid,
595 3826 622 3891 si
643 3826 719 3912 quid
740 3826 821 3891 lilius
843 3848 937 3912 puer,
960 3834 991 3891 et
1012 3847 1092 3912 puer
1113 3826 1193 3892 bene
1208 3827 1266 3893 sibi
1283 3829 1400 3894 fidens?
1430 3828 1492 3906 Qui

175 3930 257 3988 esset
278 3920 390 3987 dolort
413 3925 514 4000 Quom
536 3930 626 4007 pater
647 3942 710 3986 non
729 3920 901 3987 dimittebat
922 3930 1015 4008 teque
1037 3921 1070 3986 id
1091 3943 1235 3998 censere,
1258 3922 1388 3988 moleste
1409 3922 1493 3987 fere-

247 4154 272 4202 1.
292 4151 428 4214 obrepebat
446 4150 528 4199 bllllr
554 4151 675 4212 obreptat
694 4151 728 4204 li.
757 4157 784 4200 ot
803 4151 898 4200 Boaius
917 4151 997 4201 tacite
1016 4151 1110 4200 edidit.
1138 4175 1170 4186 -
1205 4153 1231 4200 2.
1256 4153 1409 4216 praeficiam
1426 4149 1490 4214 aiei]

174 4226 245 4288 presi
256 4225 308 4273 atel
317 4223 354 4283 M,
363 4221 477 4287 praefici
487 4221 597 4283 (omisso
608 4219 670 4281 atsi)
686 4220 707 4269 l.
721 4247 751 4255 —-
767 4220 901 4270 solidari.
917 4247 945 4257 -
968 4221 993 4269 ³.
1009 4221 1157 4271 hanameel.
1173 4247 1197 4256 -
1219 4222 1245 4270 5.
1265 4219 1404 4284 Atticulae]
1423 4224 1492 4272 arti-

176 4293 343 4344 culatehlltl.
364 4291 533 4349 (Correetnm
552 4306 583 4341 os
597 4291 641 4351 Y.)
655 4317 687 4327 -
708 4293 749 4340 ll.
768 4298 834 4340 certe
853 4291 873 4340 l.
897 4317 923 4326 -
946 4292 989 4339 12.
1003 4292 1034 4340 de
1053 4291 1170 4340 Cicerone
1187 4291 1219 4340 n.
1235 4317 1266 4325 -
1288 4292 1330 4341 ¹8.
1350 4306 1406 4342 eum
1425 4289 1490 4355 tam]

176 4366 300 4430 quoniam
317 4362 391 4413 llllll.
430 4360 735 4418 (Correctumexxl.)
766 4385 798 4396 -
835 4362 876 4411 19.
897 4362 1011 4412 eleusina
1032 4361 1052 4409 l.
1087 4388 1117 4396 -
1153 4363 1252 4424 sopitat
1271 4362 1293 4410 l.
1322 4387 1354 4397 -
1390 4370 1490 4412 team.

179 4449 220 4498 pr.
236 4435 274 4486 hl.
304 4458 333 4470 -
371 4433 415 4482 ht).
447 4432 613 4482 Decreverum
638 4432 670 4481 R.
700 4457 728 4468 -
767 4431 810 4479 23.
840 4446 923 4492 επεχε
947 4432 1156 4492 interscripseraa
1180 4431 1250 4490 litt,
1280 4434 1492 4494 interscripseraa

178 4505 291 4566 (omisso
310 4518 369 4554 soe.
389 4509 499 4565 preco)
518 4503 540 4551 1.
562 4502 729 4561 (correctum
748 4502 774 4550 in
789 4501 971 4555 Manutlana.)
991 4524 1023 4534 -
1040 4501 1084 4550 24.
1105 4515 1148 4550 eae
1165 4515 1204 4549 me
1220 4503 1375 4564 preparabant
1395 4502 1441 4562 bl,
1460 4517 1492 4552 ea

180 4589 244 4641 qaae
255 4574 457 4638 paqnaboatll.
481 4587 512 4623 ea
524 4587 590 4636 quae
604 4587 642 4622 me
653 4572 842 4636 improperabant
854 4571 876 4620 l.
899 4597 927 4606 -
957 4571 999 4620 25.
1021 4573 1109 4620 eadem
1122 4571 1165 4619 ltl.
1189 4594 1215 4603 -
1245 4572 1289 4621 26.
1312 4573 1416 4622 tradere
1440 4570 1490 4635 me]

181 4646 307 4696 traderem
325 4644 474 4703 &tradere
491 4642 564 4694 blltl.
587 4640 776 4704 (Emendatum
796 4656 826 4691 er
845 4641 890 4700 Y.)
904 4667 936 4677 -
954 4640 998 4689 26.
1019 4642 1112 4690 Fratre·
1129 4643 1236 4690 autem?
1254 4639 1329 4704 illud]
1349 4644 1491 4693 Praeterea

181 4723 267 4768 autem
282 4715 346 4764 illud
366 4715 386 4764 1.
418 4711 495 4776 (illud
520 4719 629 4763 auctore
655 4713 777 4762 Ernestio
801 4712 854 4761 del.
886 4709 1065 4774 Schuetzius.)
1098 4733 1128 4747 -
1172 4711 1215 4760 30.
1245 4720 1384 4776 postquam
1402 4713 1434 4763 n.
1458 4739 1491 4750 —

183 4785 226 4837 st.
253 4778 327 4847 lfasrl]
353 4798 407 4834 aon
435 4782 479 4832 al.
511 4809 542 4819 -
579 4783 788 4833 33.aolattltl.
823 4806 851 4815 -
890 4796 1015 4831 nonam.
1037 4782 1058 4831 l.
1093 4804 1122 4816 -
1158 4781 1202 4831 34.
1222 4779 1488 4847 qaaeanodll.—

181 4856 226 4908 dd.
244 4853 295 4922 fort
309 4852 375 4917 trita)
393 4855 505 4917 fortuita
523 4854 569 4903 ΕΙ.
607 4851 657 4917 (De
675 4853 701 4905 hl
721 4867 775 4904 uon
794 4853 887 4916 liquet.
926 4851 1085 4903 Emendarit
1103 4848 1263 4916 Manutius.)
