3256 5400
484 228 557 290 Llli.
578 227 629 288 Vl.
672 225 732 287 ΕΡ.
753 223 784 285 9.
827 223 900 286 tm.
921 221 989 286 llll.
1028 222 1087 285 ΕΡ.
1111 223 1140 286 l.
1408 226 1470 288 50⁷

150 399 260 462 tatem,
283 405 413 472 prorsus
435 382 487 448 ille
509 403 549 447 ne
567 385 704 465 attingat.
747 379 839 444 Dices
860 399 1007 444 nummos
1027 378 1106 443 mibi
1128 399 1209 465 opus
1230 401 1300 448 esse
1322 381 1360 447 ad
1376 403 1471 469 appa·

149 492 250 547 ratum
280 477 446 563 triumpbi;
481 477 515 540 iu
542 495 623 563 quo,
659 483 694 538 ut
721 473 892 559 praecipis,
924 493 983 537 nec
1019 493 1069 537 me
1107 475 1200 538 κενὸν
1227 474 1261 539 in
1293 477 1470 563 expetendo

149 595 319 661 cognosces
340 592 398 637 nec
426 571 556 651 ἄτυφον
578 574 610 634 in
631 566 818 633 obiiciendo.
875 571 905 631 3.
928 565 1073 631 Intellexi
1097 587 1137 632 ex
1160 570 1222 634 tuis
1244 569 1355 636 litteris
1377 580 1407 635 te
1429 592 1470 637 ex

149 668 303 736 Turranio
325 664 448 729 audisse
470 685 487 728 a
509 684 560 727 me
583 661 774 748 provinciam
796 659 887 726 fratri
908 659 1063 724 traditam.
1106 661 1224 726 Adeon*
1239 684 1299 748 ego
1321 684 1384 728 non
1399 685 1471 750 per·

149 782 313 850 spexeram
335 757 532 843 prudentiam
554 757 727 822 litterarum
760 760 907 820 tuarum?
947 757 1098 833 Ἐπέχειν
1119 764 1149 820 te
1172 755 1342 822 scribebas.
1386 758 1501 835 Quid*

149 867 215 922 erat
242 852 435 919 dubitatione
462 850 607 935 dignum,
641 849 667 914 si
690 861 772 913 esset
794 848 983 934 quidquam,
1017 869 1075 913 eur
1096 849 1234 935 placeret
1255 849 1408 926 fratrem,
1439 861 1472 918 et

148 951 240 1015 talem
263 947 392 1012 fratrem
414 943 572 1029 relinquit
603 947 777 1022 Ἀδέτησις
805 943 865 1006 ista
888 941 963 1005 mibi
986 954 1054 1014 tua,
1087 964 1151 1007 non
1172 946 1273 1024 ἐποχή
1296 943 1471 1011 videbatur.

148 1042 297 1109 Monebas
324 1040 363 1104 de
394 1042 432 1116 Q.
462 1038 613 1104 Cicerone
642 1057 757 1122 puero,
787 1046 821 1100 ut
852 1056 924 1099 eum
953 1035 1080 1121 quidem
1109 1038 1289 1124 neutiquam
1313 1040 1470 1127 relinque·

148 1157 226 1200 rem.
271 1135 404 1216 Toiplv
441 1133 570 1215 ὄνειρον
604 1142 687 1214 ἐμοί.
731 1129 846 1194 Eadem
868 1129 990 1203 omnia,
1024 1129 1115 1214 quasi
1136 1132 1282 1197 collocuti
1305 1155 1470 1208 essemus,

150 1230 294 1294 vidimus.
337 1232 404 1291 Non
433 1227 491 1291 luit
512 1225 688 1290 laciendum
711 1224 815 1295 aliter,
849 1243 962 1308 meque
984 1234 1157 1306 ἐπιχρονία
1179 1228 1280 1305 ἐποχή
1305 1236 1358 1290 tua
1380 1225 1509 1292 dubi-¹⁰

149 1323 265 1388 tatione
293 1317 448 1385 liberavit.
499 1319 562 1384 Sed
590 1328 666 1404 puto
696 1329 725 1382 te
754 1316 911 1401 accepisse
940 1315 979 1381 de
1001 1316 1059 1381 bac
1081 1339 1116 1381 re
1138 1320 1302 1404 epistolam
1324 1323 1469 1407 scriptam

149 1414 333 1480 accuratius.
375 1417 406 1479 t.
428 1419 494 1497 Ego
517 1411 697 1478 tabellarios
719 1421 849 1497 postero
872 1409 922 1473 die
945 1409 984 1474 ad
1005 1430 1062 1475 vos
1085 1432 1171 1475 eram
1193 1413 1363 1488 missurus,
1391 1437 1471 1502 quos

148 1519 224 1594 puto
246 1519 316 1572 ante
339 1515 488 1572 venturos
510 1528 602 1593 quam
625 1516 767 1571 nostrum
790 1503 960 1568 Saufeium.
1004 1504 1066 1569 Sed
1089 1527 1161 1570 eum
1183 1506 1250 1570 sine
1265 1508 1345 1573 meis
1360 1508 1471 1574 litteris

149 1602 187 1667 ad
216 1611 247 1666 te
276 1601 383 1666 venire
411 1601 464 1665 vix
493 1610 612 1664 rectum
644 1610 720 1663 erat.
765 1603 794 1662 5.
819 1603 866 1661 'lu
890 1596 983 1669 mibi,
1017 1607 1050 1663 ut
1071 1598 1244 1684 polliceris,
1277 1601 1316 1665 de
1338 1602 1471 1667 Tulliola

149 1716 234 1766 mea,
261 1693 293 1757 id
316 1706 378 1766 est,
409 1694 447 1757 de
469 1693 645 1764 Dolabella,
675 1690 870 1779 perscribas;
901 1691 940 1756 de
962 1712 998 1755 re
1020 1691 1160 1777 publica,
1182 1715 1277 1780 quam
1298 1695 1468 1780 praevideo
1482 1700 1508 1740 ¹⁵

148 1789 180 1851 in
202 1787 330 1851 summis
352 1787 516 1874 perieulis;
539 1789 578 1852 de
600 1787 798 1859 censoribus,
821 1786 1027 1872 maximeque
1049 1787 1088 1852 de
1109 1788 1220 1873 signis,
1244 1788 1371 1863 tabulis,
1394 1790 1470 1876 quid

149 1881 216 1952 bat,
238 1880 444 1947 reseraturne.
496 1881 603 1946 idibus
626 1881 755 1947 Octobr.
777 1881 833 1945 bas
855 1879 927 1944 dedi
949 1876 1089 1957 litteras;
1111 1904 1174 1968 quo
1197 1882 1262 1954 die,
1286 1892 1320 1971 ut
1342 1882 1470 1958 scribis,

149 1980 263 2040 Caesar
283 1976 469 2041 Placentiam
492 1976 631 2061 legiones
653 1986 812 2063 quattuor.
857 1978 1001 2052 Quaeso,
1030 1975 1104 2062 quid
1127 1975 1218 2042 nobis
1238 1975 1379 2043 futurum
1402 1983 1471 2045 esti

149 2074 184 2134 ln
205 2091 277 2134 arce
299 2069 426 2136 Athenis
447 2075 539 2136 statio
560 2092 629 2136 mea
651 2073 734 2136 dunc
754 2071 866 2157 placet.

688 2332 930 2341 -—-——-

679 2626 829 2687 1.th
857 2628 944 2687 vll.

727 2820 892 2830 ...α-*-

648 2953 672 3012 1.
717 2948 766 3032 (s.
792 2952 825 3012 u.
847 2951 879 3012 e.
902 2945 987 3031 ret.)
1479 2987 1509 3029 2,

622 3100 764 3165 cronno
791 3100 935 3162 s'rrtco
964 3101 996 3162 s.

151 3248 179 3308 t.
203 3216 376 3306 Dederam
399 3239 544 3326 equidem
567 3244 601 3304 L.
625 3237 752 3304 Saufeio
774 3237 892 3302 litteras
914 3245 946 3300 et
965 3235 1114 3302 dederam
1129 3237 1168 3302 ad
1186 3247 1215 3303 te
1233 3261 1351 3313 unum,
1374 3240 1469 3327 quod,

149 3358 219 3401 cum
243 3357 305 3399 non
334 3344 416 3399 esset
437 3335 588 3418 temporis
609 3332 685 3397 mibi
707 3330 746 3395 ad
768 3329 969 3396 scribendum
991 3331 1085 3403 satis,
1108 3341 1209 3396 tamen
1232 3333 1389 3399 bominem
1413 3334 1469 3400 tibi

149 3438 210 3493 tam
234 3429 417 3493 familiarem
439 3428 505 3492 sine
528 3426 606 3490 meis
628 3426 738 3491 litteris
760 3425 799 3490 ad
821 3435 851 3489 te
873 3424 982 3489 venire
1004 3423 1159 3490 nolebam.
1215 3427 1290 3501 Sed,
1313 3439 1347 3493 ut
1370 3428 1469 3512 pbilo-

149 3524 240 3609 sopbi
269 3522 442 3593 ambulant,
480 3521 534 3585 bas
564 3519 619 3584 tibi
650 3519 806 3584 redditum
836 3519 876 3583 iri
905 3517 1052 3605 putabam
1080 3520 1179 3606 prius.
1235 3525 1288 3586 Sin
1317 3523 1379 3586 iam
1401 3522 1507 3586 illesas

148 3617 310 3701 accepisti,
345 3616 403 3680 seis
426 3637 476 3680 me
498 3615 631 3680 Athenas
654 3614 776 3678 venisse
797 3613 898 3698 pridie
920 3612 992 3678 ldus
1015 3613 1186 3692 Octobres;
1223 3616 1334 3680 enavi
1365 3637 1470 3700 egres·

149 3732 216 3774 sum
241 3709 272 3772 in
296 3708 457 3773 Piraeeum
482 3718 549 3773 tuos
572 3707 610 3772 ab
632 3712 744 3772 Acasto
767 3715 875 3770 nostro
898 3706 1016 3772 litteras
1038 3709 1209 3794 accepisse;
1233 3708 1469 3782 conturbatum,

148 3802 232 3889 quod
262 3823 332 3866 enm
363 3802 450 3867 iebre
480 3808 609 3867 Romam
638 3801 793 3877 venisses;
830 3799 915 3864 bono
937 3808 1052 3866 'tamen
1081 3802 1186 3867 animo
1214 3824 1282 3868 esse
1312 3803 1470 3888 coepisse,

149 3895 233 3982 quod
255 3902 383 3960 Acastus
405 3918 457 3969 ea,
481 3917 561 3982 quae
584 3893 712 3965 vellem,
736 3892 776 3956 de
792 3891 925 3956 allevato
941 3913 1075 3979 corpore
1091 3904 1145 3959 tuo
1161 3901 1332 3973 nuntiaret;
1356 3897 1469 3962 cobor-

150 3990 250 4054 ruisse
273 4000 378 4054 autem
400 4012 465 4063 me,
496 3988 582 4073 quod
611 3997 681 4052 tuae
711 3985 832 4050 litterae
866 3985 905 4050 de
935 3986 1111 4071 legionibus
1141 3991 1282 4055 Caesaris
1304 3977 1508 4065 afferr'ent,so

151 4095 180 4146 et
201 4084 302 4167 egisse
325 4094 441 4158 tecum,
464 4094 499 4148 ut
520 4082 652 4156 videres,
675 4101 714 4144 ne
736 4079 813 4166 quid
835 4088 1007 4165 φιλοτιμία
1030 4083 1117 4157 eius,
1140 4104 1233 4169 quem
1256 4085 1355 4158 nosti,
1377 4083 1469 4150 nobis

154 4228 362 4242 -·-—-r

221 4304 246 4350 1.
272 4303 320 4350 itta
337 4317 370 4351 ne
388 4304 507 4365 attinges
524 4303 572 4357 Μ.
602 4301 677 4350 iliam
694 4314 726 4349 ne
744 4303 863 4364 attingas
883 4300 926 4349 lii.
964 4298 1131 4362 (correctum
1152 4316 1183 4352 es
1202 4303 1244 4356 t.)
1274 4327 1308 4338 -
1345 4304 1372 4353 5.
1391 4318 1470 4354 essese

152 4378 176 4419 te
194 4369 237 4428 bl,
264 4387 362 4420 susara
378 4379 407 4420 ot
425 4372 457 4420 li.
490 4398 517 4408 -
557 4372 584 4422 9.
612 4380 670 4421 erot
688 4373 718 4420 de
736 4370 899 4419 dubitatione
922 4370 982 4419 itti.
1011 4397 1041 4408 -
1078 4373 1104 4422 7.
1124 4375 1218 4437 reliqui
1235 4373 1273 4422 bl.
1301 4397 1334 4409 -
1371 4388 1469 4437 αποχη

152 4442 211 4488 itti.
246 4466 272 4476 —
312 4442 338 4489 8.
370 4438 409 4502 ut]
440 4449 464 4491 et
487 4442 548 4491 bill.
581 4465 611 4475 —
656 4442 684 4491 9.
712 4455 802 4490 τουτο
831 4456 925 4502 μονον
955 4456 1096 4508 spesspes
1127 4443 1156 4492 li·
1195 4443 1249 4493 cn.
1275 4443 1385 4494 Victorii
1405 4443 1468 4491 Ver.

153 4511 233 4558 Lecti.
262 4511 309 4564 to.
335 4510 377 4559 19.
413 4536 432 4544 -
470 4513 514 4561 12.
539 4514 687 4561 accuratius
711 4513 839 4572 scriptam
865 4512 895 4558 de
913 4511 962 4558 boc
988 4526 1016 4562 re
1033 4512 1169 4573 epistolam
1188 4515 1219 4563 ll.
1245 4538 1275 4549 -
1312 4517 1355 4565 15.
1375 4514 1403 4561 id
1420 4508 1469 4575 est]

150 4582 218 4628 idem
236 4580 257 4627 l.
292 4602 321 4613 -
357 4582 497 4641 perscribo
515 4582 559 4631 lli.
587 4607 618 4617 -
655 4581 699 4629 tr.
718 4583 899 4645 reserantem
918 4580 986 4637 mii,
1015 4585 1174 4647 reseraturus
1192 4584 1214 4632 l.
1254 4582 1421 4644 (Correotum
1441 4583 1470 4630 in

152 4651 340 4701 bisuntiensi.)
372 4673 398 4684 -
450 4651 491 4700 19.
523 4651 672 4700 Placentiae
702 4657 726 4698 et
756 4655 886 4715 quattuor
915 4649 1027 4712 legiones
1058 4659 1128 4701 sunt.
1175 4654 1276 4715 Quaeso
1303 4654 1324 4702 l.
1357 4678 1389 4688 —
1432 4658 1471 4701 est

151 4722 258 4769 morte?
285 4720 389 4767 Athenis
407 4720 446 4778 li,
476 4727 514 4770 est
530 4728 613 4770 macte
631 4722 730 4771 scribes
752 4721 859 4769 Athenis
878 4719 900 4767 l.
936 4720 978 4775 tiit
997 4735 1065 4779 nos,
1090 4723 1224 4773 Victorius
1243 4730 1269 4773 et
1287 4723 1349 4773 tort.
1370 4719 1421 4783 bl.)
1441 4743 1475 4771 -e

151 4792 194 4838 ⁶22.
215 4790 316 4854 qnidam
337 4789 357 4835 l.
389 4811 421 4824 -
458 4791 502 4839 25.
532 4789 596 4854 iem]
630 4797 717 4841 cutem
746 4790 767 4838 1.
798 4813 825 4825 -
867 4790 912 4840 99.
932 4789 1101 4854 cohorruisse]
1120 4807 1178 4842 snm
1197 4795 1336 4843 dormisset
1364 4806 1404 4856 pr.
1424 4792 1468 4849 tt,

152 4861 323 4908 ronterruisse
343 4857 461 4910 malebat
480 4861 628 4910 Ernestius.
