3216 5408
159 250 223 314 ut)
653 237 715 302 EP.
735 238 788 300 AD
810 234 984 299 arricum

162 402 275 473 Cluatii
298 439 355 476 -,
377 418 480 485 neque
501 394 598 462 dere
619 430 660 443 -·
682 402 829 459 statutum
850 401 897 457 est
918 392 1002 456 enim
1023 424 1055 438 -
1075 438 1084 465 ,
1106 389 1231 456 deloco
1251 409 1503 477 nonnunquam.

162 499 264 567 Velim
286 500 383 582 igitur
403 492 532 577 cogites.
589 492 672 575 Ego,
706 499 854 575 quantum
881 484 930 551 bis
952 483 1148 570 temporibus
1175 496 1238 549 tam
1262 483 1403 549 eruditis
1428 483 1503 548 lieri

162 591 293 681 poterit,
316 587 457 674 prolecto
471 584 556 650 illam
570 582 762 649 consecrabo
777 581 863 647 omni
879 600 995 665 genere
1008 578 1274 644 monimentorum
1290 577 1334 642 ab
1350 578 1502 642 omnium

163 684 296 771 ingeniis
318 691 514 766 sumptorum
544 687 575 743 et
597 682 788 743 Graecorum
810 684 842 740 et
862 674 1063 750 Latinorum
1099 694 1180 760 quae
1209 694 1261 738 res
1291 673 1435 737 forsitan
1460 672 1502 736 sit

142 779 347 848 srelricatura
369 776 482 840 vulnus
503 794 619 837 meum.
670 771 731 836 Sed
754 775 815 835 iam
838 767 927 854 quasi
949 777 1024 832 voto
1046 766 1181 854 quodam
1203 778 1234 832 et
1255 768 1424 853 promisso
1448 788 1499 830 me

165 873 264 938 teneri
293 879 387 957 puto;
424 870 614 953 longumque
636 864 713 930 illud
734 876 875 949 tempus,
909 882 981 927 cnm
1004 882 1067 927 non
1089 882 1164 935 ero,
1187 861 1285 945 magis
1310 884 1363 926 me
1386 871 1500 925 movet

163 987 256 1054 quam
279 963 338 1030 boc
361 962 524 1047 exignum,
562 959 647 1047 quod
669 959 744 1024 mibi
766 970 870 1022 tamen
892 957 1024 1021 nimium
1045 956 1174 1040 longum
1196 955 1335 1022 videtur.
1379 956 1499 1021 Habeo

165 1059 247 1124 enim
277 1056 369 1131 nibil,
407 1054 531 1120 tentatis
553 1053 648 1118 rebus
671 1050 832 1125 omnibus,
866 1049 984 1137 inquo
1016 1055 1220 1137 acquiescam.
1278 1053 1378 1124 Nam,
1421 1049 1498 1115 dum

164 1152 239 1218 illud
263 1147 447 1222 tractabam,
471 1148 509 1213 de
531 1169 594 1233 quo
616 1157 687 1211 ante
709 1146 748 1212 ad
770 1155 801 1210 te
823 1144 951 1229 scripsi,
976 1146 1065 1229 qnasi
1085 1143 1229 1210 fovebam
1245 1140 1376 1209 dolores
1393 1165 1499 1209 mens.

96 1248 100 1259 “
131 1251 251 1312 mNunc
281 1244 387 1308 omnia
415 1263 549 1327 respu0;
584 1262 641 1305 nec
670 1239 842 1327 quidquam
871 1237 973 1304 babeo
1008 1238 1201 1304 tolerabilius
1229 1259 1325 1323 quam
1348 1237 1499 1304 solitudi-

165 1359 254 1412 nem,
284 1358 393 1423 quam,
427 1335 511 1421 quod
539 1356 624 1401 eram
646 1335 780 1408 veritus,
816 1352 880 1398 non
901 1330 1082 1399 obturbavit
1102 1334 1271 1419 Philippus·
1328 1335 1430 1404 Nam,
1466 1344 1500 1398 ut

165 1430 236 1498 beri
267 1450 318 1494 me
349 1428 509 1504 salutavit,
545 1428 647 1494 statim
679 1433 808 1493 Romam
837 1426 996 1512 proiectus
1026 1436 1083 1492 est.
1126 1433 1156 1491 2.
1178 1421 1367 1512 Epistulam,
1399 1448 1500 1514 quam

165 1523 207 1590 ad
228 1527 372 1597 Brutum,
405 1533 440 1588 ut
470 1520 527 1587 tibi
556 1522 732 1608 placuerat,
766 1521 894 1606 scripsi,
925 1520 995 1586 misi
1029 1520 1068 1586 ad
1095 1530 1135 1586 te.
1187 1518 1320 1586 Curubis
1343 1540 1421 1584 cum
1447 1531 1501 1586 tua

165 1615 396 1704 perferendam.
438 1617 514 1683 Eius
538 1625 639 1680 tamen
661 1614 730 1680 misi
753 1614 791 1680 ad
814 1626 844 1680 te
866 1615 1058 1701 exemplum,
1084 1626 1135 1690 ut,
1163 1614 1190 1679 si
1212 1614 1316 1678 minus
1340 1614 1501 1700 placeret,

132 1736 158 1776 ιι
166 1732 206 1777 ne
227 1709 378 1775 mitteres.
419 1715 452 1775 3.
480 1709 656 1776 Domestica
678 1708 763 1796 quod
785 1709 830 1774 ais
852 1709 963 1775 ordine
985 1708 1209 1781 administrari,
1247 1706 1388 1781 scribes,
1416 1732 1502 1795 quae

166 1805 228 1870 sint
249 1825 295 1870 ea.
340 1803 500 1880 Quaedam
523 1803 605 1867 enim
629 1813 788 1888 exspecto.
845 1803 994 1869 Cocceius
1016 1801 1088 1867 vide
1117 1822 1156 1866 ne
1177 1801 1358 1868 lmstretur.
1421 1809 1503 1868 Nam

166 1897 245 1963 Libo
274 1897 358 1983 quod
386 1898 565 1984 pollicetur,
594 1906 629 1962 ut
659 1902 739 1961 Eros
767 1895 894 1969 scribit,
931 1917 994 1960 non
1021 1896 1175 1961 incertum
1197 1905 1283 1981 puto.
1335 1900 1384 1960 De
1410 1908 1504 1962 sorte

166 2012 237 2056 mea
258 1990 398 2077 Sulpicio
420 1991 543 2056 conlido
565 2001 596 2055 ct
618 1992 750 2077 Egnatio
772 1991 899 2055 scilicet.
942 1995 989 2056 De
1011 1991 1180 2077 Appuleio,
1212 1987 1378 2075 quidest,
1411 1991 1504 2076 quod

167 2083 308 2160 labores,
339 2106 409 2149 cum
431 2086 471 2151 sit
492 2086 651 2151 excusatio
681 2083 806 2150 facilis?
835 2087 866 2153 4.
887 2083 957 2150 Tibi
980 2083 1020 2149 ad
1041 2105 1091 2149 me
1113 2084 1238 2157 venire,
1275 2092 1311 2146 ut
1333 2085 1503 2160 ostendis,

130 2178 260 2254 arride,
297 2200 336 2243 ne
365 2199 428 2244 uon
457 2179 497 2244 sit
525 2178 624 2245 facile.
667 2183 721 2244 Est
753 2177 836 2243 enim
865 2178 993 2263 longum
1025 2177 1105 2252 iter,
1142 2177 1425 2264 discedentemque
1454 2189 1504 2250 te,

169 2271 255 2359 quod
284 2272 429 2337 celeriter
458 2271 516 2337 tibi
542 2273 602 2338 erit
624 2272 755 2338 sortasse
778 2271 968 2346 laciendum,
999 2293 1062 2337 non
1085 2272 1152 2338 sine
1174 2291 1287 2355 magno
1310 2270 1433 2336 dolore
1458 2274 1505 2337 di·

169 2364 299 2431 mittam.
342 2365 403 2431 Sed
434 2371 554 2439 omnia,
591 2376 627 2433 ut
655 2367 751 2432 votes.
795 2370 861 2450 Ego
883 2366 985 2441 enim,
1023 2363 1175 2453 quidquid
1197 2364 1329 2440 leceris,
1367 2364 1403 2430 id
1429 2388 1504 2432 cum

169 2470 272 2537 recte,
295 2470 361 2526 tum
384 2460 476 2526 etiam
498 2481 568 2526 mea
589 2481 681 2527 causa
702 2460 819 2525 lactum
841 2457 968 2547 putabo.

526 2641 641 2704 suu.
663 2660 692 2704 a.
737 2641 893 2716 [crosno
915 2641 1059 2705 linteo
1083 2638 1126 2725 a]

132 2793 161 2839 25
257 2763 284 2823 t.
307 2759 397 2851 Heri,
427 2780 497 2824 cum
526 2781 566 2825 ex
593 2760 728 2825 aliorum
749 2759 860 2825 litteris
885 2760 1104 2845 cognovissem
1126 2759 1164 2825 de
1185 2761 1311 2826 Antonii
1337 2761 1502 2836 adventu,

171 2851 341 2919 admiratus
371 2875 440 2918 sum
470 2852 546 2918 nibil
575 2875 643 2918 esse
671 2853 704 2917 in
735 2853 805 2919 tuis.
849 2854 911 2919 Sed
942 2864 1030 2918 erant
1063 2853 1164 2938 pridie
1192 2852 1327 2919 fortasse
1357 2857 1501 2942 scriptae

172 2969 265 3035 quam
287 2948 386 3013 datae.
428 2952 536 3034 Neque
558 2948 614 3013 ista
636 2947 762 3036 quidem
784 2969 872 3013 curo.
916 2948 977 3012 Sed
1000 2959 1103 3013 tamen
1125 2948 1238 3033 opinor
1254 2961 1390 3034 propter
1406 2972 1501 3036 prae-

173 3041 228 3106 des
260 3063 334 3107 suos
364 3042 587 3107 accucurrisse.
630 3046 660 3105 2.
694 3042 787 3120 Quod
810 3042 938 3114 scribis,
975 3042 1151 3108 Terentiam
1174 3041 1212 3105 de
1235 3039 1499 3126 obsignatoribus

171 3135 235 3200 mei
257 3136 432 3200 testamenti
453 3136 555 3222 loqui,
579 3135 715 3222 primum
738 3134 793 3201 tibi
817 3135 970 3221 persuade
993 3157 1043 3199 me
1065 3135 1161 3200 istaec
1182 3156 1244 3199 non
1260 3157 1374 3201 curare
1391 3161 1498 3225 neque

135 3251 240 3307 suesce
256 3230 425 3316 quidquam
442 3240 495 3295 aut
509 3251 623 3316 parvae
639 3251 732 3295 curae
744 3242 796 3296 aut
811 3251 909 3296 novae
925 3230 995 3294 loci.
1018 3228 1080 3294 Sed
1095 3241 1197 3293 tamen
1209 3229 1283 3315 quid
1296 3229 1427 3296 simile?
1445 3234 1499 3298 llla

173 3344 227 3388 eos
250 3345 312 3389 non
335 3324 496 3397 adhibuit,
520 3346 600 3410 quos
621 3324 811 3389 existimavit
826 3324 1038 3410 quaesituros,
1062 3324 1120 3388 nisi
1136 3329 1283 3397 scissent,
1307 3325 1384 3411 quid
1402 3339 1498 3392 esset.

172 3420 252 3481 Num
284 3417 317 3482 id
348 3419 439 3483 etiam
469 3418 546 3484 mibi
578 3418 709 3505 periculi
737 3416 818 3483 luit?
861 3417 922 3482 Sed
952 3427 1055 3481 tamen
1084 3417 1175 3482 iaciat
1203 3417 1270 3489 illa,
1305 3418 1391 3502 quod
1426 3442 1499 3504 ego.

172 3507 262 3573 Dabo
284 3531 387 3575 meum
412 3523 627 3577 testamentum
649 3512 814 3596 legendum
837 3511 887 3576 cui
911 3511 1058 3589 voluerit3
1092 3511 1243 3595 intelliget
1264 3533 1328 3575 nou
1351 3517 1498 3597 potuisse

173 3601 431 3670 honorificentius
460 3628 478 3670 a
505 3627 555 3670 me
584 3606 650 3671 sieri
682 3605 720 3670 de
748 3617 876 3691 nepote,
913 3627 1006 3692 qnam
1039 3603 1175 3669 fecerim.
1219 3609 1294 3668 Nam
1318 3606 1408 3692 quod
1434 3631 1497 3673 non

134 3693 323 3770 „advocavi
350 3698 388 3762 ad
417 3697 659 3782 obsignandum,
693 3700 828 3784 primum
852 3699 927 3763 mibi
949 3720 1012 3763 non
1035 3699 1171 3764 venitin
1194 3709 1347 3776 mentem;
1379 3700 1499 3766 deinde

174 3807 211 3853 ea
233 3810 268 3854 re
290 3811 353 3854 non
375 3791 472 3863 venit,
497 3791 568 3876 quia
591 3791 665 3856 nihil
687 3798 819 3859 attinuit.
863 3797 940 3858 Tute
963 3795 1022 3857 scis
1045 3825 1084 3836 —
1108 3794 1135 3858 si
1157 3792 1250 3858 modo
1267 3792 1442 3859 meministi
1456 3834 1498 3843 —

173 3902 224 3946 me
246 3882 302 3947 tibi
325 3894 389 3947 tum
413 3884 545 3958 dixisse,
568 3896 603 3948 ut
624 3885 662 3950 de
683 3886 742 3952 tuis
764 3887 886 3972 aliquos
908 3886 1095 3964 adduceres;
1118 3887 1192 3973 quid
1215 3887 1296 3951 cuim
1320 3908 1403 3973 opus
1428 3901 1500 3955 erat

173 3977 306 4044 multis?
339 3978 492 4065 Equidem
514 3978 701 4046 domesticos
722 3981 885 4047 iusseram.
928 3986 1007 4046 Tum
1029 3979 1086 4045 tibi
1112 3981 1241 4069 placuit,
1277 3992 1312 4047 ut
1333 3983 1499 4050 mitterem

244 4226 269 4277 1.
290 4227 378 4277 Cluati
395 4229 433 4289 R,
453 4229 535 4279 staats·
553 4228 575 4278 l.
597 4255 625 4265 -
645 4244 726 4295 nequa
743 4232 774 4281 da
791 4246 819 4282 re
837 4246 891 4282 om.
913 4232 987 4282 1.-
1022 4233 1049 4282 2.
1070 4233 1179 4281 emdtts's
1197 4239 1321 4293 quantum
1339 4235 1398 4296 fieri
1420 4235 1443 4285 l.
1470 4259 1498 4271 -

173 4295 200 4346 3.
219 4299 344 4359 potuerit
371 4299 422 4348 ΜΙ.
454 4321 484 4334 -
519 4300 546 4349 t.
574 4307 735 4361 comptonam
762 4303 784 4351 R
810 4308 837 4352 et
860 4302 925 4352 Cod.
948 4303 974 4352 in
994 4317 1048 4365 mg.
1068 4303 1172 4364 Repett.
1193 4303 1305 4351 bamb:
1333 4306 1503 4367 scriptorum

172 4366 246 4417 billi.
277 4392 305 4404 -
343 4368 369 4417 5.
389 4369 481 4417 volnus
501 4369 538 4419 Μ.
559 4396 590 4405 -
627 4371 651 4420 3.
673 4368 750 4433 mim]
770 4378 857 4422 tumen
876 4373 907 4422 ll.
939 4397 969 4408 -
1005 4374 1031 4423 a.
1062 4373 1177 4422 entend
1195 4375 1328 4436 rescripsi
1352 4374 1500 4427 Orellius:

172 4436 209 4486 od
226 4444 253 4486 ts
277 4443 339 4486 ants
360 4440 452 4498 scripsi
470 4440 492 4487 R
511 4446 536 4489 at
554 4453 623 4490 corr.
644 4440 687 4501 tu,
706 4442 743 4490 od
761 4450 787 4491 ts
803 4444 896 4505 scripsi
915 4456 954 4506 pr.
974 4442 1020 4498 Μ,
1041 4451 1121 4492 antec
1143 4445 1237 4506 scripsi
1254 4443 1291 4491 ud
1310 4450 1335 4493 te
1354 4443 1398 4494 ltt.
1442 4447 1501 4498 Cir.

173 4506 223 4570 Bp.
244 4507 295 4565 13.
315 4507 341 4557 2.
363 4531 394 4542 -
430 4510 472 4558 lt).
492 4508 576 4574 Nunc]
595 4513 691 4561 meoli.
713 4537 740 4547 -
772 4514 812 4561 ll.
831 4528 923 4578 quanm
942 4509 1021 4577 quod]
1040 4527 1102 4561 mam
1121 4514 1189 4575 quod
1208 4526 1248 4576 pr.
1270 4513 1308 4564 M.
1332 4537 1357 4548 -
1390 4514 1502 4582 tent]

173 4583 257 4640 stpr.
277 4576 315 4626 Μ.
336 4601 367 4613 -
404 4577 445 4627 id.
464 4586 525 4627 snat
542 4581 563 4629 Ι.
587 4609 614 4620 -
654 4581 696 4632 17.
714 4582 882 4643 polliceretur
899 4583 936 4632 Μ.
959 4607 989 4618 —
1026 4583 1149 4632 Herosl.
1172 4606 1202 4616 -
1240 4582 1281 4632 ts.
1304 4580 1405 4635 dumio
1428 4587 1502 4638 1.-

136 4684 139 4689 ,
173 4644 252 4711 qued]
272 4661 323 4711 quo
345 4648 406 4698 stu.
432 4674 464 4684 -
501 4650 545 4699 23.
564 4648 631 4714 cum]
650 4659 706 4702 tum
726 4652 746 4700 l.
782 4675 809 4686 -
847 4653 891 4703 25.
911 4652 985 4714 Hert]
1013 4654 1103 4704 Novae
1131 4651 1265 4715 Eptstolse
1290 4653 1355 4704 binc
1386 4657 1503 4710 initium

173 4714 237 4766 iecit
255 4732 317 4767 cum
336 4719 388 4772 Μι.
410 4718 512 4768 lunius.
536 4745 563 4756 -
602 4721 645 4770 27.
667 4730 753 4771 tumen
770 4736 825 4772 om.
845 4723 866 4771 u
886 4728 912 4772 at
931 4736 970 4784 pr.
989 4722 1026 4772 Μ.
1050 4747 1079 4758 -
1103 4723 1179 4784 paics
1196 4722 1246 4771 ΜΙ.
1270 4749 1298 4760 -
1337 4725 1385 4777 23.
1406 4742 1503 4781 accur·

173 4788 236 4835 risse
255 4787 298 4836 Rl.
320 4812 351 4824 -
387 4788 610 4853 obstpnottom'bus
628 4792 659 4841 li.
681 4818 708 4829 -
747 4791 790 4842 30.
810 4791 872 4856 ipsu
891 4793 1007 4843 malebat
1026 4793 1174 4842 Ernestius.
1197 4818 1224 4828 -
1252 4793 1295 4842 31.
1316 4798 1503 4866 quaestores]

174 4853 245 4907 Fert.
264 4858 419 4909 Maturus.
439 4859 489 4910 οι.
509 4885 541 4894 -
577 4861 824 4914 autoramentum
839 4877 923 4914 msam
941 4862 973 4912 s.
994 4883 1027 4898 -
1062 4861 1106 4914 30.
1125 4857 1199 4924 quta]
1218 4876 1271 4927 quo
1288 4863 1328 4917 Μ.
