3256 5400
174 209 236 271 736
687 201 746 263 Er.
768 202 820 263 AD
841 199 1014 262 Articuli

176 368 219 433 ita
239 365 316 430 mibi
339 365 438 429 dulcis
460 361 542 426 salus
565 359 629 423 visa
647 367 695 423 est
715 378 773 445 per
788 365 818 421 te
839 361 932 421 missa
955 352 994 420 ab
1016 355 1080 420 illa.
1115 354 1245 419 Releres
1266 354 1364 440 igitur
1386 356 1415 419 ei
1432 356 1504 440 plu-

176 461 289 525 rimam
309 460 447 543 itemque
468 455 564 519 Piliae
586 452 670 518 dicas
691 452 795 516 velim.

649 631 701 692 rr.
744 630 806 710 (A.
832 632 864 694 u.
887 633 919 694 c,
941 629 1034 709 710.)

659 770 802 835 CICERO
824 771 967 834 arrico
990 772 1021 834 S.

156 919 170 962 s
265 905 292 965 1.
315 904 360 964 lta
382 894 502 962 utheri
525 890 583 956 tibi
604 890 730 954 narravi
752 891 801 955 vel
817 889 948 955 sortasse
970 890 1064 956 bodie
1080 927 1121 939 -
1137 892 1272 970 Quintus
1294 893 1379 958 enim
1401 894 1503 959 altero

178 995 229 1060 die
251 1014 283 1058 se
306 988 469 1056 aiebat-
491 988 523 1051 in
544 983 656 1049 Nesida
678 1003 755 1048 vm.
776 983 860 1049 ldus.
903 984 949 1050 lbi
971 991 1096 1051 Brutus.
1140 990 1241 1065 Quam
1262 987 1316 1052 ille
1339 987 1442 1052 doluit
1464 988 1503 1053 de

177 1087 298 1152 Nonis
321 1083 458 1149 luliisi
482 1077 612 1146 Mirifice
635 1086 682 1142 est
705 1077 917 1143 conturbatus.
956 1084 1064 1166 ltaque
1085 1102 1153 1145 sese
1176 1082 1366 1167 scripturum
1388 1080 1502 1157 aiebat,

177 1190 213 1245 ut
234 1178 430 1243 venationem
453 1195 538 1246 eam,
562 1192 643 1258 quae
661 1172 812 1257 postridie
834 1172 925 1238 ludos
939 1175 1134 1259 Apollinares
1155 1174 1260 1240 lutura
1278 1184 1340 1250 est,
1364 1176 1503 1260 proscri-

177 1272 289 1337 berent
310 1291 362 1336 iri.
387 1275 434 1334 lu.
450 1271 591 1346 vaucr.
613 1264 692 1330 Libo
714 1265 889 1332 intervenit.
934 1271 963 1331 ls
978 1268 1154 1342 Pbilouem,
1177 1268 1317 1355 Pompeii
1340 1269 1501 1343 libertum.

143 1376 210 1430 soet
235 1365 392 1437 Hilarum,
423 1384 514 1426 suum
541 1360 706 1433 libertum,
736 1360 859 1424 venisse
888 1365 1025 1426 aSexto
1053 1382 1123 1426 cum
1153 1362 1263 1427 litteris
1292 1362 1331 1427 ad
1356 1363 1502 1428 consules

178 1559 276 1616 retur.
319 1556 419 1616 Pauca
449 1548 541 1632 παρὰ
564 1551 662 1626 λέξιν,
694 1549 857 1635 ceteroqui
884 1558 916 1612 et
936 1549 1011 1613 satis
1033 1554 1170 1632 graviter
1196 1560 1227 1614 et
1248 1571 1311 1615 non
1337 1562 1501 1616 contuma-

178 1646 266 1710 citer.
302 1650 432 1710 Tantum
448 1643 519 1708 addi
534 1641 664 1726 placuit,
687 1642 856 1725 quoderat
878 1660 989 1708 coss.
1011 1643 1129 1717 solum,
1152 1653 1187 1709 ut
1211 1652 1307 1718 esset,
1330 1663 1500 1709 rasura.

179 1759 310 1804 ruins.
341 1758 454 1803 risu.
484 1754 679 1812 senarum
709 1756 749 1799 ne
779 1736 823 1800 illi
851 1758 914 1801 nou
941 1737 1120 1822 proferrent
1141 1758 1209 1811 aas,
1239 1758 1320 1824 quae
1350 1738 1388 1803 ad
1414 1739 1500 1823 ipsos

143 1838 291 1898 omissae
312 1841 425 1897 essent.
469 1834 499 1894 2.
522 1835 651 1894 Sextum
674 1839 776 1893 autem
799 1831 941 1894 nuntiant
962 1852 1033 1895 cum
1048 1851 1109 1895 una
1132 1831 1232 1896 solum
1254 1832 1379 1916 legione
1402 1831 1499 1898 luisse

178 1926 382 2011 Karthagine,
406 1925 498 2008 eique
521 1945 559 1987 eo
578 1923 647 2008 ipso
669 1921 737 1996 die,
760 1944 824 2009 quo
846 1923 996 2009 oppidum
1018 1925 1185 2004 †Boream
1207 1925 1354 2011 cepisset,
1378 1927 1499 1992 nuntia·

178 2030 244 2085 tum
266 2040 335 2085 esse
356 2019 396 2084 de
419 2023 566 2094 Caesare3
589 2011 680 2101 capto
702 2016 833 2102 oppido,
856 2017 966 2081 miram
989 2017 1137 2082 laetitiam
1159 2018 1499 2105 commutationemque

178 2119 353 2178 animorum
382 2130 632 2196 concursumque
654 2109 806 2195 undique;
836 2110 891 2175 sed
919 2110 1006 2175 illum
1037 2109 1075 2174 ad
1097 2131 1154 2175 sex
1175 2110 1334 2195 legiones,
1365 2134 1444 2197 quas
1465 2115 1499 2178 iu

179 2207 329 2273 ulteriore
351 2207 545 2293 reliquisset,
566 2203 745 2269 revertisse.
787 2202 834 2267 dd
856 2203 958 2289 ipsum
979 2213 1083 2269 autem
1103 2201 1254 2270 Libonem
1275 2206 1401 2293 scripsit
1422 2207 1498 2272 nibil

99 2373 103 2380 ,
141 2309 263 2375 2⁰esse,
293 2300 353 2365 nisi
375 2300 413 2364 ad
436 2301 532 2365 larem
555 2320 646 2364 suum
669 2298 784 2362 liceret.
830 2301 955 2363 Summa
977 2298 1222 2382 postulatorum,
1251 2311 1287 2365 ut
1307 2322 1419 2365 omnes
1443 2323 1499 2365 ex·

178 2395 294 2460 ercitus
320 2395 527 2468 dimittantur,
557 2393 611 2478 qui
639 2390 755 2477 ubique
784 2393 855 2456 sint.
898 2396 982 2457 llaec
1009 2393 1078 2457 lere
1099 2392 1138 2457 de
1161 2396 1268 2459 Sexto.
1310 2399 1341 2460 3.
1369 2400 1417 2459 De
1437 2400 1499 2460 Bu-

177 2487 301 2552 throtiis
329 2488 468 2573 undique
494 2506 664 2572 quaerens,
695 2484 771 2549 nihil
799 2484 1005 2571 reperiebam.
1048 2486 1123 2558 dlii,
1154 2487 1296 2552 concisos
1324 2487 1497 2573 agripetas;

178 2581 245 2655 alii,
269 2581 431 2656 Plancum,
453 2581 587 2666 acceptis
609 2581 760 2654 nummis,
791 2580 906 2644 relictis
928 2580 1003 2654 illis,
1027 2581 1195 2665 aufugisse.
1236 2586 1345 2668 ltaque
1366 2604 1430 2648 non
1452 2581 1499 2645 vi·

179 2674 239 2738 deo
268 2674 417 2739 sciturum
447 2695 512 2746 me,
543 2672 619 2759 quid
644 2674 712 2737 eius
734 2678 789 2745 sit,
821 2673 851 2737 ni
874 2673 977 2737 statim
1006 2673 1124 2759 aliquid
1145 2674 1329 2741 litterarum.
1372 2680 1404 2740 ls.
1434 2681 1498 2740 lter

141 2767 253 2832 ²³illud
275 2768 490 2842 Brundisium,
514 2766 552 2832 de
574 2787 638 2852 quo
660 2765 856 2839 dubitabam,
880 2765 1036 2832 sublatum
1059 2769 1192 2833 videtur.
1236 2769 1391 2855 Legiones
1413 2769 1496 2833 enirn

178 2861 344 2925 adventare
374 2862 529 2926 dicuntur.
580 2865 663 2924 Haec
691 2870 794 2924 autem
823 2861 978 2944 navigatio
1006 2861 1098 2926 babet
1125 2862 1273 2948 quasdam
1303 2863 1497 2948 suspiciones

178 2955 319 3039 periculi.
355 2961 462 3041 ltaque
484 2951 709 3020 constituebam
730 2954 776 3019 uti
799 2958 973 3036 ὁμοπλοίᾳ.
1008 2960 1201 3020 Paratiorem
1223 2956 1340 3021 ollendi
1355 2961 1496 3027 Brutum,

177 3069 271 3132 quam
293 3047 467 3113 audiebam.
510 3053 584 3112 Nam
608 3058 638 3111 et
660 3048 726 3133 ipse
747 3048 904 3112 Domitius
926 3048 1007 3112 bona
1030 3050 1120 3134 plane
1141 3047 1234 3114 babet
1255 3050 1389 3127 dicrota;
1411 3061 1497 3116 suut·

178 3162 239 3224 que
261 3143 383 3226 navigia
405 3151 565 3228 praeterea
588 3141 742 3206 luculenta
762 3141 868 3214 Sestii,
891 3142 1055 3216 Buciliani,
1078 3155 1264 3209 ceterorum.
1300 3148 1377 3209 Nam
1400 3144 1496 3210 Cassii

142 3234 323 3310 notassem,
347 3257 427 3322 quae
448 3236 539 3322 plane
561 3233 642 3299 bella
660 3245 721 3308 est,
745 3256 807 3300 nou
830 3257 963 3300 numero
986 3237 1067 3301 ultra
1088 3237 1213 3302 iretum.
1249 3237 1328 3301 lllud
1351 3249 1399 3303 est
1420 3239 1496 3303 mibi

178 3328 419 3404 submolestum,
449 3330 534 3416 quod
562 3351 670 3415 parum
700 3334 814 3394 Brutus
841 3350 1013 3414 properare
1041 3329 1176 3395 videtur.
1218 3330 1355 3395 Primum
1389 3331 1495 3396 conle-

178 3431 300 3487 ctorum
322 3424 468 3489 ludorum
491 3424 615 3488 nuntios
636 3432 809 3507 exspectat;
832 3421 963 3498 deinde,
984 3433 1132 3507 quantum
1154 3423 1308 3507 intelligo,
1336 3424 1425 3489 tarde
1450 3438 1496 3490 est

178 3516 395 3599 navigaturus,
426 3518 597 3582 consistens
619 3517 651 3580 in
672 3516 748 3581 locis
769 3515 923 3601 pluribus.
966 3521 1080 3581 Tamen
1103 3517 1240 3583 arbitror
1267 3538 1335 3582 esse
1357 3539 1495 3583 eommo-

178 3607 248 3672 dius
270 3609 356 3673 tarde
378 3611 525 3694 navigare
554 3632 646 3696 quarn
668 3609 797 3674 omnino
820 3631 882 3675 non
904 3610 1066 3692 navigare;
1096 3622 1126 3676 et
1147 3612 1190 3684 si,
1212 3632 1284 3677 cum
1306 3617 1495 3697 processeri-

142 3713 265 3775 ³⁵mus,
288 3702 500 3788 exploratiora
523 3703 726 3776 ridebuntur,
749 3703 861 3768 Etesiis
883 3709 1017 3768 utemur.

250 3980 275 4028 1.
292 3991 342 4040 per
357 3974 488 4041 triparts
505 3978 536 4028 it.
558 4001 584 4014 -
603 3973 637 4039 si]
656 3982 679 4028 st
699 3992 740 4041 pr.
759 3979 797 4028 Μ.
818 4002 846 4012 -
866 3979 1009 4040 plurimam
1026 3979 1140 4029 sulutem
1152 3982 1263 4043 itemqus
1279 3980 1301 4029 l.
1325 4005 1352 4015 -
1375 3981 1401 4032 5.
1422 3981 1503 4043 Quin-

178 4043 230 4109 tus]
251 4048 324 4110 Quas
342 4049 388 4098 ltl.
410 4075 437 4085 -
459 4049 487 4098 6.
505 4049 590 4098 Eride
608 4048 653 4097 111.
674 4074 705 4084 -
724 4047 772 4110 tbi]
795 4048 843 4097 tibi
860 4049 934 4098 Misi.
957 4073 985 4083 -
1007 4047 1034 4098 8.
1055 4063 1113 4097 eum
1131 4049 1255 4100 Ernestio
1274 4056 1384 4100 auctore
1401 4051 1502 4100 Sebae-

177 4119 262 4167 tzius:
290 4122 368 4168 etiem
386 4118 483 4170 sinis.
515 4142 542 4153 ·—
582 4115 628 4179 est]
648 4124 712 4167 esset
731 4118 847 4167 malebat
867 4120 1015 4168 Ernestius·
1042 4144 1071 4155 -
1110 4119 1137 4169 6.
1157 4121 1186 4167 in
1204 4133 1247 4169 ιιι.
1268 4122 1371 4171 mavult
1390 4121 1501 4171 Wesen-

177 4188 254 4251 berg.
274 4216 305 4225 —
334 4190 456 4239 libertum
475 4196 534 4252 post
552 4189 670 4250 Pompeii
688 4191 813 4252 expunxit
831 4189 989 4238 Lambinus.
1009 4210 1041 4225 -
1071 4190 1114 4238 10.
1133 4189 1254 4238 libertum
1274 4197 1332 4253 post
1350 4206 1427 4240 suum
1444 4192 1501 4242 Ms-

177 4261 254 4310 uutio
272 4267 383 4311 auctore
402 4260 528 4323 expunxit
548 4258 577 4308 ll.
600 4282 629 4294 -
667 4260 708 4308 11.
729 4256 763 4322 st]
783 4259 847 4308 Dici
866 4260 931 4309 Cod.
953 4262 979 4308 iu
999 4273 1052 4322 mg.
1068 4259 1173 4321 Repeti.
1191 4260 1286 4309 Lamb.
1306 4267 1333 4310 et
1351 4262 1500 4311 Lambinus

178 4329 258 4380 1566.
287 4357 314 4367 -
354 4332 397 4381 12.
417 4338 552 4392 ceteroque
570 4344 610 4393 pr.
631 4328 673 4388 Μ,
693 4337 778 4380 estere
798 4331 834 4388 11,
858 4334 995 4391 ceteraque
1014 4329 1025 4378 l
1044 4335 1070 4378 et
1088 4343 1158 4379 corr.
1179 4330 1216 4380 Μ.
1245 4329 1300 4380 Cir.
1321 4331 1398 4380 Haud
1418 4332 1497 4380 Turs.

178 4399 214 4448 ii.
235 4414 261 4462 p.
280 4399 324 4449 dd.
360 4426 387 4435 -
424 4401 467 4449 it.
493 4408 517 4449 et
535 4401 638 4448 senatus·
661 4400 682 4448 l.
712 4427 743 4436 -
780 4400 816 4448 od
834 4413 860 4450 ss
879 4400 951 4463 ipsos
976 4399 1012 4447 111
1031 4404 1058 4448 et
1075 4412 1145 4448 corr.
1165 4399 1202 4449 Μ.
1229 4425 1257 4435 -
1297 4400 1338 4450 15.
1365 4404 1499 4450 nuntiavit

178 4468 201 4517 l.
224 4494 248 4504 -
283 4469 342 4517 solo
358 4471 390 4519 11.
415 4493 443 4503 -
477 4470 519 4518 16.
540 4468 722 4532 Curtbupr'rssm
740 4471 771 4519 it.
791 4496 823 4506 -
854 4467 939 4533 sique]
958 4470 1030 4532 iique
1049 4469 1089 4527 Μ,
1109 4470 1133 4519 11
1151 4481 1250 4533 quoque
1268 4470 1300 4521 11.
1321 4494 1351 4505 -·
1381 4471 1498 4520 Eborum

178 4539 335 4600 Turnebus,
354 4540 495 4604 Bipsrrum
514 4538 682 4589 Schuetzius.
703 4566 730 4576 -
770 4542 894 4602 cepissent
911 4540 949 4595 it.
970 4541 1109 4588 corruisset
1127 4541 1151 4589 1.
1182 4562 1208 4572 -
1247 4541 1289 4591 is.
1308 4540 1431 4590 uberiore
1450 4543 1497 4590 Μ1-

177 4612 275 4670 spens'a
293 4610 437 4672 reliquisset
455 4609 476 4658 1.
505 4635 534 4644 -
573 4610 616 4658 21.
639 4608 787 4658 butlrrotr'cs'x
807 4610 828 4658 l.
860 4633 888 4643 -
926 4608 969 4658 st.
989 4607 1124 4672 sciturum]
1143 4622 1262 4659 securum
1284 4611 1306 4659 1.
1339 4633 1366 4642 -
1404 4607 1444 4672 ni]
1465 4626 1497 4660 ns

177 4679 220 4734 Μ,
241 4682 270 4728 s'n
288 4680 319 4730 11.
346 4706 379 4713 -
414 4677 479 4741 lter]
499 4680 563 4728 ltem
590 4679 612 4729 1.
642 4704 672 4713 -
710 4679 752 4727 25.
777 4680 968 4728 Brundisinum
995 4678 1069 4728 Pius.
1094 4703 1119 4712 -
1159 4680 1203 4729 28.
1222 4687 1294 4730 sunt.
1324 4680 1396 4742 Quos
1421 4681 1496 4729 1.-

177 4749 220 4799 29.
240 4750 311 4799 Secti
329 4751 351 4800 l.
375 4774 401 4784 -
431 4749 556 4799 Buctluns'
574 4748 624 4797 Μ1.
646 4774 674 4783 -
699 4752 888 4811 asinorumque
907 4750 929 4798 l.
949 4774 980 4784 -
1007 4748 1050 4796 32.
1070 4752 1177 4800 nuntios
1196 4765 1236 4814 pr.
1255 4750 1293 4800 Μ.
1315 4775 1345 4786 -
1373 4752 1416 4800 ³5.
1437 4751 1497 4799 Ete-

176 4815 233 4882 siis]
252 4828 276 4869 st
295 4823 365 4871 testis
382 4822 424 4883 Μ,
443 4825 466 4872 et
485 4820 558 4870 tectis
575 4818 613 4879 11,
635 4824 659 4868 st
677 4818 783 4866 testibus
801 4819 822 4868 1.
860 4819 948 4882 (Corr.
967 4832 999 4868 ex
1018 4815 1058 4879 z.)
