3256 5400
181 231 245 296 232
612 222 887 290 artsrottltttu
908 226 961 288 ΔΙ)
982 225 1074 290 del.

204 389 298 457 uibus
319 391 346 455 si
368 386 444 451 mihi
466 384 549 450 nulla
571 404 664 448 causa
685 381 909 456 intercederet,
933 391 1049 457 tamen,
1072 382 1158 468 quod
1180 390 1210 448 te
1231 380 1503 450 vehementissime

183 415 280 562 diligo
301 471 450 565 quodque
472 499 522 543 me
544 499 562 543 a
584 487 614 542 te
635 478 764 563 plurimi
785 478 854 543 lieri
876 482 993 552 sentio,
1016 485 1047 542 et
1067 498 1230 543 monerem
1252 487 1282 542 te
1297 490 1328 542 et
1342 477 1503 552 hortarer,

183 583 218 639 ut
238 594 349 639 eorum
370 573 504 640 fortunis
525 572 722 645 consuleres,
744 572 930 658 praesertim
951 591 1021 637 cum
1044 591 1143 657 prope
1164 572 1364 659 praecipuam
1379 593 1504 638 causam

183 666 333 732 baberent
353 668 393 732 ad
414 667 464 732 ius
485 665 706 732 obtinendum:
729 666 864 751 primurn
886 665 971 752 quod
993 664 1110 731 Sullani
1132 667 1281 752 temporis
1302 666 1503 732 acerbitatem

160 759 316 826 ⁵deorum
336 760 559 827 immortalium
580 759 769 842 benignitate
797 759 1067 844 subterlugeruut3
1104 759 1235 835 deiude,
1272 759 1358 847 quod
1379 781 1504 826 summo

183 855 287 921 studio
318 855 427 942 populi
457 854 587 921 Romani
624 876 642 919 a
674 874 725 918 me
753 854 784 919 in
818 854 982 920 consulatu
1011 874 1084 919 meo
1106 852 1226 919 defensi
1248 864 1328 921 suut
1371 859 1402 920 2.
1425 859 1504 922 Cum

183 949 266 1015 enirn
301 947 418 1014 tribuni
448 950 488 1034 pl.
520 949 621 1033 legem
649 947 875 1033 iniquissimam
903 948 942 1013 de
965 969 1075 1013 eorum
1097 950 1181 1032 agris
1201 949 1502 1035 promulgavisseut,

182 1043 273 1109 facile
294 1043 414 1108 senatui
436 1043 616 1128 populoque
638 1047 778 1107 Romano
799 1042 955 1127 persuasi,
984 1053 1020 1108 ut
1041 1063 1095 1107 eos
1117 1042 1216 1119 cives,
1239 1042 1355 1130 quibus
1376 1042 1504 1109 fortuna

182 1137 385 1223 pepercisset,
408 1137 510 1200 salvos
532 1156 600 1199 esse
624 1135 746 1199 vellent.
800 1139 887 1200 Hanc
908 1136 1060 1201 actionem
1083 1157 1183 1201 meam
1207 1139 1239 1202 C.
1263 1140 1377 1203 Caesar
1398 1138 1503 1224 primo

149 1251 241 1295 snsuo
264 1231 425 1295 consulatu
447 1231 514 1314 lege
536 1229 659 1314 agraria
680 1229 897 1315 comprobavit
918 1251 1090 1316 agrumque
1112 1230 1351 1297 Volaterranum
1367 1243 1398 1297 et
1412 1233 1503 1318 oppi-

183 1322 258 1388 dum
287 1325 373 1389 omni
400 1324 540 1410 periculo
571 1325 603 1388 in
636 1333 823 1409 perpetuum
851 1324 1009 1400 liberavit,
1042 1334 1077 1390 ut
1104 1324 1179 1389 mibi
1205 1323 1334 1389 dubium
1356 1345 1421 1391 nou
1442 1331 1501 1402 sit,

183 1419 259 1504 quin
282 1418 324 1494 is,
348 1419 401 1505 qui
424 1441 520 1484 novas
542 1418 787 1484 necessitudines
813 1419 974 1504 adiungat,
997 1429 1104 1486 vetera
1125 1440 1182 1483 sua
1204 1416 1354 1483 beneficia
1375 1440 1504 1486 conser-

183 1512 251 1580 vari
273 1511 356 1578 velit.
400 1512 613 1590 Quamobrem
635 1522 682 1576 est
709 1522 780 1578 tuae
801 1513 983 1599 prudentiae
1009 1522 1063 1577 aut
1083 1512 1173 1599 sequi
1195 1517 1262 1578 eius
1276 1514 1501 1588 auctoritatem,

183 1612 271 1672 cuius
292 1617 406 1672 sectam
429 1615 521 1693 atque
543 1605 710 1692 imperium
732 1628 852 1671 summa
881 1627 952 1671 cum
975 1617 1027 1672 tua
1048 1607 1196 1691 dignitate
1217 1615 1342 1672 secutus
1363 1629 1413 1682 es,
1449 1618 1503 1675 aut

151 1711 268 1767 aseerte
296 1702 341 1766 illi
370 1701 520 1786 integram
549 1721 674 1765 omnem
696 1722 820 1766 causam
841 1722 1014 1766 reservare.
1072 1700 1151 1766 Illud
1173 1721 1251 1765 vero
1274 1699 1417 1768 dubitare
1439 1724 1502 1769 nou

183 1794 295 1871 debes,
317 1796 394 1882 quin
416 1805 476 1860 tam
499 1816 609 1878 grave,
633 1805 695 1860 tam
717 1795 860 1870 firmum,
882 1802 944 1859 mm
964 1795 1128 1861 honestum
1151 1794 1355 1880 municipium
1371 1799 1427 1864 tibi
1448 1809 1503 1863 tuo

182 1911 306 1956 summo
329 1889 481 1955 beneficio
504 1889 536 1952 in
560 1899 746 1975 perpetuum
766 1888 900 1973 obligari
922 1888 1010 1954 velis.
1052 1894 1082 1954 3.
1105 1887 1167 1954 Sed
1188 1888 1282 1962 baec,
1305 1905 1386 1973 quae
1408 1903 1502 1969 supra

183 1984 296 2069 scripta
318 1993 403 2059 sunt,
427 2005 466 2048 eo
488 1992 646 2068 spectant,
669 1993 704 2049 ut
725 1991 755 2048 te
777 1983 887 2048 horter
908 1991 939 2048 ct
960 1982 1117 2048 suadeam.
1159 1981 1291 2068 Reliqua
1312 1988 1400 2052 sunt,
1423 1997 1503 2064 quae

183 2077 339 2162 pertinent
359 2075 398 2142 ad
420 2077 608 2161 rogandum,
642 2087 677 2142 ut
698 2097 761 2141 non
782 2077 882 2142 solum
905 2087 956 2143 tua
978 2098 1071 2142 causa
1091 2075 1148 2141 tibi
1169 2074 1333 2141 consilium
1354 2094 1405 2138 me
1427 2071 1504 2137 dare

145 2181 289 2257 ⁸⁰putes,
313 2170 498 2245 sedetiam,
529 2169 613 2257 quod
635 2169 709 2235 mibi
732 2190 813 2255 opus
835 2170 888 2242 sit,
910 2192 962 2235 me
983 2192 1001 2235 a
1022 2182 1053 2236 te
1075 2180 1182 2256 petere
1204 2178 1236 2235 et
1256 2189 1382 2253 rogare.
1426 2170 1504 2232 Gra·

184 2265 335 2329 tissimum
362 2265 458 2349 igitur
490 2265 568 2329 mibi
604 2262 733 2339 seceris,
767 2264 794 2328 si
823 2263 1044 2330 Volaterranos
1073 2261 1219 2329 omuibus
1246 2261 1342 2328 rebus
1364 2260 1504 2344 integros

182 2358 418 2446 incolumesque
440 2380 509 2424 esse
532 2358 679 2424 volueris.
733 2361 850 2421 Eorum
874 2377 934 2441 ego
956 2356 1127 2430 domicilia,
1159 2356 1264 2432 sedes,
1293 2377 1376 2429 rem,
1403 2353 1505 2418 fortu-

183 2474 256 2528 nas,
285 2472 365 2538 quae
387 2462 418 2516 et
439 2473 457 2516 a
479 2451 539 2518 diis
559 2449 788 2517 immortalibus
817 2460 848 2514 et
875 2471 893 2514 a
915 2451 1185 2536 praestantissimis
1207 2450 1238 2514 in
1260 2458 1368 2514 nostra
1388 2467 1424 2512 re
1446 2466 1505 2531 pu-

182 2545 263 2612 blica
284 2544 403 2610 civibus
425 2565 548 2610 summo
568 2554 695 2611 senatus
715 2543 888 2631 populique
910 2544 1041 2610 Romani
1066 2543 1170 2610 studio
1191 2551 1393 2609 conservatae
1415 2549 1503 2616 sunt,

146 2649 254 2704 ⁸³tuae
282 2638 368 2715 fidei,
405 2638 540 2703 iustitiae
569 2637 761 2724 bonitatique
791 2637 987 2704 commendo.
1043 2644 1073 2704 l.
1104 2637 1138 2703 si
1169 2657 1228 2724 pro
1256 2636 1335 2702 meis
1363 2635 1503 2723 pristinis

183 2732 294 2818 opibus
316 2732 492 2797 facultatem
515 2730 591 2796 mibi
620 2753 670 2797 res
692 2732 752 2796 boe
774 2740 915 2817 tempore
937 2731 1040 2806 daret,
1063 2741 1098 2796 ut
1119 2732 1161 2798 ita
1184 2730 1354 2796 defendere
1375 2748 1502 2816 possem

183 2827 421 2898 Volaterranos,
444 2824 706 2912 quemadmodum
729 2825 877 2890 consuevi
900 2825 981 2890 tueri
999 2846 1103 2916 meos,
1125 2825 1244 2892 nullum
1259 2825 1412 2898 officium,
1434 2823 1528 2887 nul··

182 2919 246 2985 lum
280 2919 414 3006 denique
436 2930 608 2994 certamen,
645 2920 677 2984 in
699 2940 763 3006 quo
785 2918 847 2982 illis
867 2918 1018 3006 prodesse
1040 2941 1179 3005 possem,
1208 2919 1503 3005 praetermitterem.

183 3013 245 3079 Sed
274 3014 421 3101 quoniam
453 3012 537 3099 apud
569 3023 599 3077 te
632 3011 730 3078 nihilo
763 3013 866 3078 minus
896 3012 956 3077 boc
988 3023 1130 3099 tempore
1162 3014 1267 3078 valere
1288 3034 1339 3077 me
1360 3010 1501 3084 confido,

146 3116 276 3196 ³⁰quam
309 3107 462 3173 valuerim
497 3127 622 3192 semper
647 3106 729 3193 apud
758 3128 883 3182 omnes,
921 3128 979 3193 pro
1001 3118 1106 3172 nostra
1133 3129 1252 3173 summa
1276 3105 1503 3172 necessitudine

182 3201 313 3287 parique
335 3201 416 3265 inter
437 3222 494 3265 nos
516 3210 546 3264 et
568 3212 674 3265 mutua
696 3199 912 3265 benevolentia
934 3200 989 3265 abs
1011 3210 1041 3266 te
1063 3212 1151 3287 peto,
1180 3211 1215 3267 ut
1235 3201 1277 3266 ita
1300 3200 1339 3266 de
1361 3200 1504 3266 Volater-

182 3300 266 3362 ranis
287 3315 446 3366 mereare,
469 3305 503 3360 ut
525 3294 703 3360 existiment
724 3315 796 3359 eum
817 3294 908 3381 quasi
928 3294 1036 3360 divino
1058 3296 1189 3361 consilio
1203 3294 1254 3360 isti
1270 3293 1397 3380 negotio
1411 3313 1503 3381 prae-

181 3388 318 3475 positum
340 3406 422 3462 esse,
452 3386 534 3473 apud
556 3409 649 3473 quem
670 3409 768 3457 unum
796 3409 854 3453 nos
883 3408 995 3454 eorum
1022 3389 1167 3475 perpetui
1194 3388 1376 3454 defensores
1403 3385 1503 3474 pluri·

181 3502 267 3549 mum
291 3480 392 3547 valere
414 3501 588 3567 possemus.

146 3637 174 3682 2
671 3648 1013 3734 eunome

448 3773 590 3838 CICERO
613 3775 644 3836 S.
665 3775 702 3837 D.
725 3774 764 3850 Q.
787 3775 959 3837 VALERIO
981 3777 1069 3839 LEG.
1092 3777 1230 3841 PROPR.

269 3889 296 3951 l.
333 3889 402 3948 Non
429 3883 559 3949 moleste
586 3882 656 3949 sero
684 3905 753 3948 eam
781 3882 1058 3959 necessitudinem,
1094 3906 1174 3972 quae
1201 3886 1279 3951 mihi
1311 3895 1414 3953 tecum
1436 3896 1501 3962 est,

182 3988 288 4044 notam
318 3999 387 4042 esse
416 3997 507 4062 wana
537 3976 696 4062 plurimis;
727 3999 829 4064 neque
856 3986 958 4041 umen
985 3977 1027 4043 ob
1054 3999 1121 4043 cam
1150 4001 1275 4045 causam
1297 4017 1337 4028 —
1360 3983 1446 4070 quod
1467 3991 1502 4048 tu

182 4072 299 4157 optime
321 4070 499 4135 existimare
521 4080 610 4155 potes
633 4103 672 4115 -
699 4081 729 4136 te
751 4070 909 4157 impedio,
932 4092 995 4157 quo
1018 4076 1120 4138 minus
1141 4084 1319 4159 susceptum
1340 4077 1502 4160 negotium

143 4179 240 4251 topro
270 4176 322 4229 tua
346 4164 405 4229 lide
427 4173 457 4227 et
479 4163 637 4247 diligentia
666 4185 706 4228 ex
729 4164 887 4229 voluntate
918 4165 1076 4240 Caesaris,
1112 4167 1167 4253 qui
1189 4166 1245 4233 tibi
1266 4189 1334 4233 rem
1355 4188 1502 4252 magnam

182 4257 400 4343 difficilemque
436 4258 606 4331 commisit,
635 4278 747 4342 gerere
778 4258 889 4343 possis.
942 4263 1019 4323 Nam
1053 4280 1123 4325 cum
1151 4261 1240 4326 multi
1272 4283 1290 4325 a
1316 4283 1367 4327 me
1396 4270 1503 4349 petant

182 4351 294 4424 multa,
324 4349 408 4442 quod
431 4351 469 4416 de
492 4360 543 4416 tua
566 4372 640 4435 erga
664 4372 712 4415 mc
734 4350 892 4416 voluntate
912 4372 975 4417 uon
998 4351 1155 4425 dubitent,
1184 4375 1247 4420 uon
1269 4356 1445 4429 committo,
1467 4365 1503 4421 ut

183 4444 351 4513 ambitione
372 4466 441 4511 mea
462 4444 646 4511 conturbem
667 4445 802 4510 officium
821 4454 918 4511 tuum.
961 4450 991 4512 2.
1014 4451 1047 4512 C.
1064 4449 1171 4513 Curtio
1193 4448 1231 4513 ab
1254 4449 1379 4516 ineunte
1401 4459 1502 4515 aetate

249 4656 276 4704 ls.
296 4653 346 4718 ius]
366 4659 407 4705 ias
425 4670 499 4703 suum
517 4656 674 4705 Lambinus.
704 4678 734 4691 -
771 4654 799 4704 ll.
819 4656 882 4705 Cum
899 4658 966 4705 enim
985 4658 1039 4707 Vb:
1060 4658 1123 4707 Com
1141 4658 1200 4708 bill.
1220 4681 1253 4693 -
1290 4660 1331 4708 to.
1351 4659 1403 4724 lege
1421 4674 1501 4726 apru-

179 4725 222 4773 m‘o
249 4725 306 4774 Vb:
334 4728 387 4791 lage
415 4728 444 4774 tn
469 4728 580 4788 agrario
605 4726 647 4782 bl,
674 4726 704 4774 in
733 4725 785 4788 lege
812 4727 923 4789 aprutio
956 4727 983 4778 E.
1021 4728 1092 4777 Fert.
1120 4729 1172 4790 tege
1188 4729 1236 4777 illo
1254 4731 1376 4793 agrario.
1395 4730 1446 4779 On.
1469 4754 1499 4766 -

180 4792 222 4844 ¹8.
250 4803 272 4844 et
297 4796 345 4846 tibi
372 4797 496 4845 suadeam
527 4795 683 4845 Lambinus.
712 4821 740 4832 —
779 4795 824 4844 23.
851 4810 917 4859 quae
935 4805 959 4846 et
976 4798 1022 4848 bl:
1047 4812 1113 4861 qaue
1130 4798 1160 4847 ll.
1183 4825 1210 4834 -
1249 4800 1292 4850 29.
1313 4802 1436 4863 quoniam
1455 4800 1499 4851 bl:

178 4866 283 4928 quoodo
302 4866 332 4915 E.
355 4893 383 4903 -
421 4867 465 4915 3⁰.
486 4867 557 4916 Fert.
577 4867 650 4929 opud
667 4866 748 4916 bonos
767 4878 863 4916 omues.
883 4866 935 4917 Oa.
957 4892 985 4904 -
1023 4867 1067 4919 39.
1085 4869 1182 4930 impedi
1200 4868 1237 4920 bl.
