3256 5400
512 248 586 311 ΜΒ.
607 248 688 312 xvt.
731 246 791 309 ΕΡ.
815 244 864 307 18.
888 243 938 306 19.
959 243 1010 306 20.
1031 244 1082 306 21.
1402 245 1462 308 tot

145 408 204 473 luit
225 406 374 472 adventus
397 403 620 491 optatissimus.
676 408 770 477 Nam,
798 420 871 466 cum
892 401 1059 465 maximam
1082 402 1233 487 cepissem
1255 404 1401 470 laetitiam
1424 426 1465 471 ex

146 498 360 566 humanissimi
389 507 420 563 et
452 497 605 562 carissimi
634 496 734 583 patris
759 494 906 581 epistola,
942 503 1009 559 tum
1033 516 1111 561 vero
1133 497 1371 564 iucundissimae
1393 509 1465 565 tuae

145 597 266 661 litterae
286 593 445 659 cumulum
466 592 543 657 mibi
566 591 670 678 gaudii
691 589 870 657 attarlcruut.
911 592 1019 674 ltaque
1043 609 1095 653 me
1117 591 1180 655 iam
1202 613 1265 657 non
1285 592 1465 679 poenitebat

145 686 407 775 intercapedinem
429 685 586 752 scribendi
608 686 735 759 iecisse,
758 681 814 748 sed
835 682 940 768 potius
960 681 1115 762 lactabam
1138 684 1272 750 fructum
1295 687 1378 752 enim
1399 708 1464 752 mu·

145 802 239 867 gnum
261 779 459 845 humanitatis
486 788 558 844 tuae
579 777 741 865 capiebam
765 798 806 841 ex
827 776 951 841 silentio
973 797 1114 842 mearum
1134 777 1321 849 litterarum.
1362 780 1488 848 Vebes

145 883 265 939 menter
293 873 388 957 igitur
415 872 537 957 gaudeo
566 882 595 938 te
617 892 718 937 meam
739 869 806 935 sine
827 867 1021 933 dubitatione
1042 870 1199 957 accepisse
1221 874 1464 944 excusationem.
1535 923 1537 927 .

144 974 174 1034 2.
199 974 311 1035 Grates
333 965 390 1031 tibi
412 975 596 1051 optatosque
617 986 700 1039 esse,
734 963 788 1049 qui
810 961 850 1026 de
872 984 922 1026 me
943 983 1088 1027 muneres
1110 963 1302 1041 afferuntur,
1325 990 1388 1034 non
1407 968 1464 1036 du-

144 1062 225 1138 bito,
246 1066 290 1126 mi
312 1058 489 1125 dulcissime
511 1065 605 1138 Tiro;
638 1057 865 1145 praestaboque
886 1067 917 1123 et
938 1058 1053 1132 enitar,
1080 1066 1116 1122 ut
1137 1058 1169 1122 iu
1192 1059 1259 1125 dies
1280 1069 1378 1146 magis
1400 1085 1464 1128 ma-

143 1161 253 1242 gisque
275 1154 351 1219 haec
371 1174 500 1218 nascens
522 1153 561 1219 dc
582 1174 632 1217 me
654 1151 830 1237 duplicetur
850 1151 967 1236 opinio.
1019 1153 1126 1228 Quare
1148 1154 1233 1238 quod
1254 1155 1410 1238 polliceris
1432 1167 1463 1222 te

144 1249 376 1315 buccinatorem
410 1245 480 1312 iore
513 1246 750 1312 existimationis
778 1265 880 1320 meae,
916 1244 1007 1310 lirmo
1040 1245 1072 1309 id
1109 1248 1323 1334 constantique
1359 1252 1463 1317 auimo
1475 1266 1501 1306 ¹⁰

143 1343 239 1407 iacias
260 1341 343 1407 licet.
396 1345 528 1404 Tantum
549 1340 634 1405 euim
655 1338 732 1405 mihi
752 1338 894 1403 dolorem
916 1339 1151 1426 cruciatumque
1173 1341 1341 1406 attulerunt
1360 1354 1463 1409 errata

144 1435 252 1500 aetatis
280 1452 384 1508 meae,
411 1441 445 1498 ut
467 1453 530 1498 uon
551 1433 654 1499 solum
673 1432 796 1497 animus
816 1453 834 1497 a
855 1430 960 1504 lactis,
990 1430 1046 1496 sed
1067 1453 1160 1498 aures
1182 1454 1308 1520 quoque
1333 1457 1351 1499 a
1379 1457 1464 1502 com-

143 1528 369 1595 memoratione
398 1525 596 1592 abhorreaut.
654 1525 748 1592 Cuius
774 1533 804 1590 te
832 1524 1047 1590 sollicitudinis
1074 1535 1105 1589 et
1132 1525 1250 1591 doloris
1280 1529 1464 1615 participem

145 1623 241 1687 luisse
261 1630 369 1688 notum
391 1621 651 1707 exploratumque
673 1627 720 1684 est
745 1618 834 1697 mihi3
866 1639 925 1683 uec
946 1618 978 1683 id
1000 1619 1124 1685 mirum.
1167 1625 1243 1685 Nam
1265 1641 1336 1686 cum*
1358 1623 1461 1687 omnia

144 1737 213 1780 mea
237 1736 330 1781 causa
350 1715 446 1780 velles
468 1715 544 1780 milri
565 1734 722 1785 successa,
752 1720 818 1777 tum
843 1714 936 1777 etiam
964 1725 1032 1791 tua;
1070 1714 1191 1779 socium
1218 1715 1301 1778 enim
1325 1727 1355 1779 te
1377 1731 1502 1780 meo-¹⁵

144 1831 215 1874 rum
235 1808 474 1875 commodorum
507 1829 631 1894 semper
655 1827 724 1872 esse
752 1805 849 1871 volui.
898 1811 928 1871 3.
951 1807 1106 1885 Quoniam
1132 1807 1228 1891 igitur
1254 1817 1319 1873 tum
1348 1829 1388 1871 ex
1412 1829 1464 1873 me

144 1902 288 1977 doluisti,
311 1922 393 1967 nuuc
415 1912 450 1967 ut
470 1903 646 1988 duplicetur
663 1910 751 1966 tuum
773 1920 814 1964 ex
836 1920 886 1964 me
908 1899 1073 1986 gaudium,
1096 1900 1272 1987 praestabo.
1317 1903 1463 1989 Cratippo

144 2017 195 2060 me
221 2000 299 2060 scito
327 2016 390 2059 uon
413 2005 448 2060 ut
468 1996 661 2081 discipulum¹
684 1992 739 2059 sed
763 2002 799 2058 ut
822 1993 920 2060 lilium
947 2016 1014 2059 esse
1042 1995 1349 2073 coniunctissimum;
1392 2018 1463 2061 nam

146 2086 239 2173 [cum]
263 2095 294 2152 et
310 2087 405 2153 audio
428 2089 515 2155 illum
536 2088 685 2163 libenter,
721 2088 904 2153 tumeliam
927 2088 1088 2173 propriam
1114 2088 1181 2154 eius
1206 2089 1388 2154 suavitatem
1410 2110 1464 2155 ve·

145 2182 306 2247 hementer
330 2183 510 2268 amplector.
566 2188 641 2249 Sum
670 2191 752 2248 totos
781 2181 849 2246 dics
877 2202 949 2246 cum
980 2203 1019 2247 eo
1048 2179 1209 2269 noctisque
1236 2204 1462 2268 saepenumero
1470 2197 1501 2241 ²⁰

145 2288 282 2364 partem;
315 2297 416 2341 exoro
442 2277 541 2352 enim,
573 2288 608 2343 ut
633 2296 755 2340 mecum
777 2297 872 2363 quam
893 2275 1074 2361 saepissime
1096 2284 1216 2340 coenet.
1264 2281 1329 2340 llac
1364 2278 1464 2343 intro-

145 2373 235 2438 ducta
256 2369 497 2445 consuetudine,
520 2392 613 2456 saepe
633 2368 835 2434 inscientibus
855 2368 947 2433 nobis
969 2379 1000 2434 et
1023 2367 1225 2434 coenantibus
1248 2369 1373 2458 obrepit
1390 2370 1464 2437 sub-

145 2465 267 2552 lataque
294 2464 458 2529 severitate
487 2463 703 2550 philosophiae
732 2462 953 2528 humanissime
976 2461 1137 2526 nobiscum
1167 2462 1299 2529 iocatur.
1357 2467 1463 2542 Quare

145 2559 185 2623 da
210 2578 353 2643 operam,
376 2567 410 2623 ut
432 2557 513 2623 bunc
531 2559 642 2631 talem,
679 2565 741 2621 tam
768 2553 955 2630 iucundum,
985 2563 1048 2618 tam
1069 2555 1272 2620 excellentem
1295 2557 1398 2622 virum
1418 2559 1465 2623 vi·

146 2653 220 2717 deas
242 2673 335 2738 quam
361 2651 508 2736 primum.
550 2656 581 2715 4.
603 2655 679 2715 Nam
710 2647 785 2737 quid
812 2668 871 2732 ego
900 2648 939 2712 de
959 2652 1081 2712 Bruttio
1104 2648 1225 2712 dicam?
1262 2672 1356 2737 quem
1377 2651 1502 2717 uulloas

145 2756 287 2832 tempore
317 2766 336 2808 a
365 2766 415 2810 me
443 2745 546 2831 patior
579 2743 755 2820 discedere;
788 2742 878 2806 cuius
905 2761 976 2806 cum
1004 2741 1088 2825 frugi
1114 2763 1285 2829 severaque
1310 2754 1357 2809 est
1384 2745 1463 2818 vita,

147 2853 211 2905 tum
237 2839 329 2904 etiam
355 2838 577 2904 iucundissima
604 2837 769 2902 convictio.
812 2841 880 2899 Nou
907 2844 953 2899 est
975 2835 1059 2899 cuim
1080 2835 1235 2900 seiunctus
1261 2841 1348 2903 iocus
1368 2860 1386 2902 a
1408 2865 1464 2919 φι-

148 2942 280 3018 λολογίᾳ
307 2941 338 2997 et
358 2931 537 3018 quotidiana
560 2931 739 3010 συζητήσει.
795 2929 876 2993 Huic
899 2948 959 3014 ego
981 2928 1085 2993 locum
1106 2929 1139 2992 in
1161 2931 1308 3014 proximo
1327 2932 1465 2997 conduxi

146 3039 191 3105 ct,
221 3039 256 3094 ut
276 3048 417 3114 possum,
455 3046 496 3089 ex
516 3025 594 3089 meis
614 3022 764 3108 augustiis
791 3023 874 3087 ilbus
901 3030 1040 3087 sustento
1069 3022 1259 3088 tenuitatem.
1310 3031 1339 3091 5.
1375 3033 1466 3091 Prae·

148 3134 234 3188 terea
255 3119 452 3186 declamitare
470 3122 587 3184 Graece
606 3116 689 3203 apud
705 3115 844 3182 Cassium
860 3115 998 3193 iustitui;
1020 3114 1128 3179 Latine
1149 3126 1252 3180 autem
1273 3119 1354 3202 apud
1376 3127 1504 3187 Brut-so

147 3221 224 3281 tium
246 3213 390 3279 exerceri
411 3212 494 3277 volo.
539 3216 613 3277 Utor
632 3209 835 3274 familiaribus
857 3218 889 3273 et
908 3207 1097 3295 quotidianis
1114 3212 1364 3287 convictoribus,
1387 3235 1467 3299 quos

147 3330 252 3375 secum
271 3306 423 3395 Mytilenis
445 3305 609 3391 Cratippus
631 3303 775 3375 adduxit,
812 3301 991 3368 bominibus
1018 3312 1048 3367 et
1074 3302 1173 3366 doctis
1195 3315 1225 3367 et
1246 3305 1290 3370 illi
1313 3308 1467 3390 probatis-

146 3403 243 3467 simis.
296 3401 427 3466 Multum
455 3399 548 3463 etiam
579 3419 702 3462 mecum
724 3407 771 3462 est
793 3396 967 3482 Epicrates,
1000 3396 1143 3482 princeps
1165 3397 1413 3490 Atheniensium,
1436 3412 1468 3466 et

147 3495 300 3560 Leonides
323 3493 488 3558 ethorum
514 3497 609 3556 ceteri
632 3490 759 3556 similes.
811 3490 865 3555 Τὰ
882 3501 941 3573 μὲν
961 3486 1019 3554 οὖν
1041 3494 1114 3554 καθ’
1134 3493 1219 3574 ἡμᾶς
1240 3495 1324 3558 τάδε.
1369 3499 1399 3558 6.
1421 3499 1467 3558 De

148 3591 262 3676 Gorgia
284 3598 388 3654 autem
416 3584 501 3672 quod
522 3579 599 3650 mihi
624 3583 756 3659 scribis,
784 3593 852 3649 erat
874 3583 999 3668 quidem
1026 3583 1079 3649 ille
1105 3584 1139 3648 iu
1165 3585 1343 3670 quotidiana
1366 3588 1504 3652 decla-³⁵

147 3684 280 3749 matione
307 3681 407 3757 utilis3
443 3680 499 3744 sed
526 3679 630 3745 omnia
658 3677 836 3764 postposui,
874 3676 1044 3741 dummodo
1066 3678 1239 3762 praeceptis
1257 3682 1354 3765 patris
1376 3703 1468 3766 pare-

148 3800 231 3855 rem;
260 3777 440 3859 ὃιαρῥήὸην
462 3773 545 3838 euim
566 3772 746 3857 scripserat,
779 3779 814 3835 ut
839 3791 911 3835 eum
934 3769 1120 3834 dimitterem
1146 3772 1260 3837 statim.
1303 3776 1468 3860 Tergiver-

147 3875 210 3937 sari
238 3870 340 3943 nolui,
374 3890 412 3933 ue
440 3889 509 3932 mea
539 3866 634 3930 nimia
666 3865 789 3943 σπουδή
816 3862 1024 3949 suspicionem
1048 3868 1077 3928 ei
1107 3864 1242 3951 aliquam
1273 3867 1468 3954 importaret.

147 3964 266 4029 Deinde
287 3963 364 4029 illud
384 3962 477 4028 etiam
500 3960 577 4026 mibi
596 3957 809 4032 succurrebat,
830 3977 924 4042 grave
949 3978 1018 4021 esse
1042 3958 1149 4023 mede
1171 3959 1288 4026 iudicio
1304 3965 1400 4048 patris
1421 3965 1468 4030 iu·

148 4058 261 4123 dicare.
318 4064 347 4122 7.
377 4063 477 4122 Tuum
500 4064 602 4120 tamen
624 4051 761 4118 studium
791 4060 821 4116 et
842 4050 1008 4116 consilium
1029 4061 1152 4136 gratum
1174 4063 1398 4143 acceptumque
1420 4068 1505 4122 esta·

117 4153 232 4217 ‘mibi
274 4150 515 4218 Excusatiouem
534 4151 748 4233 angustiarum
769 4144 813 4209 tui
832 4143 982 4228 temporis
1006 4145 1140 4230 accipio,·
1163 4147 1229 4211 scio
1251 4149 1349 4222 euim,
1373 4170 1467 4236 quam

112 4265 117 4274 ·
148 4246 248 4310 soleas
270 4265 338 4309 esse
359 4252 537 4329 occupatus.
579 4241 699 4305 Emissa
720 4247 751 4303 te
771 4236 934 4323 praedium
955 4236 1156 4303 vehementer
1176 4240 1297 4323 gaudeo
1322 4242 1468 4308 feliciter

148 4359 209 4424 que
231 4337 285 4403 tibi
308 4359 375 4402 rem
401 4337 491 4402 istam
520 4334 647 4399 evenire
675 4336 777 4417 cupio.
821 4333 888 4394 Hoc
908 4329 979 4395 loco
1001 4351 1051 4394 me
1072 4332 1128 4396 tibi
1147 4334 1295 4418 gratulari
1322 4335 1386 4400 noli
1410 4336 1468 4400 mi-

217 4571 242 4618 1.
262 4568 477 4627 adoptatissimua
494 4565 529 4614 Μ.
553 4590 580 4600 -
622 4563 664 4611 15.
683 4562 747 4610 anibi
763 4573 874 4610 successa
894 4559 946 4610 del.
962 4561 1125 4621 Lambinus,
1146 4569 1236 4626 utpote
1256 4567 1371 4617 sotoeca.
1391 4570 1464 4619 Fert.

147 4639 344 4689 moisacense
370 4638 389 4686 i.
409 4650 434 4685 e.
452 4635 587 4684 assemani.
614 4633 666 4681 On.
698 4655 728 4666 -
765 4629 957 4691 teotoniam
975 4631 1021 4681 M:
1053 4632 1127 4694 Quod
1146 4633 1176 4681 E.
1199 4657 1225 4670 -
1268 4638 1309 4685 17,
1330 4640 1467 4700 auplicem

148 4710 186 4759 Μ.
208 4735 236 4745 -
276 4709 319 4756 ta.
338 4720 399 4756 nom
418 4714 442 4755 et
460 4705 557 4753 breed.
578 4703 689 4751 tertius:
717 4713 781 4749 nom
799 4713 855 4748 eum
874 4708 897 4748 et
915 4699 960 4759 Μ,
990 4715 1053 4752 nam
1072 4716 1128 4751 cam
1147 4702 1177 4751 E.
1214 4703 1269 4754 cfr,
1290 4707 1365 4755 fland
1386 4709 1465 4758 Tur„

149 4780 185 4828 ll.
205 4794 232 4842 p.
251 4776 314 4828 537.
335 4801 365 4811 -
403 4776 446 4825 20.
465 4782 600 4836 noctuque
617 4771 653 4821 bi·
687 4796 719 4806 -
755 4769 797 4818 27.
829 4768 986 4838 φιλολογὶᾳ
1015 4771 1147 4822 Orellius:
1177 4773 1320 4840 philoloqin
1345 4777 1406 4827 ΜΕ.
1436 4801 1467 4814 -

148 4851 193 4900 2³.
212 4852 380 4912 σινζητησει
397 4846 434 4896 Μ.
457 4871 487 4881 -
524 4843 568 4894 38.
586 4839 927 4905 mmeonimiauaoodp
945 4840 982 4892 Μ.
1004 4865 1034 4877 -
1071 4843 1115 4892 ld.
1135 4841 1183 4893 tibi
1200 4841 1254 4908 pn]
1274 4847 1352 4910 repr,
1372 4848 1409 4898 Μ,
