3256 5400
666 225 725 289 ΕΡ.
747 225 799 288 AD
821 225 994 290 atttcuu

666 384 705 448 x.
748 381 797 468 (A.
822 384 855 448 u.
877 384 909 448 c.
931 381 1018 459 τοι.)

665 533 808 599 cronno
828 502 972 596 inico
995 533 1026 594 s

269 675 438 764 Dionysius
451 695 521 740 cum
537 672 576 739 ad
591 694 642 739 mc
657 682 784 760 practer
796 674 977 760 opinionem
993 691 1093 735 meam
1115 670 1268 743 venisset,
1295 671 1419 737 locutus
1436 690 1513 736 sum

189 795 258 840 cum
282 793 321 837 eo
342 768 573 845 liberalissime3
603 778 746 854 tempora
775 768 923 854 exposui3
953 764 1081 849 rogavi,
1103 773 1137 830 ut
1157 765 1288 839 diceret,
1311 764 1386 852 quid
1410 762 1516 829 habe-

165 878 238 932 eret
260 872 291 931 in
314 864 434 937 animo,
467 883 517 927 mc
539 862 616 927 nihii
638 861 677 927 ab
699 861 769 947 ipso
790 861 888 926 invito
910 859 1110 924 contendere.
1153 859 1323 945 Respondit
1344 881 1393 933 se,
1419 854 1512 944 quod

187 960 220 1024 in
242 958 378 1023 nummis
399 955 544 1030 haberet,
573 955 694 1020 nescire
717 975 781 1041 quo
803 953 864 1019 loci
885 962 982 1027 esset,
1012 953 1090 1017 aiios
1112 974 1175 1019 non
1197 954 1336 1026 solvere,
1367 953 1512 1016 aliorum

188 1052 271 1118 diem
294 1049 433 1116 nondum
454 1069 533 1114 esse.
583 1049 670 1115 Dixit
696 1047 789 1112 etiam
819 1047 878 1112 alia
900 1046 1051 1134 quaedam
1074 1046 1113 1111 dc
1141 1046 1273 1112 servulis
1294 1048 1373 1119 suis,
1404 1063 1513 1130 quare

188 1145 352 1212 uobiscum
373 1164 441 1208 csse
462 1166 525 1208 non
547 1153 662 1229 posset.
704 1147 824 1208 Morem
848 1140 945 1225 gessi3
985 1139 1088 1204 dimisi
1114 1161 1132 1204 a
1159 1161 1225 1213 nic,
1263 1149 1297 1204 ut
1318 1138 1513 1224 magistrum

188 1240 390 1311 Ciceronum,
413 1257 475 1301 non
497 1236 655 1312 lubentem
677 1245 712 1301 ut
733 1236 891 1302 hominem
913 1233 1085 1320 ingratum,
1107 1255 1170 1300 non
1191 1233 1314 1299 invitus.
1358 1229 1453 1298 Volui
1479 1238 1513 1291 te

151 1333 285 1413 uscire,
308 1331 384 1418 qnid
406 1352 465 1417 ego
487 1332 616 1397 decim
638 1331 719 1396 tacto
742 1330 923 1396 iudicarem.

655 1529 710 1591 rr.
753 1525 801 1610 (A.
828 1530 860 1592 u.
884 1529 916 1593 c.
939 1526 1028 1605 τοι.)

665 1678 807 1744 cronno
828 1677 972 1742 nrrrco
995 1679 1026 1741 s

275 1825 303 1886 1.
326 1817 420 1898 Quod
440 1839 491 1883 me
513 1837 626 1902 magno
648 1816 745 1882 animi
767 1828 854 1882 motu
875 1814 1091 1902 perturbatum
1112 1826 1217 1903 putas,
1249 1837 1317 1882 snm
1340 1813 1512 1903 equidem,

189 1915 245 1982 sed
266 1936 330 1981 nou
361 1923 425 1981 tam
455 1933 568 1997 magno
603 1933 695 1997 quarn
727 1910 785 1975 tibi
807 1909 939 1974 fortasse
967 1908 1087 1975 videor.
1139 1915 1274 1975 Levatur
1295 1910 1379 1974 enim
1401 1909 1514 1974 omnis

153 2029 279 2084 iecora,
302 2028 373 2073 cum
387 2014 440 2072 aut
454 2006 592 2070 constitit
605 2004 769 2070 consitium
784 2015 837 2070 aut
855 2003 1020 2089 cogitando
1036 2003 1112 2069 nihii
1127 2005 1317 2090 explicatum
1339 2002 1513 2070 lamentari

188 2114 291 2170 autem
307 2102 387 2167 iicet.
407 2100 488 2166 Illud
504 2110 606 2164 tamen
618 2108 700 2165 totos
717 2098 800 2163 dies:
830 2098 917 2172 „Sed
935 2119 1059 2173 vereor,
1082 2119 1131 2174 ne,
1153 2098 1229 2162 nihii
1245 2119 1316 2163 cum
1329 2098 1513 2183 proficiam,

189 2197 281 2260 etiam
300 2194 446 2260 dedecori
470 2193 509 2258 sit
530 2193 639 2258 studiis
661 2213 697 2256 ac
718 2192 828 2257 titteris
850 2192 990 2257 nostris.''
1018 2196 1175 2258 Consumo
1196 2193 1291 2276 igitur
1312 2213 1404 2257 omne
1429 2201 1514 2256 tem·

189 2310 248 2376 pus
268 2287 484 2360 considerans,
508 2297 622 2370 quanta
645 2287 691 2350 ris
713 2286 753 2350 sit
774 2285 857 2350 iilius
879 2285 957 2357 viri,
980 2306 1073 2372 quem
1095 2286 1210 2351 nostris
1232 2285 1318 2351 tibris
1340 2287 1414 2351 satis
1439 2285 1516 2350 diti-

189 2390 317 2466 genter,¹
336 2390 372 2446 ut
392 2378 450 2444 tibi
472 2379 597 2465 quidem
619 2380 782 2452 videmur,
806 2380 1030 2463 expressimus.
1072 2385 1211 2445 Tenesne
1226 2380 1338 2464 igitur,
1361 2379 1515 2444 modera-

151 2485 290 2542 actorem
318 2473 406 2538 illum
433 2473 480 2537 rei
509 2471 652 2558 publicae
675 2494 738 2558 quo
760 2470 882 2537 reterre
904 2472 1036 2537 velimus
1057 2474 1182 2537 omnia?
1215 2478 1289 2537 Nam
1312 2473 1357 2538 sic
1378 2472 1513 2559 quinto,

188 2576 224 2632 ut
245 2567 374 2652 opinor,
397 2566 428 2631 in
449 2565 532 2632 libro
554 2567 694 2651 loquitur
715 2565 837 2651 Scipio:
860 2569 933 2639 „Ut
953 2567 1055 2631 enim
1076 2566 1340 2651 gubernatori
1362 2585 1517 2645 cursus¹

189 2658 399 2733 secundus,
428 2659 579 2723 medico
608 2661 727 2734 salus,
758 2659 997 2744 imperatori
1018 2661 1214 2736 victoria,
1243 2661 1300 2725 sic
1321 2659 1412 2724 huic
1434 2679 1515 2722 mo-

189 2754 372 2820 deratori
400 2752 461 2817 rei
490 2751 683 2837 publicae
711 2751 825 2818 beata
854 2753 1000 2818 civium
1022 2759 1104 2820 vita
1126 2754 1336 2841 proposita
1358 2762 1435 2828 est;
1469 2759 1516 2817 ut

189 2845 330 2933 opibus
358 2846 491 2917 firma,
523 2846 654 2931 copiis
687 2846 891 2931 locuples,
928 2847 1059 2932 gioria
1091 2849 1232 2934 ampla,
1266 2849 1422 2912 virtute
1445 2845 1516 2909 ho-

152 2947 299 3008 aenesta
329 2939 389 3004 sit.
441 2939 562 3004 Huius
592 2940 693 3004 enim
718 2940 854 3026 operis
878 2941 1038 3006 maximi
1058 2943 1166 3007 inter
1187 2942 1365 3007 homines
1387 2951 1514 3025 atque

189 3033 329 3120 optimi
352 3033 462 3099 iilum
484 3054 568 3098 esse
589 3033 863 3118 perfectorem
886 3035 1006 3099 voio.''
1049 3040 1078 3100 2.
1095 3041 1163 3101 Hoc
1178 3041 1296 3103 Cnaeus
1312 3043 1420 3099 noster
1435 3056 1514 3098 cum

189 3137 278 3191 antea
299 3148 471 3214 nunquam,
493 3136 559 3192 tum
581 3133 613 3192 in
634 3126 691 3192 hac
714 3150 805 3193 causa
828 3128 955 3192 minime
970 3129 1127 3213 cogitavit.
1169 3131 1348 3195 Dominatio
1364 3128 1513 3215 quaesita

189 3219 228 3286 ab
250 3230 385 3306 utroque
406 3229 468 3299 est;
497 3242 560 3286 non
588 3220 621 3285 id
653 3232 773 3296 actum,
810 3221 900 3287 beata
922 3231 953 3286 et
975 3222 1103 3288 honesta
1125 3224 1232 3289 civitas
1253 3236 1288 3290 ut
1309 3233 1400 3288 esset.
1444 3227 1515 3286 Nec

189 3336 267 3380 vero
287 3316 340 3379 illc
362 3312 472 3379 urbem
494 3315 635 3401 reliquit,
659 3316 743 3399 quod
766 3337 833 3380 eam
857 3316 937 3381 tueri
959 3336 1022 3381 non
1044 3329 1166 3402 posset,
1189 3340 1247 3383 nec
1268 3319 1397 3390 ltaliam,
1422 3315 1514 3402 quod

153 3429 227 3473 anea
248 3409 432 3494 pelleretur;
465 3407 521 3474 sed
550 3408 609 3473 hoc
638 3431 656 3473 a
682 3411 786 3495 primo
808 3410 972 3494 cogitavit,
1004 3431 1114 3476 omnes
1136 3421 1251 3485 terras,
1280 3412 1385 3476 omnia
1407 3411 1515 3475 maria

190 3522 338 3577 movere,
364 3522 457 3586 reges
477 3501 630 3567 barbaros
651 3503 800 3577 incitare,
829 3514 935 3588 gentes
957 3504 1038 3569 seras
1061 3517 1194 3571 armatas
1211 3501 1248 3571 'in
1270 3504 1388 3570 ltaliam
1410 3503 1516 3568 addu-

189 3615 278 3668 cere,
311 3596 468 3661 exercitus
494 3596 648 3661 conficere
677 3597 841 3662 maximos.
899 3601 1004 3662 Genus
1030 3598 1107 3662 iilud
1131 3599 1249 3664 Sullani
1271 3599 1359 3682 regni
1381 3597 1516 3684 iampri-

189 3688 262 3752 dem
294 3688 468 3773 appetitur,
505 3689 627 3764 multis,
667 3691 720 3774 qui
743 3712 805 3755 una
827 3699 918 3765 sunt,
954 3691 1161 3776 cupientibus.
1218 3699 1266 3758 An
1302 3714 1410 3757 censes
1432 3691 1514 3756 nihii

189 3780 271 3845 inter
299 3802 354 3846 eos
390 3781 575 3857 convenire,
607 3783 723 3848 nuliam
758 3784 931 3869 pactionem
965 3784 1032 3849 fieri
1046 3786 1225 3870 ‚potuisset
1258 3785 1360 3850 Hodie
1395 3793 1514 3871 potest.

153 3873 253 3940 neSed
274 3876 377 3940 neutri
399 3877 521 3952 σκοπὸς
552 3884 599 3940 est
620 3876 692 3951 itte,
725 3886 760 3941 ut
781 3897 838 3942 nos
859 3874 942 3942 beati
971 3879 1086 3958 simus;
1122 3888 1255 3967 uterque
1276 3901 1410 3965 regnare
1432 3879 1514 3944 vult.

191 3973 222 4034 6.
243 3971 329 4034 Haec
350 3991 367 4035 a
390 3980 419 4036 te
442 3970 588 4036 invitatus
609 3968 749 4035 breviter
770 3971 913 4057 exposui.
957 3973 1090 4039 Voluisti
1111 3974 1193 4038 enim
1216 3995 1283 4050 me,
1307 3972 1381 4061 quid
1404 3971 1516 4038 dehis

260 4207 287 4257 5.
305 4203 384 4270 qood]
409 4214 472 4271 quot
490 4208 563 4258 ΜΙιΙ.
596 4231 628 4243 -
663 4209 690 4259 6.
708 4211 738 4258 tn
755 4206 877 4273 nummis]
895 4226 1000 4262 nummo
1017 4212 1049 4271 1,
1077 4214 1106 4261 tn
1122 4212 1270 4261 nominibus
1286 4218 1396 4261 auctore
1416 4211 1517 4261 neseio

191 4290 246 4341 quo
264 4278 335 4341 apud
356 4277 504 4328 Corradum
522 4278 678 4328 Lambinus.
700 4305 727 4316 -
770 4280 879 4331 solveret
896 4281 956 4332 Mn.
979 4307 1007 4319 -·
1045 4282 1072 4332 7.
1091 4295 1151 4333 etse.
1180 4283 1256 4332 Dicit
1273 4285 1352 4331 etiam
1370 4281 1517 4331 Editiouee

191 4353 254 4397 ante
272 4348 433 4398 timerium:
458 4349 605 4399 eaaedtxa't.
642 4351 731 4399 Etiam
755 4365 817 4401 cum
836 4350 951 4402 Graerio
970 4353 1000 4402 E.
1032 4375 1057 4386 -
1097 4355 1123 4404 9.
1142 4353 1209 4401 rotor·
1229 4366 1268 4414 pr·
1287 4353 1328 4412 M,
1347 4352 1417 4400 votot
1436 4365 1516 4402 corr.

190 4418 229 4467 Μ.
247 4441 281 4451 -
319 4419 360 4468 10.
379 4420 443 4468 scire
460 4425 484 4468 et
502 4419 565 4481 quid
582 4419 656 4468 ΜΙΜ.
681 4445 707 4455 -·
745 4423 788 4473 11.
807 4421 830 4471 Α
849 4420 915 4471 Cod.
936 4423 967 4471 Y.
987 4423 1081 4473 uberat
1098 4424 1167 4472 haec
1186 4422 1315 4486 Epistola.
1336 4445 1366 4457 -
1387 4423 1430 4471 15.
1452 4436 1518 4471 coo·

190 4488 260 4537 sistit
287 4487 310 4538 1.
342 4511 371 4522 -
408 4489 518 4537 consitio
547 4496 576 4538 ot
603 4502 643 4551 pr.
675 4490 711 4539 Μ.
736 4517 770 4528 ·-
805 4489 956 4554 tomentort]
975 4499 1062 4543 tomen
1087 4493 1139 4543 lori
1160 4495 1198 4543 Μ.
1236 4493 1402 4550 (Correctum
1422 4493 1519 4541 estin

191 4554 259 4619 mg.)
279 4582 312 4591 -
349 4557 392 4607 16.
420 4555 517 4620 tomen]
545 4565 632 4608 cotem
653 4558 698 4608 tu.
734 4583 767 4598 -·
812 4563 882 4611 diet:
913 4576 1002 4611 vereor
1026 4563 1187 4626 Mataspina.
1211 4587 1241 4599 -
1278 4562 1320 4611 17.
1339 4563 1519 4611 dedecoriaa't

191 4628 284 4676 studita
302 4626 469 4690 Mataspina:
497 4629 626 4678 dedecoris
655 4632 683 4677 tn
712 4633 806 4680 studiis
842 4646 880 4694 pr.
910 4633 955 4692 Μ,
987 4633 1093 4682 dedecor
1120 4635 1169 4682 rtm
1193 4635 1222 4681 tn
1245 4633 1338 4681 studita
1366 4645 1437 4680 corr.
1464 4631 1518 4690 Μ,

191 4699 309 4747 dedecori
337 4701 385 4748 rim
415 4700 507 4747 studiis
533 4699 585 4748 RE.
621 4701 747 4759 (dedecori
771 4704 829 4750 sim.
868 4703 899 4750 tn
922 4703 1015 4751 studiis
1042 4705 1140 4753 nostrie
1158 4717 1279 4752 consumo
1309 4716 1382 4751 omne
1410 4702 1448 4758 1.)
1479 4729 1519 4738 —

192 4768 236 4817 18.
265 4768 338 4816 tibris
363 4780 418 4817 om.
447 4783 486 4831 pr.
515 4769 552 4819 Μ.
583 4794 609 4804 -
651 4771 692 4820 10.
721 4784 749 4819 re
776 4771 797 4820 1.
828 4795 856 4807 -·
894 4772 1010 4821 volumus
1034 4773 1080 4822 nt.
1107 4796 1137 4807 -
1174 4773 1218 4822 26.
1236 4773 1414 4836 perfectiorem
1434 4772 1459 4822 1.
1485 4795 1516 4806 -

192 4837 237 4887 at.
258 4840 423 4888 convenirent
440 4839 523 4888 ottone
541 4851 581 4902 pr.
601 4839 639 4892 Μ.
662 4866 689 4877 -
727 4839 771 4890 36.
790 4842 909 4891 imitatos
928 4842 950 4890 1.
