3256 5400
671 204 732 268 ΕΡ.
753 205 806 268 tn
827 202 999 268 ATTICUII

623 363 733 430 6666.
776 359 831 444 (A.
857 362 888 426 u.
911 362 943 428 6.
963 357 1053 443 666.)

655 484 796 549 CICERO
819 483 963 548 ATTICO
986 482 1018 546 S.

261 594 396 661 Litterae
424 594 501 660 mibi
528 616 547 660 a
576 594 693 672 Quinto
722 593 820 660 fratre
848 614 918 658 cum
947 599 1071 658 senatus
1092 591 1247 667 consulto,
1280 592 1365 679 quod
1388 593 1428 658 de
1453 613 1509 657 me

178 699 224 755 est
245 688 375 763 iactum,
397 687 506 754 allatae
527 697 609 754 sunt.
660 687 736 753 Mihi
757 693 790 752 iu
811 685 916 751 animo
938 694 984 751 est
1005 685 1109 771 legum
1131 685 1276 751 lationem
1298 695 1507 773 exspectare,

154 795 223 858 666,
255 784 281 848 61
303 781 544 857 obtrectabitur‚
572 792 644 847 utar
664 781 848 847 auctoritate
872 789 1000 846 senatus
1023 788 1054 845 et
1073 780 1178 866 potius
1199 780 1263 846 vita
1283 801 1377 867 quam
1400 779 1508 867 patria

177 877 302 943 carebo.
345 882 409 952 Tu,
432 897 563 960 quaeso,
585 875 697 942 festina
718 873 757 940 ad
778 895 836 940 nos
857 872 976 940 venire.

610 1018 736 1081 6666.
778 1015 839 1096 (A.
864 1017 896 1081 6.
919 1017 951 1080 6.
972 1016 1067 1102 666.)

662 1139 804 1203 CICERO
827 1138 969 1202 ATTICO
992 1139 1025 1202 S.

259 1258 308 1319 Ex
329 1252 389 1318 tuis
410 1250 521 1318 litteris
543 1258 636 1316 etex
657 1270 692 1315 re
714 1248 782 1335 ipsa
802 1269 860 1314 nos
882 1247 1020 1315 funditus
1041 1247 1161 1335 perisse
1190 1248 1292 1313 video.
1349 1254 1394 1313 Te
1417 1269 1506 1320 oro,

141 1356 224 1421 6666,
248 1346 361 1434 quibus
383 1347 415 1412 iu
437 1344 533 1411 rebus
554 1344 616 1409 mei
638 1343 684 1410 tui
704 1341 904 1429 indigebunt,
926 1341 1042 1409 nostrie
1063 1341 1197 1410 miseriis
1219 1363 1258 1408 66
1280 1342 1372 1409 desis.
1432 1347 1508 1427 Ego

175 1451 222 1516 66,
246 1451 281 1507 66
300 1439 427 1517 scribis,
449 1441 511 1508 cito
532 1437 657 1507 videbo.

656 2205 1012 2292 emnemp

658 2348 801 2415 cremo
822 2349 965 2413 66666
988 2351 1020 2413 s.

177 2489 201 2551 1.
251 2462 345 2552 Cum
366 2481 501 2568 primum
522 2486 653 2547 Romam
675 2479 746 2544 6661
767 2477 905 2565 fuitque,
934 2483 984 2543 661
1006 2490 1092 2544 66666
1118 2479 1158 2545 ad
1179 2491 1209 2546 66
1230 2481 1349 2547 litteras
1370 2481 1503 2559 darem,

143 2578 254 2643 isnibil
282 2577 371 2663 prius
400 2573 576 2639 iaciendum
603 2573 680 2637 mibi
701 2572 822 2659 putavi.
854 2593 948 2659 quam
969 2583 1005 2638 ut
1026 2572 1081 2638 tibi
1111 2574 1231 2641 absenti
1253 2576 1293 2642 de
1315 2575 1419 2642 reditu
1443 2598 1504 2642 no-

177 2682 243 2736 stro
265 2670 449 2755 gratularer.
507 2671 682 2750 Cognoram
703 2667 787 2731 euim
808 2703 849 2712 -
871 2676 905 2732 ut
926 2689 1001 2733 6666
1023 2667 1159 2734 scribam
1180 2707 1221 2716 —
1244 2680 1273 2735 te
1298 2670 1331 2735 in
1358 2670 1502 2735 consiliis

176 2765 254 2829 mibi
282 2762 391 2828 dandis
412 2781 470 2827 666
498 2759 662 2825 fortiorem
694 2782 752 2825 nec
778 2760 1015 2847 prudentiorem
1043 2784 1136 2847 quam
1168 2784 1218 2828 me
1248 2765 1374 2849 ipsum,
1413 2763 1500 2848 [nec]

177 2859 287 2931 etiam,
320 2878 379 2942 pro
400 2854 567 2942 praeterita
591 2875 659 2918 mea
682 2855 714 2918 in
736 2864 765 2919 66
788 2854 999 2931 observantia,
1021 2857 1150 2921 nimium
1174 2858 1205 2922 iu
1228 2856 1368 2923 custodia
1390 2858 1500 2923 salutis

177 2972 265 3015 meae
295 2950 491 3034 diligentem
525 2947 720 3034 eundemque
743 2958 788 3020 66,
822 2949 875 3036 qui
902 2948 1012 3033 primis
1041 2951 1234 3035 temporibus
1256 2951 1375 3016 erroris
1397 2952 1501 3016 nostri

139 3057 230 3110 66666
252 3050 355 3130 potius
376 3044 493 3108 furoris
515 3042 669 3129 particeps
698 3050 728 3106 et
756 3042 824 3108 salsi
857 3043 979 3108 timoris
1007 3044 1110 3108 socius
1135 3045 1263 3120 luisses,
1297 3045 1499 3111 acerbissime

177 3138 340 3204 discidium
365 3149 505 3202 nostrum
527 3136 633 3201 tulisse
654 3136 885 3223 plurImumqne
908 3157 1040 3220 operae,
1063 3137 1174 3212 studii,
1196 3137 1388 3222 diligentiae,
1411 3139 1500 3204 labo-

176 3237 220 3297 ris
248 3231 287 3296 ad
316 3229 540 3296 conficiendum
569 3229 702 3296 reditum
733 3251 836 3294 meum
861 3230 1038 3298 contulisse.
1081 3235 1112 3294 2.
1135 3236 1240 3318 ltaque
1263 3231 1322 3296 boc
1344 3231 1399 3297 tibi
1422 3254 1499 3297 6666

177 3328 314 3401 61116666,
343 3327 375 3390 in
404 3325 540 3388 maxima
561 3323 678 3388 laetitia
705 3334 736 3387 66
763 3325 996 3409 exoptatissima
1024 3323 1230 3409 gratulatione
1258 3346 1354 3389 unum
1383 3324 1420 3389 ad
1445 3348 1500 3392 eu·

177 3420 357 3485 mutandum
384 3418 531 3504 gaudium
559 3427 758 3504 conspectum
786 3428 841 3483 aut
868 3419 971 3503 potius
999 3419 1197 3504 complexum
1224 3419 1299 3482 mibi
1326 3429 1414 3483 tuum
1444 3420 1501 3484 de-

140 3513 289 3586 afuisse,
312 3535 405 3598 quem
427 3511 523 3576 semel
545 3521 651 3576 666666
673 3533 831 3597 nunquam
854 3511 1018 3591 dimiser0;
1042 3533 1087 3584 66,
1111 3512 1169 3576 nisi
1184 3517 1276 3576 ctiam
1298 3513 1501 3597 praetermis-

177 3628 230 3672 sos
252 3606 371 3671 lructus
400 3616 471 3670 tuae
495 3606 653 3670 suavitatis
681 3605 841 3691 praeteriti
864 3605 1013 3689 temporis
1035 3626 1144 3669 omnes
1166 3626 1320 3689 exegero,
1354 3607 1500 3692 prolecto

177 3699 235 3765 bac
261 3700 457 3764 restitutione
486 3699 630 3764 fortunae
658 3721 708 3763 mc
739 3699 806 3783 ipse
836 3721 897 3763 666
926 3699 999 3763 satis
1028 3699 1154 3782 dignum
1184 3698 1339 3764 iudicabo.
1383 3706 1413 3764 3.
1436 3706 1499 3764 Nos

177 3793 279 3858 adbuc
300 3794 330 3857 in
353 3804 461 3858 nostro
483 3804 579 3866 statu,
602 3792 687 3879 quod
710 3791 886 3856 difficillime
909 3793 1088 3877 recuperari
1104 3814 1195 3877 posse
1217 3791 1358 3857 arbitrati
1373 3815 1497 3868 sumus,

178 3887 376 3974 splendorem
406 3897 546 3951 nostrum
576 3886 663 3950 illum
690 3884 847 3950 sorensem
876 3894 907 3949 et
932 3886 964 3949 in
986 3897 1094 3950 senatu
1116 3886 1332 3950 auctoritatem
1363 3897 1393 3950 et
1415 3886 1497 3971 apud

246 4067 273 4117 5.
293 4075 317 4117 66
335 4073 397 4117 6666
415 4068 438 4116 st
456 4080 511 4116 om.
530 4067 551 4116 1.
574 4090 604 4101 -
641 4065 814 4115 obtrectatore
830 4066 861 4115 11.
893 4089 923 4102 ·-
959 4064 1496 4129 6666]66666,,1111”166661166666.

178 4136 273 4186 Lamb.
312 4162 342 4173 -
378 4138 519 4188 6666166.
539 4135 588 4186 661.
610 4137 774 4185 66166666.
794 4135 815 4184 1.
851 4160 882 4171 -
919 4137 961 4185 10.
982 4137 1100 4186 66666616
1117 4136 1284 4200 indulpebant
1302 4136 1347 4196 bl,
1380 4139 1419 4184 tut
1436 4139 1499 4186 meis

177 4208 346 4271 tndntpeount
365 4209 404 4265 11,
424 4210 464 4256 tut
482 4210 530 4256 met
547 4207 700 4270 indntpeunt
718 4206 740 4255 I.
762 4230 790 4241 —
829 4206 872 4255 11.
892 4207 997 4255 videbo:
1014 4206 1094 4268 pluro
1111 4221 1166 4255 666
1182 4207 1276 4256 scribo·
1315 4206 1385 4257 Coro
1404 4215 1433 4256 66
1452 4221 1498 4255 66-

178 4277 241 4326 1666.
263 4279 284 4326 Ι.
315 4303 346 4311 -
386 4276 688 4341 161666616661,
715 4276 767 4339 [666
792 4276 982 4326 6661666611.
1014 4301 1047 4310 —
1083 4277 1125 4326 15.
1145 4277 1292 4341 {aciendnm
1306 4279 1382 4338 prins
1401 4276 1432 4325 11.
1466 4301 1494 4312 -

178 4347 243 4396 mibi
260 4348 406 4411 [6666666666
425 4347 447 4395 I.
468 4372 500 4383 —
537 4346 580 4396 16.
601 4346 714 4411 Cognoui
732 4346 755 4393 1.
779 4369 803 4379 -
837 4347 904 4394 enim
923 4353 946 4395 66
964 4360 1031 4395 vere.
1068 4346 1185 4396 Scribam
1201 4346 1260 4395 1111.
1300 4344 1343 4408 (nt
1361 4361 1419 4396 vere
1435 4347 1497 4394 6666·-

178 4417 238 4467 bom
256 4431 310 4478 mg.
331 4416 379 4471 bl.)
409 4442 437 4453 -
477 4417 519 4466 17.
538 4418 634 4465 dandis
651 4417 801 4480 fortiorem:
828 4417 1023 4477 prudentiorem
1042 4416 1064 4464 1.
1095 4439 1123 4452 -
1158 4431 1203 4465 666
1220 4421 1284 4465 aute
1301 4419 1380 4466 666666
1398 4430 1453 4465 om.
1475 4416 1496 4464 1.

180 4486 380 4537 secludendum
400 4488 549 4536 videbatur.
568 4487 618 4536 On·
639 4509 665 4519 -
695 4487 737 4534 18.
757 4493 865 4547 propter
881 4488 921 4536 166
938 4500 1023 4537 meam
1039 4488 1068 4534 io
1085 4492 1108 4535 66
1127 4485 1317 4536 observantiam
1336 4487 1371 4546 Z,
1389 4493 1499 4549 propter

179 4559 309 4607 66666616
327 4565 351 4608 66
370 4558 560 4607 observantium
577 4556 651 4607 blltl.
670 4555 862 4611 (Emendatum
881 4561 921 4605 666
938 4570 970 4606 er
988 4556 1031 4614 Y.)
1051 4579 1081 4591 -
1116 4555 1160 4605 20.
1180 4558 1260 4605 666666
1277 4557 1352 4607 111111.
1390 4555 1499 4618 (Emen-

182 4629 254 4677 dnrit
273 4628 307 4677 11.
326 4624 500 4691 Stephanus.)
524 4652 553 4663 -
592 4623 703 4687 61666666]
723 4628 835 4675 rumores
853 4626 927 4676 MRI.
964 4625 1498 4685 (11666666666666616666.66661666

182 4697 335 4751 1111666161.)
363 4723 391 4734 —
439 4699 482 4746 21.
502 4697 636 4745 dimidium
662 4696 737 4746 161111.
775 4691 928 4756 (discidium
947 4709 1001 4758 mg.
1020 4691 1078 4756 bl.)
1111 4719 1133 4728 .,
1176 4694 1220 4744 nt.
1240 4696 1387 4758 omptemtm
1405 4697 1436 4745 11.
1466 4720 1497 4731 -

182 4767 227 4817 26.
257 4775 345 4817 ructus
364 4775 421 4817 6666
440 4775 499 4817 tuoe
516 4766 562 4816 111.
596 4793 625 4802 -
660 4768 799 4828 praeteriti
818 4768 940 4829 temporis
958 4766 1066 4815 seclusit
1085 4765 1231 4814 1166666166.
1264 4791 1291 4801 -
1330 4766 1372 4814 28.
1392 4765 1498 4831 diffieil-

182 4769 261 4900 timei
270 4838 373 4904 dlfpcile
390 4852 429 4888 me
447 4837 506 4888 tin.
530 4859 556 4869 -
594 4837 637 4886 29.
657 4837 797 4898 1666666666
815 4836 851 4886 II.
