3256 5400
651 229 726 293 bill.
747 230 801 294 111.
845 230 904 293 uit.
926 228 958 293 4.

625 389 677 451 rv.
721 385 770 470 (A.
797 389 830 451 n.
853 390 885 452 c.
907 384 994 469 mv)

484 502 526 564 u.
548 499 692 565 crosno
715 500 746 564 e.
768 504 806 564 n.
828 502 913 565 sun.
936 502 1123 564 summo.

230 617 257 677 1.
285 613 413 699 Accipio
444 615 679 677 excusationem
708 621 811 684 tuam,
840 630 902 697 qua
932 631 1007 675 usus
1035 631 1086 683 es,
1122 630 1180 675 eur
1206 613 1331 695 saepius
1357 610 1397 676 ad
1417 630 1470 677 ms

142 705 261 772 litteras
289 725 354 771 uno
385 702 533 788 exemplo
559 702 720 781 dedisses;
753 704 809 769 sed
835 707 956 790 accipio
978 723 1018 767 ex
1041 724 1078 767 ea
1100 713 1206 789 parte,
1243 713 1396 790 quatenus
1416 713 1470 770 aut

142 800 330 885 negligentia
351 806 404 863 aut
426 794 627 883 improbitate
649 818 777 872 eorum,
807 803 860 885 qui
883 797 1031 884 epistolas
1054 800 1225 884 accipiant,
1253 796 1321 862 lieri
1342 794 1493 871 scribis·

141 916 182 959 ne
203 892 243 958 ad
264 914 322 958 uos
342 891 558 978 perferantur:
583 890 667 956 illam
691 900 813 977 partem
836 894 1062 965 excusationis,
1085 899 1199 977 quate
1221 889 1332 957 acribia
1353 894 1470 956 oratio-

142 993 190 1054 nis
217 994 461 1073 paupertate-
486 988 635 1050 sicenim
663 984 800 1071 appellas
832 1021 873 1031 -
905 982 1016 1049 iisdem
1039 982 1143 1049 verbis
1170 983 1318 1071 epistolas
1345 987 1470 1070 saepius

142 1086 279 1154 mittere,
301 1101 360 1144 nec
381 1099 478 1144 nosco
498 1098 556 1142 nec
577 1074 690 1163 probo.
735 1082 773 1142 Et
794 1098 855 1163 ego
876 1082 961 1164 ipse,
984 1099 1078 1163 quem
1098 1086 1132 1142 tu
1154 1099 1212 1163 per
1232 1083 1339 1147 iocum
1362 1083 1470 1145 -sio

141 1179 225 1240 enim
246 1178 367 1260 accipio
400 1207 441 1218 -
468 1171 591 1238 divitias
613 1175 764 1236 orationis
787 1170 903 1236 babere
926 1170 1020 1246 dicis,
1049 1192 1100 1237 me
1128 1193 1191 1236 non
1211 1194 1281 1239 esse
1296 1172 1470 1240 verborum

141 1267 311 1333 admodum
325 1272 453 1353 inopem
468 1272 620 1352 agnosco:
643 1266 873 1352 εἰρωνεύεσθαι
888 1269 972 1330 enim
988 1285 1050 1329 non
1065 1285 1192 1330 necesse
1206 1275 1270 1332 est:
1295 1267 1351 1333 sed
1364 1274 1468 1332 tamen
1481 1278 1506 1317 ¹·

141 1361 224 1427 idern
247 1395 287 1407 -
309 1380 367 1425 nec
393 1360 453 1425 boc
470 1361 716 1443 εἰρωνευόμενος
747 1394 786 1406 -
816 1357 905 1425 iacile
928 1356 1007 1423 cedo
1031 1367 1158 1423 tuorum
1182 1364 1373 1447 scriptorum
1395 1358 1469 1425 sub-

140 1455 240 1520 tilitati
263 1463 294 1519 et
316 1454 497 1539 elegantiae.
540 1456 570 1518 2.
593 1453 765 1520 Consilium
785 1460 890 1527 tuum,
913 1472 978 1538 quo
1000 1461 1030 1517 te
1052 1474 1144 1517 usum
1160 1451 1271 1518 scribis
1287 1453 1347 1518 boc
1361 1451 1471 1518 Achai·

141 1570 212 1614 cum
244 1547 405 1632 negotium
434 1568 497 1612 nou
525 1552 735 1621 remeavisse,
764 1567 836 1611 curn
863 1566 990 1632 semper
1011 1545 1245 1632 probavissem,
1281 1556 1348 1611 tum
1370 1545 1469 1611 multo

141 1644 240 1727 magis
267 1639 400 1726 probavi
430 1641 517 1706 lectis
545 1645 606 1705 tuis
634 1641 789 1726 proximis
815 1640 938 1705 litteris.
988 1642 1107 1704 Omnes
1131 1645 1214 1705 enirn
1242 1660 1368 1711 causae,
1391 1658 1469 1725 quas

140 1754 385 1807 commemoras,
409 1738 597 1799 iustissimae
619 1743 691 1799 sunt
718 1743 833 1820 tuaque
855 1743 886 1798 et
905 1738 1093 1799 auctoritate
1115 1745 1146 1798 et
1166 1732 1331 1820 prudentia
1353 1732 1507 1818 dignis-¹⁸

141 1834 249 1894 sinvae.
294 1828 388 1906 Quod
419 1827 510 1892 aliter
539 1822 697 1892 cecidisse
718 1848 786 1892 rem
809 1831 969 1892 existimas
997 1836 1090 1913 atque
1112 1826 1257 1912 opinatus
1279 1831 1335 1901 sis,
1356 1824 1390 1891 id
1411 1823 1467 1890 tibi

144 1922 229 1987 nullo
252 1921 349 1987 modo
371 1925 536 1986 assentior.
580 1918 642 1986 Sed
664 1926 738 2007 quia
761 1930 844 1986 tauta
858 1919 1055 2006 perturbatio
1077 1929 1108 1984 et
1130 1920 1273 1984 eortiusio
1287 1927 1334 1983 est
1350 1938 1468 1989 rerum,

143 2020 184 2080 ita
218 2014 363 2101 perculsa
396 2024 428 2079 et
456 2022 612 2101 prostrata
641 2012 826 2080 foedissimo
853 2013 937 2080 bello
965 2019 1065 2079 iacent
1097 2017 1216 2087 omnia,
1249 2021 1284 2077 ut
1305 2015 1332 2076 is
1354 2015 1468 2098 cuique

143 2110 245 2182 loeus,
267 2107 322 2173 ubi
344 2112 411 2192 ipse
434 2113 489 2182 sit,
512 2118 544 2172 et
565 2106 624 2172 sibi
646 2112 779 2194 quisque
802 2112 997 2173 miserrimus
1027 2128 1096 2172 esse
1119 2105 1278 2178 videatur,
1300 2114 1468 2192 propterea

143 2213 174 2267 et
195 2207 239 2267 tui
262 2202 384 2267 consilii
407 2207 547 2287 poenitet
576 2210 606 2265 te
628 2210 659 2265 et
688 2222 762 2274 uos,
791 2206 845 2288 qui
868 2201 952 2267 domi
976 2222 1101 2274 sumus,
1125 2198 1180 2265 tibi
1201 2196 1284 2263 beati
1307 2197 1506 2273 videmuntt

143 2303 304 2361 utcontra
327 2293 417 2360 nobis
439 2316 503 2360 non
524 2305 558 2360 tu
580 2294 708 2382 quidem
731 2316 847 2361 vacuus
869 2296 1036 2371 molestiis,
1059 2293 1115 2359 sed
1137 2314 1213 2380 prae
1235 2289 1327 2357 nobis
1347 2289 1467 2357 beatam

142 2396 241 2477 Atque
268 2389 329 2453 boc
359 2389 428 2475 ipso
456 2389 569 2454 melior
597 2397 645 2452 est
672 2399 724 2454 tua
752 2410 847 2475 quarn
875 2399 983 2455 nostra
1010 2387 1172 2462 condicio,
1202 2385 1288 2473 quod
1314 2395 1363 2460 tn,
1391 2385 1466 2473 quid

141 2484 260 2557 doleat,
283 2480 423 2547 scribere
451 2483 567 2555 audes,
597 2503 655 2547 nos
678 2503 717 2546 ne
738 2482 769 2547 id
792 2483 918 2569 quidem
941 2490 1008 2549 tuto
1029 2501 1212 2567 possumus:
1235 2499 1294 2544 nec
1316 2477 1350 2544 id
1369 2483 1469 2544 victo-

140 2582 184 2642 ris
204 2581 300 2650 vitio,
323 2597 388 2663 quo
411 2576 486 2641 nibil
508 2575 716 2653 moderatius,
746 2574 801 2640 sed
831 2579 929 2662 ipsius
951 2578 1116 2648 victoriae,
1138 2592 1220 2660 qnae
1242 2569 1386 2637 civilibus
1402 2571 1469 2636 bel·

139 2670 178 2735 iis
199 2690 325 2755 semper
346 2679 393 2735 est
415 2669 562 2734 insolens.
617 2673 647 2733 3.
672 2672 738 2733 Uno
760 2677 790 2732 te
812 2673 962 2740 vicimus,
985 2666 1071 2754 quod
1092 2664 1132 2732 de
1153 2664 1307 2737 Marcelli,
1329 2663 1506 2750 colegno

140 2767 201 2838 tui,
234 2763 334 2828 salute
355 2764 462 2850 paullo
483 2771 555 2828 ante
577 2783 672 2848 quam
694 2770 727 2827 tu
750 2766 969 2846 eognovimus;
1004 2764 1098 2825 etiam
1126 2757 1327 2832 mehercule,
1364 2757 1466 2845 quod,

140 2855 405 2945 quemadmodum
438 2877 475 2921 ea
504 2876 556 2922 res
585 2865 747 2940 ageretur,
777 2854 923 2920 vidimus.
959 2858 1035 2919 Nam
1061 2856 1107 2918 sic
1127 2850 1178 2917 iac
1197 2855 1375 2917 existimes:
1398 2860 1468 2937 post

139 2951 195 3015 bas
221 2953 380 3024 miserias,
415 2949 447 3015 id
474 2957 536 3026 est,
573 2956 740 3036 postquam
767 2953 864 3013 armis
891 2944 1058 3033 disceptari
1087 2954 1234 3032 coeptum
1262 2950 1303 3011 sit
1330 2944 1370 3010 de
1399 2951 1468 3011 inre

139 3043 283 3132 publico,
315 3042 392 3109 nibil
413 3064 483 3109 esse
503 3052 608 3108 actum
631 3041 716 3107 aliud
738 3063 810 3106 cum
839 3041 997 3126 dignitate.
1040 3044 1119 3105 Nam
1140 3048 1173 3104 et
1193 3039 1262 3124 ipse
1283 3043 1397 3106 Caesar
1418 3060 1469 3104 nc·

139 3148 245 3204 cusata
266 3135 435 3203 acerbitate
462 3137 661 3201 Marcelli-
686 3135 731 3200 sic
753 3135 838 3200 enim
861 3133 1037 3221 appellabat
1068 3171 1109 3181 —
1137 3132 1322 3219 laudataque
1341 3132 1505 3198 honori-⁸⁰

140 3232 339 3298 licentissime
360 3240 391 3295 et
411 3234 568 3316 aequitate
591 3239 644 3294 tua
672 3237 705 3293 et
733 3228 916 3315 prudentia,
953 3237 1083 3313 repente
1108 3234 1236 3312 praeter
1257 3247 1344 3313 spem
1367 3225 1467 3296 dixit,

140 3347 201 3400 „se
224 3329 345 3391 senatui
367 3328 490 3408 roganti
523 3322 563 3387 de
585 3322 733 3388 Marcello
761 3343 801 3386 ne
828 3321 964 3385 bominis
992 3320 1119 3407 quidem
1140 3340 1233 3385 eausa
1254 3322 1469 3404 negaturum.”

137 3425 269 3485 Fecerat
290 3425 394 3484 autem
415 3417 478 3482 boc
499 3425 639 3490 senatus,
673 3425 728 3489 ut,
758 3437 829 3481 cum
851 3436 869 3479 a
890 3419 925 3480 L.
949 3415 1060 3479 Pisone
1081 3417 1201 3478 mentio
1223 3421 1306 3479 esset
1321 3410 1405 3476 ⁴lacta
1428 3411 1468 3477 de

139 3513 289 3580 llarcello
310 3520 342 3576 et
363 3530 433 3575 cum
456 3514 488 3576 C.
521 3510 686 3575 Marcellus
714 3531 747 3574 se
770 3508 808 3574 ad
831 3512 973 3574 Caesaris
1001 3507 1096 3594 pedes
1118 3505 1303 3579 abiecisset,
1339 3514 1468 3571 cunctus

136 3614 346 3691 consurgeret
367 3612 398 3668 et
419 3602 458 3667 ad
480 3607 645 3669 Caesarem
667 3603 800 3688 supplex
824 3602 996 3666 accederet.
1046 3601 1115 3665 Noli
1137 3620 1305 3686 quaerere:
1328 3603 1370 3664 ita
1393 3598 1506 3663 ninia

140 3699 271 3787 pul'cber
299 3698 350 3763 bic
381 3696 562 3762 dies-visus
590 3704 658 3770 est,
686 3707 721 3761 ut
748 3701 884 3782 speciem
918 3695 1053 3781 aliquam
1080 3693 1208 3759 viderer
1243 3692 1352 3758 videre
1379 3696 1467 3779 quasi

139 3793 359 3860 reviviscentis
379 3791 428 3855 rei
449 3790 602 3876 publicae.
652 3794 683 3856 l.
706 3794 813 3876 ltaque
836 3811 907 3854 cum
929 3810 1039 3854 omlnes
1066 3796 1137 3852 ante
1160 3808 1209 3852 me
1231 3786 1332 3869 rogati
1354 3791 1468 3870 gratius

140 3892 265 3955 Caesari
288 3893 423 3972 egissent
444 3894 570 3971 praeter
592 3885 766 3950 Volcatium
790 3918 828 3930 -
850 3883 876 3948 is
898 3887 997 3955 enim,
1021 3887 1046 3947 si
1068 3902 1107 3946 eo
1129 3881 1199 3946 loco
1214 3887 1309 3949 esset,
1332 3878 1467 3962 negavit,

141 4002 175 4046 se
197 3980 352 4045 iacturum
374 3981 470 4046 luisse
489 4015 540 4054 —,
563 3999 624 4064 ego
645 3986 774 4063 rogatus
792 3983 908 4043 mutavi
924 3996 1028 4041 meum
1043 3975 1218 4040 eonsilium.
1261 3979 1338 4038 Nam
1354 3982 1468 4038 statue-

139 4095 223 4145 ram,
246 4093 309 4137 non
332 4073 510 4138 mehercule
532 4072 645 4137 inertia
666 4071 721 4137 sed
744 4071 901 4136 desiderio
928 4075 1077 4156 pristinae
1101 4067 1272 4153 dignitatis,
1301 4073 1333 4133 in
1355 4074 1505 4153 perpe-⁴⁰

140 4178 229 4234 tuum
251 4178 365 4232 tacere.
410 4167 514 4252 Fregit
540 4166 600 4231 boc
629 4187 734 4231 meum
761 4164 924 4229 consilium
953 4173 984 4227 et
1006 4167 1146 4229 Caesaris
1168 4162 1350 4245 magnitudo
1372 4164 1465 4225 animi

140 4273 172 4326 et
193 4270 318 4327 senatus
340 4260 491 4327 officium.
543 4265 650 4347 ltaque
681 4257 824 4343 pluribus
846 4255 951 4322 verbis
975 4256 1025 4341 egi
1049 4260 1174 4322 Caesari
1195 4256 1330 4340 gratian
1355 4274 1468 4339 meque

140 4364 248 4421 metuo
270 4376 309 4420 ue
331 4355 426 4419 etiam
446 4354 480 4419 in
502 4354 615 4417 ceteris
636 4351 732 4418 rebus
752 4352 884 4417 honesto
906 4350 971 4417 otio
986 4350 1151 4435 privarim‚
1174 4348 1260 4435 quod
1282 4357 1349 4412 erat
1370 4367 1466 4412 unum

141 4449 285 4514 solatium
323 4448 354 4513 in
383 4446 482 4512 malis.
541 4446 602 4511 Sed
629 4456 746 4522 tamen,
780 4445 927 4532 quoniam
950 4443 1045 4528 effugi
1067 4443 1135 4509 eius
1156 4443 1378 4515 offensionem,
1413 4438 1465 4526 qui

211 4612 255 4663 15.
274 4619 298 4662 st
314 4612 456 4674 praedestin
475 4615 500 4659 st
517 4610 668 4674 dignissime
686 4608 723 4660 Μ.
746 4634 776 4644 -
796 4609 838 4659 111.
857 4616 880 4658 st
895 4607 1087 4657 Lueuemann:
1118 4612 1146 4655 nt
1162 4605 1222 4655 llll.
1244 4629 1273 4640 -
1301 4604 1344 4654 20.
1365 4602 1467 4652 comitii

141 4685 254 4746 poenitet
273 4689 297 4732 ts
317 4681 361 4731 ll:
381 4688 406 4731 te
423 4680 525 4730 emesitii
542 4681 658 4742 poenitet
676 4678 754 4729 11.-
790 4679 834 4728 at.
854 4677 914 4743 qim]
940 4678 1008 4741 quod
1027 4677 1063 4726 ll.
1083 4698 1116 4710 -
1151 4676 1466 4725 messanensem

143 4752 265 4802 lirnestio
284 4751 542 4815 discripsit-Lagona,
562 4755 588 4798 et
608 4751 646 4799 sie
664 4749 791 4799 imbros.
812 4755 875 4798 tros.
907 4777 934 4788 -
962 4747 1006 4796 26.
1026 4745 1170 4797 etiamercts
1188 4744 1226 4794 Μ.
1255 4766 1283 4779 -
1306 4743 1349 4792 28.
1369 4745 1404 4792 ait
1421 4742 1465 4791 lt:

141 4829 178 4871 est
197 4821 227 4872 li.
249 4821 343 4871 -31,
363 4822 497 4870 neonium
517 4834 555 4883 pr.
578 4821 621 4877 lti,
640 4834 672 4870 ne
691 4821 784 4869 ominis
803 4819 841 4868 l'b
860 4834 921 4870 essm
936 4831 1007 4869 corr.
1027 4816 1065 4867 ll.
1082 4839 1111 4850 -
1131 4812 1465 4871 memoriensem,

143 4898 169 4943 ut
190 4892 249 4941 tin.
268 4892 296 4943 1.
317 4905 361 4954 ep.
383 4892 425 4941 15.
441 4915 471 4926 -
492 4890 536 4941 ld.
556 4890 606 4941 Sed
623 4897 710 4940 tumeo
729 4915 738 4926 ·
756 4914 766 4925 ·
785 4891 877 4939 stodiis
895 4889 1007 4942 serviom
1026 4885 1115 4936 attulit
1133 4883 1238 4935 Gellius
1256 4884 1304 4940 la,
1325 4883 1367 4932 tt.
