3256 5400
179 236 242 302 591
666 234 725 298 ΕΡ.
746 237 800 299 ΑΙ)
821 237 994 302 ATTICUM

179 395 311 472 „omnia
338 390 601 479 proficiscentur.”
652 394 715 458 Cur
735 399 838 457 autem
860 397 940 457 sext
976 394 1086 469 „Quia
1107 391 1273 459 duodecim
1293 392 1401 470 nolui;
1425 410 1509 455 nam

179 486 318 556 licebat.'‘
374 489 421 549 lo.
443 488 522 561 Tum
544 504 619 569 ego,
647 488 748 562 Quam
769 487 898 561 vellem,
934 486 1077 571 inquam,
1113 487 1228 572 petisse
1249 487 1288 552 ab
1311 508 1371 558 eo.
1410 482 1509 572 quod

179 583 272 649 audio
293 580 466 664 Philippum
487 579 683 663 impetrasse!
718 578 911 644 sedveritus
933 600 1017 653 sum,
1054 579 1128 665 quia
1149 579 1201 644 ille
1223 600 1241 644 a
1264 602 1315 646 me
1336 580 1418 645 nihil
1442 579 1509 643 im-

178 674 329 762 petrabat.
379 671 590 747 ‚‚Libenter'’‚
617 673 736 756 inquit.
767 671 851 746 „tibi
874 673 1091 737 concessisset.
1139 679 1257 739 Verum
1285 683 1362 761 puta
1384 683 1417 738 te
1441 673 1508 738 im-

155 779 329 855 apctrasse;
362 786 421 858 ego
450 765 532 829 enim
559 764 598 829 ad
624 787 696 829 eum
717 765 872 841 scribam,
914 759 1005 831 ut'tu
1026 767 1094 853 ipse
1115 767 1221 840 voles,
1258 766 1297 831 de
1319 788 1357 832 ea
1380 787 1417 830 re
1443 785 1507 830 nos

177 863 335 926 internos
357 859 487 924 locutos.
541 858 622 935 Quid
645 869 748 925 autem
769 859 854 924 illius
876 860 1019 933 interest,
1047 860 1192 946 qnoniam
1213 860 1246 924 in
1268 870 1412 925 senatum
1436 879 1507 924 oon

176 955 278 1027 venis,
314 951 369 1017 ubi
398 953 459 1017 sisi
493 952 577 1030 Quin
606 973 687 1017 nunc
715 953 819 1038 ipsum
842 953 971 1017 minime
995 953 1179 1019 offendisses
1202 954 1269 1019 eins
1290 974 1436 1027 cansam,
1476 952 1507 1018 si

177 1048 209 1112 in
230 1047 316 1114 ltalia
337 1068 400 1112 non
421 1045 560 1111 luisses.”
603 1045 648 1110 lld
670 1068 750 1133 quae
772 1067 847 1131 ego,
871 1067 921 1110 me
943 1068 1103 1113 recessum
1125 1058 1156 1112 et
1177 1047 1378 1113 solitudinem
1401 1068 1506 1134 quac-

177 1163 264 1217 rere‚
286 1141 423 1207 maxime
444 1139 529 1225 quod
549 1139 675 1204 lictores
697 1139 855 1204 haberem.
897 1140 1049 1205 Laudavit
1072 1141 1247 1206 consilium.
1292 1141 1380 1219 Quid
1402 1161 1503 1225 orgo,

143 1241 327 1323 uinquam?
360 1254 430 1297 nam
457 1233 534 1297 mibi
561 1253 671 1298 cursus
692 1233 724 1298 in
748 1233 909 1299 Graeciam
930 1254 988 1318 per
1010 1243 1093 1298 tuam
1114 1234 1307 1319 provinciam
1330 1244 1394 1306 est,
1418 1254 1505 1320 quo-

178 1330 261 1394 niam
283 1327 322 1392 ad
343 1348 430 1391 mare
451 1347 600 1411 superum
616 1326 728 1390 milites
743 1336 824 1391 sunt.
867 1326 981 1403 „Quid
1002 1327 1117 1402 mibi’'‚
1141 1328 1256 1411 inquit,
1278 1331 1504 1414 „optatiusi”

177 1427 245 1488 lloc
266 1424 336 1487 loco
358 1421 452 1486 multa
474 1420 709 1505 perliberaliter.
752 1424 835 1503 Ergo
857 1420 917 1484 boc
938 1420 1064 1505 quidem
1088 1431 1135 1485 est
1155 1420 1347 1505 proiectum,
1372 1433 1407 1489 ut
1432 1443 1502 1487 non

178 1515 273 1581 modo
300 1524 367 1581 tuto
395 1534 504 1577 verum
526 1513 619 1578 etiam
640 1513 740 1598 palam
766 1513 992 1597 navigaremus.
1055 1519 1103 1579 11.
1126 1515 1255 1600 Reliqua
1277 1515 1309 1578 in
1331 1527 1503 1600 posterum

179 1610 261 1674 diem
292 1607 421 1683 distulit;
458 1627 499 1670 cx
529 1605 642 1692 quibus
671 1605 805 1670 scribam
826 1606 866 1671 ad
888 1617 934 1681 te,
978 1608 1003 1672 si
1026 1608 1100 1693 quid
1123 1608 1183 1672 erit
1202 1608 1332 1693 epistola
1356 1607 1503 1693 dignum.

144 1707 256 1768 :⁵Sunt
287 1712 405 1774 autem,
439 1721 518 1786 quae
549 1700 711 1785 praeterii:
748 1699 1004 1784 interregnumne
1033 1711 1114 1766 esset
1146 1710 1399 1786 exspectaturum
1441 1723 1502 1776 an,

93 1806 104 1826 '
179 1795 337 1884 quomodo
359 1795 475 1861 dixerit
495 1794 546 1859 ille
568 1795 711 1880 quidem.
734 1794 773 1858 ad
796 1815 829 1859 sc
852 1794 970 1862 deferri
992 1796 1202 1869 consulatum.
1224 1795 1279 1860 sed
1301 1816 1335 1859 se
1358 1795 1446 1860 nolle
1467 1794 1503 1860 in

177 1891 357 1977 proximum
379 1909 502 1953 annum.
545 1893 583 1953 Et
604 1889 662 1953 alia
683 1898 771 1962 sunt,
795 1909 875 1974 quae
899 1889 1073 1976 exquiram.
1115 1887 1241 1953 Iurabat
1262 1888 1302 1953 ad
1323 1910 1502 1963 summam,

178 1983 264 2072 quod
292 1985 378 2049 nullo
404 1982 531 2074 negotio
553 1983 717 2063 †lacerel‚
747 1982 968 2047 amicissimum
991 1981 1068 2046 mibi
1091 1987 1253 2048 Gaesarem
1275 2002 1343 2046 esse
1367 1980 1502 2046 debere.

179 2077 291 2157 „Quid
319 2079 441 2150 enim”‚
472 2077 590 2162 inquit,
619 2075 771 2160 „scripsit
796 2074 835 2139 ad
866 2096 917 2139 me
944 2075 1149 2141 Dolabella''l
1179 2111 1217 2122 —
1240 2077 1310 2149 Dic,
1333 2074 1436 2161 quid?
1459 2108 1503 2121 -

141 2172 357 2237 aolffirmabat
383 2193 455 2236 eum
484 2170 660 2255 scripsisse,
696 2167 783 2255 quod
811 2189 861 2232 me
891 2178 1018 2255 cuperet
1045 2168 1085 2233 ad
1113 2169 1224 2233 urbem
1245 2175 1370 2244 venire,
1407 2170 1502 2234 illum

179 2265 303 2352 quidem
325 2265 439 2350 gratias
460 2284 554 2348 agere
575 2263 727 2327 maximas
749 2271 781 2325 ot
800 2282 864 2326 non
887 2262 983 2327 modo
1003 2261 1139 2347 probare
1161 2262 1216 2327 sed
1238 2263 1330 2327 etiam
1346 2263 1502 2347 gaudere.

179 2360 263 2436 Quid
292 2364 435 2445 quaeris?
462 2356 620 2443 dcquievi.
672 2360 787 2420 Levata
817 2363 864 2419 est
890 2356 974 2420 enim
1001 2356 1136 2440 suspicio
1164 2357 1216 2421 illa
1237 2356 1401 2422 domestici
1425 2357 1502 2421 mali

178 2462 209 2517 et
230 2453 383 2517 sermonis
415 2450 559 2514 llirliani.
614 2453 716 2527 Quam
744 2449 838 2533 cupio
866 2450 954 2514 illum
983 2448 1111 2533 dignum
1140 2469 1208 2514 esse
1236 2448 1325 2514 nobis
1347 2458 1379 2514 et
1400 2471 1503 2536 quam

177 2545 245 2631 ipse
266 2567 316 2609 mc
337 2545 449 2618 invito,
486 2544 581 2628 iqua
607 2563 667 2628 pro
688 2542 744 2606 illo
766 2542 805 2606 sit
831 2542 1065 2628 suspicanduml
1098 2542 1190 2623 †Sed
1211 2563 1290 2628 opus
1309 2543 1369 2608 luit
1390 2544 1500 2609 Hirtio

140 2649 342 2703 auconvento.
385 2641 439 2701 Est
458 2637 600 2721 prolecto
623 2635 728 2700 nescio
751 2635 845 2721 quid;
869 2635 922 2699 sed
937 2635 1030 2699 velim
1046 2656 1138 2721 quam
1154 2635 1294 2706 minimo.
1337 2640 1376 2701 Et
1390 2644 1501 2702 lamen

179 2751 251 2795 eum
280 2730 417 2795 nondum
444 2730 564 2794 redisse
594 2729 754 2793 miramur.
813 2727 874 2793 Sed
900 2728 975 2793 baec
1002 2728 1188 2794 videbimus.
1233 2734 1281 2794 11.
1304 2733 1351 2794 Tu
1374 2731 1500 2815 Oppios

178 2825 341 2890 Terentiae
362 2823 459 2889 dabis.
513 2828 577 2888 lam
599 2823 681 2887 enim
703 2820 790 2886 urbis
811 2844 907 2886 unum
929 2822 1103 2907 periculum
1125 2833 1180 2889 est.
1223 2828 1272 2887 Me
1294 2833 1398 2888 tamen
1422 2845 1501 2888 con-

178 2917 248 2983 silio
280 2921 366 2991 iuva.
396 2916 568 3004 pedibusno
596 2917 748 3000 Rhegium
776 2937 815 2978 an
847 2915 919 2980 hinc
948 2917 1049 2980 statim
1077 2917 1110 2980 in
1148 2937 1258 2982 navem
1286 2917 1346 2996 iet
1372 2925 1498 2989 cetera.

178 3012 325 3096 quoniam
347 3031 536 3075 commoror.
593 3014 660 3095 Ego
689 3008 728 3073 ad
756 3019 785 3073 te
812 3009 913 3073 statim
940 3008 1079 3083 habebo,
1114 3009 1198 3094 quod
1221 3010 1368 3086 scribam,
1399 3011 1500 3076 simul

141 3115 209 3169 anet
235 3105 345 3171 videro
368 3106 545 3170 Curionem.
588 3109 634 3168 De
661 3103 774 3167 Tirone
801 3122 890 3177 cura,
926 3123 1061 3188 quaeso,
1085 3101 1171 3188 quod
1193 3102 1291 3176 lacis,
1313 3114 1348 3167 ut
1376 3104 1497 3177 sciam,

178 3197 253 3285 quid
275 3199 301 3262 is
323 3207 403 3282 agat.

246 3372 273 3419 1.
292 3370 346 3419 Gur
362 3376 449 3418 autem
466 3364 521 3429 aaa]
541 3374 629 3417 autem
645 3381 691 3417 acu
707 3367 827 3435 M„Sca
852 3375 938 3418 autem
956 3369 1001 3417 lll.
1041 3369 1127 3423 (Corn.
1147 3382 1178 3417 ex
1199 3382 1254 3430 mg.
1275 3368 1443 3425 Cratandri.)
1464 3394 1495 3406 -

177 3438 204 3488 b
223 3441 396 3489 commissam
423 3454 462 3501 pr.
492 3438 529 3488 M.
559 3463 587 3474 -
625 3438 651 3487 5.
677 3433 718 3498 ut]
748 3444 772 3486 et
800 3453 840 3502 pr.
864 3439 902 3488 M.
934 3461 960 3471 -
999 3438 1025 3487 7.
1045 3441 1103 3487 oeni
1128 3438 1150 3488 l.
1172 3464 1203 3474 -
1241 3438 1319 3501 Quin]
1340 3439 1390 3500 Qui
1409 3439 1441 3487 R.
1464 3463 1495 3475 -

178 3509 285 3573 offendi:
306 3509 349 3557 :ed
371 3510 424 3557 eiu:
452 3522 492 3571 pr.
523 3506 559 3554 M.
591 3531 621 3542 -
657 3521 780 3563 camum,
811 3511 834 3557 ai
860 3506 900 3570 ln]
931 3522 1024 3557 causo:
1047 3510 1076 3556 ia
1096 3522 1136 3571 pr.
1161 3508 1210 3566 M,
1230 3522 1327 3568 causa,
1347 3511 1370 3556 :i
1391 3510 1422 3556 in
1447 3508 1496 3559 Ill.

179 3577 325 3633 (Gronovlo
350 3585 462 3627 auctore
491 3578 606 3626 correxit
631 3577 790 3642 Ernestins.)
813 3602 843 3614 -
878 3579 903 3626 8.
925 3580 964 3627 Ad
981 3578 1056 3642 quae]
1076 3580 1157 3641 Atque
1175 3579 1248 3628 Mill.
1287 3578 1375 3638 (Gerr.
1396 3592 1429 3626 ex
1450 3579 1497 3632 Υ.)

177 3671 210 3681 -
230 3661 385 3697 racemorum
411 3647 484 3698 Mlll.
511 3670 541 3682 -
576 3647 602 3695 ll.
623 3648 761 3696 Laudabat
787 3650 830 3698 lll·
860 3671 892 3683 -
930 3648 971 3698 10.
997 3662 1043 3710 per
1068 3647 1150 3710 taram]
1168 3658 1321 3711 perpetuam
1340 3662 1380 3711 pr.
1401 3647 1440 3697 Μ.
1463 3672 1495 3684 -

180 3717 223 3766 11.
242 3724 278 3766 cat
302 3731 390 3765 oerum
415 3718 531 3779 profecto
558 3715 632 3765 Mill.
671 3714 803 3776 (Correxit
820 3719 955 3769 Manutius
974 3724 1001 3767 et
1018 3717 1160 3779 Muretus.)
1182 3745 1210 3755 -
1250 3720 1291 3768 15.
1310 3719 1433 3780 preteriti
1452 3730 1496 3779 pr·

179 3786 216 3837 Μ.
236 3809 269 3823 -
304 3786 347 3835 ld.
374 3789 486 3837 dixerim
504 3785 546 3833 illc
564 3786 664 3847 quidem
681 3787 725 3834 aed
743 3788 837 3852 delmi
856 3788 928 3835 Mlll.
964 3789 1096 3845 (Correxit
1116 3790 1277 3847 Erneslius.)
1295 3815 1323 3825 -
1361 3789 1403 3838 17.
1426 3784 1496 3850 alia]

178 3858 236 3907 alta
254 3870 295 3919 pr.
314 3856 352 3905 Μ.
383 3879 413 3890 -
449 3854 572 3913 iurabat,
592 3856 770 3904 adutmmom
789 3859 857 3921 quod
875 3857 963 3906 Maud.
985 3859 1062 3907 Tuas.
1083 3859 1105 3908 1.
1127 3874 1152 3921 p.
1174 3859 1232 3907 131.
1255 3882 1286 3894 -
1323 3859 1365 3907 18.
1384 3855 1495 3920 faceret]

177 3929 241 3993 saell
259 3926 426 3975 Scbuatzius.
463 3923 555 3972 Malim
579 3925 663 3986 fucere
687 3926 760 3974 colet.
780 3928 830 3977 On.
861 3949 887 3959 -
927 3928 1062 3977 Caesarem
1080 3942 1130 3978 :aaa
1148 3930 1237 3978 debere
1254 3942 1269 3978 a
1288 3927 1353 3977 Cod.
1376 3928 1495 3977 llolmst.

178 3997 327 4048 Graevius:
356 3996 506 4049 Caesarem:
530 4006 581 4042 ecte
598 3994 668 4042 debet
687 3995 781 4044 mulli.
814 4023 842 4033 -
883 3998 925 4047 lo.
944 4000 1028 4061 inquit
1047 3999 1068 4047 ll
1087 4005 1112 4047 et
1130 3999 1279 4049 Graevius:
1298 4012 1414 4060 unquam
1431 3998 1494 4057 Ml,

176 4070 285 4131 inquam
303 4079 364 4115 cum
385 4064 536 4113 Victoriana
558 4077 596 4125 pr.
618 4063 648 4112 B.
671 4087 701 4099 -
738 4066 1189 4117 Diallandius211icollllllll.-
1216 4069 1260 4118 11.
1281 4069 1349 4130 Quid
1367 4068 1496 4131 quaeris?

175 4139 305 4202 Arauisci.
343 4137 443 4185 Leonta
461 4129 507 4194 cst]
527 4133 596 4194 Quid
613 4135 715 4194 quaeris
732 4143 810 4199 atque
826 4139 853 4184 oi
869 4138 955 4186 Monta
973 4145 1010 4185 eat
1030 4138 1064 4196 Ζ,
1084 4139 1152 4199 Quid
1168 4143 1272 4201 quaerit
1290 4145 1368 4201 utque
1385 4137 1495 4188 vilebot.

176 4209 224 4257 Eat
242 4208 310 4267 mu,
341 4213 419 4270 atque
437 4204 550 4253 iubebat.
588 4203 655 4264 Quid
679 4207 808 4266 quaeris?
838 4207 883 4255 list
909 4208 930 4255 l.
968 4207 1054 4265 (Gorr.
1087 4222 1118 4257 ex
1149 4207 1193 4271 Y.)
1216 4234 1248 4243 -
1289 4209 1332 4256 13.
1363 4220 1498 4256 sermones

176 4278 236 4328 mu.
260 4299 286 4309 -
325 4276 449 4325 Lartium*
475 4273 511 4322 Μ.
539 4297 568 4308 -
606 4269 667 4334 ease]
697 4284 761 4324 ascet
787 4276 824 4325 M.
851 4301 879 4312 -
918 4276 961 4325 111.
980 4291 1047 4340 quae
1063 4292 1115 4340 pro
1132 4279 1205 4327 Mill·
1244 4279 1289 4335 (Ut
1308 4290 1371 4335 nos,
1393 4277 1441 4334 Υ.)
1462 4302 1493 4313 -

175 4347 359 4409 suspicandum
385 4343 482 4394 zmulz
510 4342 710 4404 :applicandam
729 4344 781 4393 ΥΕ.
814 4347 924 4404 (incito,
955 4360 986 4395 na
1002 4361 1052 4410 pro
1078 4348 1125 4397 illo
1148 4351 1181 4397 :tt
1207 4348 1390 4410 atupicaadum
1410 4346 1495 4407 Pius,

176 4419 274 4473 inuito,
292 4431 324 4466 nc
342 4416 405 4479 quid
422 4420 511 4476 putem
529 4413 561 4461 de
576 4412 623 4461 illo
640 4416 824 4474 auspicandum
843 4415 1022 4474 Schuetzius.)
1045 4440 1071 4450 -·
1110 4417 1159 4466 Sed
1178 4420 1304 4479 expunxit
1322 4418 1494 4466 Schuetziua.

176 4485 292 4538 Malim:
329 4485 378 4534 Sed
396 4496 460 4546 opus
477 4484 539 4547 quid
556 4483 607 4545 {uit
627 4484 747 4533 -ron
768 4507 800 4519 -
835 4485 928 4534 Lartio
952 4486 1040 4535 M.—
1076 4485 1493 4550 25.seu]un1‚qa0u1.-

176 4558 312 4605 minimum
330 4555 476 4603 Lambinus
493 4558 520 4601 et
538 4551 702 4603 Schuetzius.
734 4579 768 4588 -
803 4553 846 4601 16.
868 4553 975 4617 Oppios]
1003 4557 1114 4618 optimo:
1140 4558 1213 4607 Mul.
1250 4559 1296 4615 (Ut
1315 4570 1382 4616 noa,
1402 4554 1498 4605 Victo·

177 4629 255 4682 rius.)
276 4649 307 4662 -
337 4624 381 4673 17.
400 4620 478 4684 enim]
497 4637 556 4671 cum
576 4623 605 4670 ll.
626 4648 657 4659 -
683 4620 775 4685 anum]
793 4623 894 4671 nullum
911 4625 974 4673 Pius
992 4633 1019 4675 et
1037 4627 1058 4674 l.
1079 4627 1108 4674 F.
1129 4626 1290 4675 Gronovius.
1312 4651 1342 4662 -
1379 4625 1424 4676 18.
1444 4640 1497 4675 aa·

176 4711 232 4747 oem
249 4702 274 4747 at
292 4701 393 4753 cetera,
411 4693 538 4756 quoniam
556 4705 710 4743 commoror.
747 4693 802 4755 Epo
820 4693 898 4742 Mill:
917 4709 1018 4743 navem.
1056 4696 1173 4744 Ceterum
1190 4701 1315 4759 paeoniam
1333 4710 1494 4758 commoror,

176 4781 223 4831 epo
248 4779 309 4815 com
339 4763 386 4814 Pio
415 4763 444 4811 li.
489 4761 602 4812 Malim:
629 4776 721 4812 nauem
748 4769 771 4811 ot
801 4762 880 4811 recto.
926 4766 983 4826 Quo
1008 4766 1062 4812 iam
1086 4769 1253 4815 commoror?
1284 4767 1350 4830 Epo.
1378 4766 1429 4816 Oa.
1458 4791 1495 4801 —

176 4838 221 4887 19.
240 4834 359 4887 simulet
377 4832 460 4886 Codd.
481 4832 554 4881 llosii
572 4839 600 4883 et
617 4847 657 4897 pr·
676 4834 721 4885 M:
741 4833 816 4883 simul
833 4840 864 4883 at
882 4834 939 4884 lllli
957 4842 983 4884 ct
1001 4848 1070 4884 corr.
1091 4834 1128 4886 M.
1146 4861 1181 4871 -
1216 4837 1261 4888 30.
1280 4832 1360 4901 quod]
1379 4843 1410 4886 ut
1429 4837 1462 4887 n.
