<?xml version="1.0" encoding="UTF-8"?>
<!DOCTYPE html PUBLIC "-//W3C//DTD XHTML 1.0 Transitional//EN"
    "http://www.w3.org/TR/xhtml1/DTD/xhtml1-transitional.dtd">
<html xmlns="http://www.w3.org/1999/xhtml" xml:lang="en" lang="en">
 <head>
  <title>
</title>
<meta http-equiv="Content-Type" content="text/html;charset=utf-8" />
  <meta name='ocr-system' content='tesseract 3.04.00' />
  <meta name='ocr-capabilities' content='ocr_page ocr_carea ocr_par ocr_line ocrx_word'/>
</head>
<body>
  <div class='ocr_page' id='page_1' title='image "./operaquaesupers06halmgoog_0077.png"; bbox 0 0 3256 5400; ppageno 0'>
   <div class='ocr_carea' id='block_1_1' title="bbox 641 227 1462 307">
    <p class='ocr_par' dir='ltr' id='par_1_1' title="bbox 641 227 1462 307">
     <span class='ocr_line' id='line_1_1' title="bbox 641 227 1462 307; baseline -0.013 -9"><span class='ocrx_word' id='word_1_1' title='bbox 641 228 763 299; x_wconf 74' lang='lat' dir='ltr'>HM.</span> <span class='ocrx_word' id='word_1_2' title='bbox 803 227 865 307; x_wconf 63' lang='lat' dir='ltr'>W·</span> <span class='ocrx_word' id='word_1_3' title='bbox 883 227 969 305; x_wconf 75' lang='grc' dir='ltr'><strong>Μ.</strong></span> <span class='ocrx_word' id='word_1_4' title='bbox 1442 227 1462 287; x_wconf 75' lang='lat' dir='ltr'>t</span> 
     </span>
    </p>
   </div>
   <div class='ocr_carea' id='block_1_2' title="bbox 143 369 1464 723">
    <p class='ocr_par' dir='ltr' id='par_1_2' title="bbox 143 369 1464 723">
     <span class='ocr_line' id='line_1_2' title="bbox 143 369 1463 463; baseline -0.005 -23"><span class='ocrx_word' id='word_1_5' title='bbox 143 395 239 463; x_wconf 85' lang='lat' dir='ltr'>quam</span> <span class='ocrx_word' id='word_1_6' title='bbox 259 372 317 440; x_wconf 88' lang='lat' dir='ltr'>tibi</span> <span class='ocrx_word' id='word_1_7' title='bbox 338 373 489 441; x_wconf 86' lang='lat' dir='ltr'>futurum.</span> <span class='ocrx_word' id='word_1_8' title='bbox 538 380 565 441; x_wconf 77' lang='grc' dir='ltr'><strong>Δ</strong></span> <span class='ocrx_word' id='word_1_9' title='bbox 586 395 637 439; x_wconf 89' lang='lat' dir='ltr'>ma</span> <span class='ocrx_word' id='word_1_10' title='bbox 657 374 777 450; x_wconf 85' lang='lat' dir='ltr'>nullum</span> <span class='ocrx_word' id='word_1_11' title='bbox 798 382 921 461; x_wconf 86' lang='lat' dir='ltr'>tempus</span> <span class='ocrx_word' id='word_1_12' title='bbox 942 372 1200 460; x_wconf 72' lang='lat' dir='ltr'>praetermittitur</span> <span class='ocrx_word' id='word_1_13' title='bbox 1221 371 1260 436; x_wconf 88' lang='lat' dir='ltr'>de</span> <span class='ocrx_word' id='word_1_14' title='bbox 1285 370 1346 436; x_wconf 93' lang='lat' dir='ltr'>tuls</span> <span class='ocrx_word' id='word_1_15' title='bbox 1369 369 1463 435; x_wconf 90' lang='lat' dir='ltr'>rebus</span> 
     </span>
     <span class='ocr_line' id='line_1_3' title="bbox 143 464 1464 555; baseline -0.005 -20"><span class='ocrx_word' id='word_1_16' title='bbox 143 469 309 555; x_wconf 79' lang='lat' dir='ltr'>elegendi</span> <span class='ocrx_word' id='word_1_17' title='bbox 331 476 362 534; x_wconf 91' lang='lat' dir='ltr'>et</span> <span class='ocrx_word' id='word_1_18' title='bbox 382 467 549 553; x_wconf 89' lang='lat' dir='ltr'>cogitandi.</span> <span class='ocrx_word' id='word_1_19' title='bbox 600 472 676 534; x_wconf 91' lang='lat' dir='ltr'>Utor</span> <span class='ocrx_word' id='word_1_20' title='bbox 696 467 736 533; x_wconf 89' lang='lat' dir='ltr'>ad</span> <span class='ocrx_word' id='word_1_21' title='bbox 757 467 862 533; x_wconf 87' lang='lat' dir='ltr'>omnia</span> <span class='ocrx_word' id='word_1_22' title='bbox 884 470 923 545; x_wconf 85' lang='lat' dir='ltr'>Q.</span> <span class='ocrx_word' id='word_1_23' title='bbox 946 467 1074 533; x_wconf 81' lang='lat' dir='ltr'><strong>Selicio:</strong></span> <span class='ocrx_word' id='word_1_24' title='bbox 1102 465 1304 553; x_wconf 92' lang='lat' dir='ltr'>nequeenim</span> <span class='ocrx_word' id='word_1_25' title='bbox 1327 464 1464 551; x_wconf 90' lang='lat' dir='ltr'>pruden-</span> 
     </span>
     <span class='ocr_line' id='line_1_4' title="bbox 144 560 1464 723; baseline -0.002 -97"><span class='ocrx_word' id='word_1_26' title='bbox 144 563 260 723; x_wconf 46' lang='grc' dir='ltr'>ἓξὲξ</span> <span class='ocrx_word' id='word_1_27' title='bbox 281 582 476 722; x_wconf 71' lang='lat' dir='ltr'>tqqemquarn</span> <span class='ocrx_word' id='word_1_28' title='bbox 499 581 545 628; x_wconf 83' lang='lat' dir='ltr'>ex</span> <span class='ocrx_word' id='word_1_29' title='bbox 572 562 635 627; x_wconf 90' lang='lat' dir='ltr'>tuis</span> <span class='ocrx_word' id='word_1_30' title='bbox 662 581 764 650; x_wconf 90' lang='lat' dir='ltr'>neque</span> <span class='ocrx_word' id='word_1_31' title='bbox 785 560 847 627; x_wconf 90' lang='lat' dir='ltr'>fide</span> <span class='ocrx_word' id='word_1_32' title='bbox 867 561 987 627; x_wconf 89' lang='lat' dir='ltr'>maiora</span> <span class='ocrx_word' id='word_1_33' title='bbox 1013 580 1083 628; x_wconf 87' lang='lat' dir='ltr'>esso</span> <span class='ocrx_word' id='word_1_34' title='bbox 1108 560 1214 626; x_wconf 86' lang='lat' dir='ltr'>indico</span> <span class='ocrx_word' id='word_1_35' title='bbox 1235 581 1337 647; x_wconf 91' lang='lat' dir='ltr'>neque</span> <span class='ocrx_word' id='word_1_36' title='bbox 1359 580 1464 624; x_wconf 88' lang='lat' dir='ltr'>aman·</span> 
     </span>
    </p>
   </div>
   <div class='ocr_carea' id='block_1_3' title="bbox 409 792 1486 993">
    <p class='ocr_par' dir='ltr' id='par_1_3' title="bbox 409 792 1486 993">
     <span class='ocr_line' id='line_1_5' title="bbox 607 792 1486 880; baseline -0.013 -20"><span class='ocrx_word' id='word_1_37' title='bbox 607 792 999 880; x_wconf 67' lang='lat' dir='ltr'>commemo</span> <span class='ocrx_word' id='word_1_38' title='bbox 1463 805 1486 849; x_wconf 61' lang='lat' dir='ltr'>a</span> 
     </span>
     <span class='ocr_line' id='line_1_6' title="bbox 409 905 1195 993; baseline -0.005 -19"><span class='ocrx_word' id='word_1_39' title='bbox 409 907 461 993; x_wconf 77' lang='lat' dir='ltr'>(u.</span> <span class='ocrx_word' id='word_1_40' title='bbox 484 909 627 974; x_wconf 81' lang='lat' dir='ltr'>cronno</span> <span class='ocrx_word' id='word_1_41' title='bbox 651 909 682 972; x_wconf 91' lang='lat' dir='ltr'>s.</span> <span class='ocrx_word' id='word_1_42' title='bbox 703 911 741 973; x_wconf 90' lang='lat' dir='ltr'>n.</span> <span class='ocrx_word' id='word_1_43' title='bbox 762 910 796 973; x_wconf 84' lang='lat' dir='ltr'>n.</span> <span class='ocrx_word' id='word_1_44' title='bbox 818 908 997 974; x_wconf 74' lang='lat' dir='ltr'>muruco</span> <span class='ocrx_word' id='word_1_45' title='bbox 1019 905 1195 989; x_wconf 79' lang='lat' dir='ltr'>nnocos.)</span> 
     </span>
    </p>
   </div>
   <div class='ocr_carea' id='block_1_4' title="bbox 144 1025 1501 1402">
    <p class='ocr_par' dir='ltr' id='par_1_4' title="bbox 144 1025 1501 1402">
     <span class='ocr_line' id='line_1_7' title="bbox 231 1025 1463 1118; baseline -0.003 -24"><span class='ocrx_word' id='word_1_46' title='bbox 231 1033 260 1094; x_wconf 87' lang='lat'>1.</span> <span class='ocrx_word' id='word_1_47' title='bbox 281 1029 341 1108; x_wconf 88' lang='lat' dir='ltr'>llio</span> <span class='ocrx_word' id='word_1_48' title='bbox 361 1051 441 1118; x_wconf 89' lang='lat' dir='ltr'>qnae</span> <span class='ocrx_word' id='word_1_49' title='bbox 471 1038 602 1114; x_wconf 88' lang='lat' dir='ltr'>agantur</span> <span class='ocrx_word' id='word_1_50' title='bbox 623 1049 766 1116; x_wconf 87' lang='lat' dir='ltr'>quaeque</span> <span class='ocrx_word' id='word_1_51' title='bbox 788 1037 856 1094; x_wconf 90' lang='lat' dir='ltr'>acta</span> <span class='ocrx_word' id='word_1_52' title='bbox 883 1029 963 1105; x_wconf 90' lang='lat' dir='ltr'>sint,</span> <span class='ocrx_word' id='word_1_53' title='bbox 997 1049 1034 1092; x_wconf 93' lang='lat' dir='ltr'>ea</span> <span class='ocrx_word' id='word_1_54' title='bbox 1055 1036 1085 1091; x_wconf 92' lang='lat' dir='ltr'>te</span> <span class='ocrx_word' id='word_1_55' title='bbox 1107 1034 1137 1091; x_wconf 92' lang='lat' dir='ltr'>et</span> <span class='ocrx_word' id='word_1_56' title='bbox 1159 1025 1271 1092; x_wconf 89' lang='lat' dir='ltr'>litteris</span> <span class='ocrx_word' id='word_1_57' title='bbox 1292 1027 1463 1092; x_wconf 88' lang='lat' dir='ltr'>multorum</span> 
     </span>
     <span class='ocr_line' id='line_1_8' title="bbox 145 1119 1464 1210; baseline -0.004 -21"><span class='ocrx_word' id='word_1_58' title='bbox 145 1133 177 1189; x_wconf 89' lang='lat' dir='ltr'>et</span> <span class='ocrx_word' id='word_1_59' title='bbox 195 1124 314 1204; x_wconf 85' lang='lat' dir='ltr'>nuntiis</span> <span class='ocrx_word' id='word_1_60' title='bbox 336 1144 487 1210; x_wconf 81' lang='lat' dir='ltr'><strong>cognosse</strong></span> <span class='ocrx_word' id='word_1_61' title='bbox 509 1121 664 1187; x_wconf 83' lang='lat' dir='ltr'>arbitror:</span> <span class='ocrx_word' id='word_1_62' title='bbox 687 1143 767 1209; x_wconf 92' lang='lat' dir='ltr'>quae</span> <span class='ocrx_word' id='word_1_63' title='bbox 789 1131 892 1187; x_wconf 91' lang='lat' dir='ltr'>autem</span> <span class='ocrx_word' id='word_1_64' title='bbox 908 1122 1008 1208; x_wconf 88' lang='lat' dir='ltr'>posita</span> <span class='ocrx_word' id='word_1_65' title='bbox 1029 1119 1149 1185; x_wconf 91' lang='lat' dir='ltr'>suntin</span> <span class='ocrx_word' id='word_1_66' title='bbox 1170 1119 1350 1185; x_wconf 89' lang='lat' dir='ltr'>coniectura</span> <span class='ocrx_word' id='word_1_67' title='bbox 1369 1140 1464 1206; x_wconf 92' lang='lat' dir='ltr'>qnae·</span> 
     </span>
     <span class='ocr_line' id='line_1_9' title="bbox 144 1214 1464 1313; baseline -0.004 -30"><span class='ocrx_word' id='word_1_68' title='bbox 144 1240 206 1313; x_wconf 86' lang='lat' dir='ltr'>que</span> <span class='ocrx_word' id='word_1_69' title='bbox 228 1216 374 1283; x_wconf 81' lang='lat' dir='ltr'>videntur</span> <span class='ocrx_word' id='word_1_70' title='bbox 396 1216 482 1290; x_wconf 84' lang='lat' dir='ltr'>sore,</span> <span class='ocrx_word' id='word_1_71' title='bbox 505 1237 542 1280; x_wconf 93' lang='lat' dir='ltr'>ea</span> <span class='ocrx_word' id='word_1_72' title='bbox 559 1225 635 1302; x_wconf 88' lang='lat' dir='ltr'>puto</span> <span class='ocrx_word' id='word_1_73' title='bbox 650 1214 707 1280; x_wconf 92' lang='lat' dir='ltr'>tibi</span> <span class='ocrx_word' id='word_1_74' title='bbox 723 1237 741 1280; x_wconf 93' lang='lat' dir='ltr'>a</span> <span class='ocrx_word' id='word_1_75' title='bbox 758 1236 808 1279; x_wconf 90' lang='lat' dir='ltr'>me</span> <span class='ocrx_word' id='word_1_76' title='bbox 830 1215 924 1280; x_wconf 84' lang='lat' dir='ltr'>scribi</span> <span class='ocrx_word' id='word_1_77' title='bbox 948 1224 1107 1302; x_wconf 90' lang='lat' dir='ltr'>oportere.</span> <span class='ocrx_word' id='word_1_78' title='bbox 1149 1216 1354 1299; x_wconf 84' lang='lat' dir='ltr'>Posteaquam</span> <span class='ocrx_word' id='word_1_79' title='bbox 1372 1216 1464 1279; x_wconf 90' lang='lat' dir='ltr'>Pom-</span> 
     </span>
     <span class='ocr_line' id='line_1_10' title="bbox 144 1306 1501 1402; baseline -0.004 -25"><span class='ocrx_word' id='word_1_80' title='bbox 144 1313 234 1402; x_wconf 90' lang='lat' dir='ltr'>peius</span> <span class='ocrx_word' id='word_1_81' title='bbox 256 1319 288 1375; x_wconf 88' lang='lat' dir='ltr'>et</span> <span class='ocrx_word' id='word_1_82' title='bbox 308 1310 391 1398; x_wconf 92' lang='lat' dir='ltr'>apud</span> <span class='ocrx_word' id='word_1_83' title='bbox 413 1308 564 1399; x_wconf 85' lang='lat' dir='ltr'>populum</span> <span class='ocrx_word' id='word_1_84' title='bbox 592 1330 619 1374; x_wconf 94' lang='lat' dir='ltr'>a.</span> <span class='ocrx_word' id='word_1_85' title='bbox 641 1309 672 1374; x_wconf 89' lang='lat' dir='ltr'>d.</span> <span class='ocrx_word' id='word_1_86' title='bbox 694 1312 764 1374; x_wconf 83' lang='lat' dir='ltr'>nx.</span> <span class='ocrx_word' id='word_1_87' title='bbox 794 1308 867 1374; x_wconf 90' lang='lat' dir='ltr'>Idus</span> <span class='ocrx_word' id='word_1_88' title='bbox 888 1307 996 1382; x_wconf 77' lang='lat' dir='ltr'>Febr..</span> <span class='ocrx_word' id='word_1_89' title='bbox 1019 1329 1090 1373; x_wconf 90' lang='lat' dir='ltr'>cum</span> <span class='ocrx_word' id='word_1_90' title='bbox 1112 1328 1171 1394; x_wconf 93' lang='lat' dir='ltr'>pro</span> <span class='ocrx_word' id='word_1_91' title='bbox 1192 1306 1307 1372; x_wconf 82' lang='lat' dir='ltr'>Milone</span> <span class='ocrx_word' id='word_1_92' title='bbox 1329 1306 1501 1383; x_wconf 84' lang='lat' dir='ltr'>diceret,m</span> 
     </span>
    </p>
   </div>
   <div class='ocr_carea' id='block_1_5' title="bbox 143 1397 1501 2895">
    <p class='ocr_par' dir='ltr' id='par_1_5' title="bbox 143 1397 1501 2895">
     <span class='ocr_line' id='line_1_11' title="bbox 144 1397 1463 1499; baseline -0.005 -29"><span class='ocrx_word' id='word_1_93' title='bbox 144 1406 281 1478; x_wconf 87' lang='lat' dir='ltr'>clamore</span> <span class='ocrx_word' id='word_1_94' title='bbox 303 1402 509 1499; x_wconf 81' lang='lat' dir='ltr'>convicioque</span> <span class='ocrx_word' id='word_1_95' title='bbox 530 1403 660 1468; x_wconf 90' lang='lat' dir='ltr'>iactatus</span> <span class='ocrx_word' id='word_1_96' title='bbox 682 1411 744 1478; x_wconf 89' lang='lat' dir='ltr'>est,</span> <span class='ocrx_word' id='word_1_97' title='bbox 766 1403 800 1467; x_wconf 95' lang='lat' dir='ltr'>in</span> <span class='ocrx_word' id='word_1_98' title='bbox 821 1412 992 1489; x_wconf 86' lang='lat' dir='ltr'>senatuque</span> <span class='ocrx_word' id='word_1_99' title='bbox 1014 1423 1032 1466; x_wconf 93' lang='lat' dir='ltr'>a</span> <span class='ocrx_word' id='word_1_100' title='bbox 1054 1405 1169 1468; x_wconf 85' lang='lat' dir='ltr'>Catone</span> <span class='ocrx_word' id='word_1_101' title='bbox 1187 1421 1296 1486; x_wconf 90' lang='lat' dir='ltr'>aspere</span> <span class='ocrx_word' id='word_1_102' title='bbox 1309 1409 1339 1464; x_wconf 92' lang='lat' dir='ltr'>et</span> <span class='ocrx_word' id='word_1_103' title='bbox 1351 1397 1463 1464; x_wconf 90' lang='lat' dir='ltr'>acerbe</span> 
     </span>
     <span class='ocr_line' id='line_1_12' title="bbox 144 1493 1463 1585; baseline -0.005 -22"><span class='ocrx_word' id='word_1_104' title='bbox 144 1498 274 1575; x_wconf 84' lang='lat' dir='ltr'>nimium</span> <span class='ocrx_word' id='word_1_105' title='bbox 300 1518 414 1585; x_wconf 87' lang='lat' dir='ltr'>magno</span> <span class='ocrx_word' id='word_1_106' title='bbox 443 1496 567 1563; x_wconf 85' lang='lat' dir='ltr'>silentio</span> <span class='ocrx_word' id='word_1_107' title='bbox 598 1505 644 1561; x_wconf 90' lang='lat' dir='ltr'>est</span> <span class='ocrx_word' id='word_1_108' title='bbox 673 1507 848 1571; x_wconf 88' lang='lat' dir='ltr'>accusatus,</span> <span class='ocrx_word' id='word_1_109' title='bbox 885 1496 970 1561; x_wconf 89' lang='lat' dir='ltr'>visus</span> <span class='ocrx_word' id='word_1_110' title='bbox 998 1503 1046 1560; x_wconf 89' lang='lat' dir='ltr'>est</span> <span class='ocrx_word' id='word_1_111' title='bbox 1074 1494 1151 1560; x_wconf 93' lang='lat' dir='ltr'>mibi</span> <span class='ocrx_word' id='word_1_112' title='bbox 1172 1493 1373 1558; x_wconf 83' lang='lat' dir='ltr'>vehementer</span> <span class='ocrx_word' id='word_1_113' title='bbox 1394 1513 1463 1557; x_wconf 91' lang='lat' dir='ltr'>esse</span> 
     </span>
     <span class='ocr_line' id='line_1_13' title="bbox 144 1587 1462 1679; baseline -0.005 -22"><span class='ocrx_word' id='word_1_114' title='bbox 144 1591 356 1679; x_wconf 84' lang='lat' dir='ltr'>perturbatus.</span> <span class='ocrx_word' id='word_1_115' title='bbox 400 1595 507 1676; x_wconf 88' lang='lat' dir='ltr'>ltaque</span> <span class='ocrx_word' id='word_1_116' title='bbox 521 1589 730 1656; x_wconf 75' lang='lat' dir='ltr'>Alexandrina</span> <span class='ocrx_word' id='word_1_117' title='bbox 752 1610 861 1664; x_wconf 88' lang='lat' dir='ltr'>causa,</span> <span class='ocrx_word' id='word_1_118' title='bbox 883 1611 963 1676; x_wconf 90' lang='lat' dir='ltr'>quae</span> <span class='ocrx_word' id='word_1_119' title='bbox 986 1588 1077 1654; x_wconf 92' lang='lat' dir='ltr'>nobis</span> <span class='ocrx_word' id='word_1_120' title='bbox 1099 1587 1200 1653; x_wconf 87' lang='lat' dir='ltr'>adbuc</span> <span class='ocrx_word' id='word_1_121' title='bbox 1220 1587 1341 1670; x_wconf 88' lang='lat' dir='ltr'>integra</span> <span class='ocrx_word' id='word_1_122' title='bbox 1364 1594 1462 1651; x_wconf 91' lang='lat' dir='ltr'>est-</span> 
     </span>
     <span class='ocr_line' id='line_1_14' title="bbox 144 1678 1463 1770; baseline -0.005 -20"><span class='ocrx_word' id='word_1_123' title='bbox 144 1686 221 1751; x_wconf 94' lang='lat' dir='ltr'>nibil</span> <span class='ocrx_word' id='word_1_124' title='bbox 249 1685 332 1761; x_wconf 81' lang='lat' dir='ltr'>enim</span> <span class='ocrx_word' id='word_1_125' title='bbox 362 1683 419 1750; x_wconf 82' lang='lat' dir='ltr'>tibi</span> <span class='ocrx_word' id='word_1_126' title='bbox 447 1683 583 1763; x_wconf 76' lang='lat' dir='ltr'>detraxit</span> <span class='ocrx_word' id='word_1_127' title='bbox 612 1692 736 1748; x_wconf 91' lang='lat' dir='ltr'>senatus</span> <span class='ocrx_word' id='word_1_128' title='bbox 765 1682 825 1748; x_wconf 90' lang='lat' dir='ltr'>nisi</span> <span class='ocrx_word' id='word_1_129' title='bbox 855 1683 905 1756; x_wconf 88' lang='lat' dir='ltr'>id,</span> <span class='ocrx_word' id='word_1_130' title='bbox 941 1681 1025 1770; x_wconf 91' lang='lat' dir='ltr'>quod</span> <span class='ocrx_word' id='word_1_131' title='bbox 1046 1703 1105 1768; x_wconf 90' lang='lat' dir='ltr'>por</span> <span class='ocrx_word' id='word_1_132' title='bbox 1126 1680 1256 1745; x_wconf 91' lang='lat' dir='ltr'>eandem</span> <span class='ocrx_word' id='word_1_133' title='bbox 1277 1678 1463 1765; x_wconf 80' lang='lat' dir='ltr'>religionem</span> 
     </span>
     <span class='ocr_line' id='line_1_15' title="bbox 144 1773 1501 1864; baseline -0.003 -20"><span class='ocrx_word' id='word_1_134' title='bbox 144 1780 213 1845; x_wconf 89' lang='lat' dir='ltr'>dari</span> <span class='ocrx_word' id='word_1_135' title='bbox 241 1779 330 1844; x_wconf 91' lang='lat' dir='ltr'>alteri</span> <span class='ocrx_word' id='word_1_136' title='bbox 359 1798 423 1843; x_wconf 93' lang='lat' dir='ltr'>non</span> <span class='ocrx_word' id='word_1_137' title='bbox 451 1786 556 1864; x_wconf 87' lang='lat' dir='ltr'>potest</span> <span class='ocrx_word' id='word_1_138' title='bbox 576 1811 615 1823; x_wconf 94' lang='lat'>—·</span> <span class='ocrx_word' id='word_1_139' title='bbox 643 1776 768 1842; x_wconf 83' lang='lat' dir='ltr'>videtur</span> <span class='ocrx_word' id='word_1_140' title='bbox 789 1774 828 1840; x_wconf 89' lang='lat' dir='ltr'>ab</span> <span class='ocrx_word' id='word_1_141' title='bbox 850 1775 904 1840; x_wconf 93' lang='lat' dir='ltr'>illo</span> <span class='ocrx_word' id='word_1_142' title='bbox 926 1774 1016 1862; x_wconf 92' lang='lat' dir='ltr'>plane</span> <span class='ocrx_word' id='word_1_143' title='bbox 1039 1796 1108 1840; x_wconf 92' lang='lat' dir='ltr'>esse</span> <span class='ocrx_word' id='word_1_144' title='bbox 1130 1773 1281 1860; x_wconf 87' lang='lat' dir='ltr'>deposita.</span> <span class='ocrx_word' id='word_1_145' title='bbox 1324 1777 1353 1838; x_wconf 79' lang='lat'>2.</span> <span class='ocrx_word' id='word_1_146' title='bbox 1376 1778 1501 1841; x_wconf 84' lang='lat' dir='ltr'>Nuncm</span> 
     </span>
     <span class='ocr_line' id='line_1_16' title="bbox 143 1865 1462 1959; baseline -0.008 -20"><span class='ocrx_word' id='word_1_147' title='bbox 143 1872 177 1951; x_wconf 91' lang='lat' dir='ltr'>id</span> <span class='ocrx_word' id='word_1_148' title='bbox 198 1893 360 1959; x_wconf 89' lang='lat' dir='ltr'>speramus</span> <span class='ocrx_word' id='word_1_149' title='bbox 380 1871 475 1959; x_wconf 88' lang='lat' dir='ltr'>idque</span> <span class='ocrx_word' id='word_1_150' title='bbox 496 1870 665 1944; x_wconf 88' lang='lat' dir='ltr'>molimur,</span> <span class='ocrx_word' id='word_1_151' title='bbox 687 1878 722 1934; x_wconf 89' lang='lat' dir='ltr'>nt</span> <span class='ocrx_word' id='word_1_152' title='bbox 735 1891 810 1944; x_wconf 87' lang='lat' dir='ltr'>rex,</span> <span class='ocrx_word' id='word_1_153' title='bbox 833 1889 905 1934; x_wconf 91' lang='lat' dir='ltr'>cum</span> <span class='ocrx_word' id='word_1_154' title='bbox 919 1868 1071 1954; x_wconf 87' lang='lat' dir='ltr'>intelligat</span> <span class='ocrx_word' id='word_1_155' title='bbox 1087 1888 1174 1942; x_wconf 90' lang='lat' dir='ltr'>sese,</span> <span class='ocrx_word' id='word_1_156' title='bbox 1198 1867 1283 1954; x_wconf 94' lang='lat' dir='ltr'>quod</span> <span class='ocrx_word' id='word_1_157' title='bbox 1297 1865 1462 1952; x_wconf 78' lang='lat' dir='ltr'>cogitabat,</span> 
     </span>
     <span class='ocr_line' id='line_1_17' title="bbox 143 1959 1464 2053; baseline -0.006 -21"><span class='ocrx_word' id='word_1_158' title='bbox 143 1975 179 2032; x_wconf 93' lang='lat' dir='ltr'>nt</span> <span class='ocrx_word' id='word_1_159' title='bbox 199 1988 217 2031; x_wconf 93' lang='lat' dir='ltr'>a</span> <span class='ocrx_word' id='word_1_160' title='bbox 243 1965 393 2053; x_wconf 88' lang='lat' dir='ltr'>Pompeio</span> <span class='ocrx_word' id='word_1_161' title='bbox 415 1964 597 2041; x_wconf 86' lang='lat' dir='ltr'>reducatur,</span> <span class='ocrx_word' id='word_1_162' title='bbox 633 1963 756 2050; x_wconf 81' lang='lat' dir='ltr'>assequi</span> <span class='ocrx_word' id='word_1_163' title='bbox 779 1983 841 2028; x_wconf 96' lang='lat' dir='ltr'>non</span> <span class='ocrx_word' id='word_1_164' title='bbox 863 1984 956 2049; x_wconf 92' lang='lat' dir='ltr'>posse</span> <span class='ocrx_word' id='word_1_165' title='bbox 978 1971 1024 2036; x_wconf 86' lang='lat' dir='ltr'>et,</span> <span class='ocrx_word' id='word_1_166' title='bbox 1053 1962 1113 2027; x_wconf 94' lang='lat' dir='ltr'>nisi</span> <span class='ocrx_word' id='word_1_167' title='bbox 1134 1982 1193 2047; x_wconf 89' lang='lat' dir='ltr'>per</span> <span class='ocrx_word' id='word_1_168' title='bbox 1215 1970 1244 2026; x_wconf 93' lang='lat' dir='ltr'>te</span> <span class='ocrx_word' id='word_1_169' title='bbox 1270 1961 1311 2027; x_wconf 91' lang='lat' dir='ltr'>sit</span> <span class='ocrx_word' id='word_1_170' title='bbox 1338 1959 1464 2025; x_wconf 88' lang='lat' dir='ltr'>restitu-</span> 
     </span>
     <span class='ocr_line' id='line_1_18' title="bbox 144 2053 1462 2144; baseline -0.005 -20"><span class='ocrx_word' id='word_1_171' title='bbox 144 2068 209 2135; x_wconf 90' lang='lat' dir='ltr'>tus,</span> <span class='ocrx_word' id='word_1_172' title='bbox 240 2058 397 2125; x_wconf 89' lang='lat' dir='ltr'>desertum</span> <span class='ocrx_word' id='word_1_173' title='bbox 425 2081 460 2124; x_wconf 88' lang='lat' dir='ltr'>se</span> <span class='ocrx_word' id='word_1_174' title='bbox 488 2067 581 2144; x_wconf 90' lang='lat' dir='ltr'>atque</span> <span class='ocrx_word' id='word_1_175' title='bbox 602 2056 757 2122; x_wconf 88' lang='lat' dir='ltr'>abiectum</span> <span class='ocrx_word' id='word_1_176' title='bbox 779 2056 869 2130; x_wconf 84' lang='lat' dir='ltr'>sore,</span> <span class='ocrx_word' id='word_1_177' title='bbox 900 2056 1114 2143; x_wconf 86' lang='lat' dir='ltr'>proficiscatur</span> <span class='ocrx_word' id='word_1_178' title='bbox 1143 2054 1181 2120; x_wconf 89' lang='lat' dir='ltr'>ad</span> <span class='ocrx_word' id='word_1_179' title='bbox 1206 2062 1257 2134; x_wconf 90' lang='lat' dir='ltr'>te;</span> <span class='ocrx_word' id='word_1_180' title='bbox 1289 2053 1374 2141; x_wconf 92' lang='lat' dir='ltr'>quod</span> <span class='ocrx_word' id='word_1_181' title='bbox 1395 2053 1462 2118; x_wconf 91' lang='lat' dir='ltr'>sine</span> 
     </span>
     <span class='ocr_line' id='line_1_19' title="bbox 144 2146 1461 2238; baseline -0.006 -19"><span class='ocrx_word' id='word_1_182' title='bbox 144 2153 206 2219; x_wconf 91' lang='lat' dir='ltr'>ulla</span> <span class='ocrx_word' id='word_1_183' title='bbox 217 2151 426 2228; x_wconf 84' lang='lat' dir='ltr'>dubitatione,</span> <span class='ocrx_word' id='word_1_184' title='bbox 450 2152 476 2218; x_wconf 90' lang='lat' dir='ltr'>si</span> <span class='ocrx_word' id='word_1_185' title='bbox 491 2151 657 2238; x_wconf 87' lang='lat' dir='ltr'>Pompeius</span> <span class='ocrx_word' id='word_1_186' title='bbox 672 2151 810 2238; x_wconf 89' lang='lat' dir='ltr'>paullum</span> <span class='ocrx_word' id='word_1_187' title='bbox 825 2150 921 2217; x_wconf 88' lang='lat' dir='ltr'>modo</span> <span class='ocrx_word' id='word_1_188' title='bbox 936 2148 1109 2216; x_wconf 90' lang='lat' dir='ltr'>ostenderit</span> <span class='ocrx_word' id='word_1_189' title='bbox 1122 2149 1181 2215; x_wconf 92' lang='lat' dir='ltr'>sibi</span> <span class='ocrx_word' id='word_1_190' title='bbox 1196 2150 1335 2236; x_wconf 89' lang='lat' dir='ltr'>placere,</span> <span class='ocrx_word' id='word_1_191' title='bbox 1360 2146 1461 2212; x_wconf 83' lang='lat' dir='ltr'>saciet.</span> 
     </span>
     <span class='ocr_line' id='line_1_20' title="bbox 144 2239 1500 2328; baseline -0.003 -16"><span class='ocrx_word' id='word_1_192' title='bbox 144 2246 205 2312; x_wconf 86' lang='lat' dir='ltr'>Sed</span> <span class='ocrx_word' id='word_1_193' title='bbox 227 2246 309 2312; x_wconf 90' lang='lat' dir='ltr'>nosti</span> <span class='ocrx_word' id='word_1_194' title='bbox 338 2245 473 2311; x_wconf 90' lang='lat' dir='ltr'>bominis</span> <span class='ocrx_word' id='word_1_195' title='bbox 500 2245 676 2310; x_wconf 88' lang='lat' dir='ltr'>tarditatem</span> <span class='ocrx_word' id='word_1_196' title='bbox 697 2253 729 2310; x_wconf 91' lang='lat' dir='ltr'>et</span> <span class='ocrx_word' id='word_1_197' title='bbox 748 2244 1000 2311; x_wconf 87' lang='lat' dir='ltr'>taciturnitatem.</span> <span class='ocrx_word' id='word_1_198' title='bbox 1052 2247 1115 2309; x_wconf 88' lang='lat' dir='ltr'>Nos</span> <span class='ocrx_word' id='word_1_199' title='bbox 1136 2252 1239 2309; x_wconf 69' lang='lat' dir='ltr'>umen</span> <span class='ocrx_word' id='word_1_200' title='bbox 1260 2240 1354 2317; x_wconf 90' lang='lat' dir='ltr'>nibil,</span> <span class='ocrx_word' id='word_1_201' title='bbox 1376 2239 1500 2328; x_wconf 72' lang='lat' dir='ltr'>quodne</span> 
     </span>
     <span class='ocr_line' id='line_1_21' title="bbox 144 2333 1462 2426; baseline -0.003 -21"><span class='ocrx_word' id='word_1_202' title='bbox 144 2338 183 2406; x_wconf 86' lang='lat' dir='ltr'>ad</span> <span class='ocrx_word' id='word_1_203' title='bbox 204 2361 273 2405; x_wconf 91' lang='lat' dir='ltr'>eam</span> <span class='ocrx_word' id='word_1_204' title='bbox 288 2360 355 2405; x_wconf 86' lang='lat' dir='ltr'>rem</span> <span class='ocrx_word' id='word_1_205' title='bbox 369 2339 539 2426; x_wconf 85' lang='lat' dir='ltr'>pertineat,</span> <span class='ocrx_word' id='word_1_206' title='bbox 562 2338 848 2425; x_wconf 85' lang='lat' dir='ltr'>praetermittimus.</span> <span class='ocrx_word' id='word_1_207' title='bbox 892 2337 1011 2404; x_wconf 84' lang='lat' dir='ltr'>Ceteris</span> <span class='ocrx_word' id='word_1_208' title='bbox 1025 2335 1165 2410; x_wconf 89' lang='lat' dir='ltr'>iniuriis,</span> <span class='ocrx_word' id='word_1_209' title='bbox 1187 2357 1267 2422; x_wconf 92' lang='lat' dir='ltr'>quae</span> <span class='ocrx_word' id='word_1_210' title='bbox 1281 2333 1462 2422; x_wconf 88' lang='lat' dir='ltr'>propositae</span> 
     </span>
     <span class='ocr_line' id='line_1_22' title="bbox 143 2426 1462 2518; baseline -0.005 -19"><span class='ocrx_word' id='word_1_211' title='bbox 143 2444 215 2500; x_wconf 89' lang='lat' dir='ltr'>sunt</span> <span class='ocrx_word' id='word_1_212' title='bbox 234 2455 253 2499; x_wconf 89' lang='lat' dir='ltr'>a</span> <span class='ocrx_word' id='word_1_213' title='bbox 275 2437 407 2508; x_wconf 87' lang='lat' dir='ltr'>Catone,</span> <span class='ocrx_word' id='word_1_214' title='bbox 444 2431 553 2509; x_wconf 81' lang='lat' dir='ltr'>facile,</span> <span class='ocrx_word' id='word_1_215' title='bbox 590 2441 624 2497; x_wconf 92' lang='lat' dir='ltr'>ut</span> <span class='ocrx_word' id='word_1_216' title='bbox 647 2452 756 2518; x_wconf 89' lang='lat' dir='ltr'>spero,</span> <span class='ocrx_word' id='word_1_217' title='bbox 786 2434 978 2497; x_wconf 88' lang='lat' dir='ltr'>resistemus.</span> <span class='ocrx_word' id='word_1_218' title='bbox 1021 2431 1162 2496; x_wconf 79' lang='lat' dir='ltr'>Amicum</span> <span class='ocrx_word' id='word_1_219' title='bbox 1184 2451 1225 2494; x_wconf 80' lang='lat' dir='ltr'>ex</span> <span class='ocrx_word' id='word_1_220' title='bbox 1246 2426 1462 2506; x_wconf 86' lang='lat' dir='ltr'>consularibus</span> 
     </span>
     <span class='ocr_line' id='line_1_23' title="bbox 143 2521 1463 2612; baseline -0.005 -20"><span class='ocrx_word' id='word_1_221' title='bbox 143 2526 298 2592; x_wconf 89' lang='lat' dir='ltr'>neminem</span> <span class='ocrx_word' id='word_1_222' title='bbox 328 2524 383 2592; x_wconf 89' lang='lat' dir='ltr'>tibi</span> <span class='ocrx_word' id='word_1_223' title='bbox 410 2547 479 2591; x_wconf 88' lang='lat' dir='ltr'>esse</span> <span class='ocrx_word' id='word_1_224' title='bbox 509 2525 602 2591; x_wconf 88' lang='lat' dir='ltr'>video</span> <span class='ocrx_word' id='word_1_225' title='bbox 630 2535 756 2612; x_wconf 90' lang='lat' dir='ltr'>praeter</span> <span class='ocrx_word' id='word_1_226' title='bbox 775 2525 980 2592; x_wconf 82' lang='lat' dir='ltr'>Hortensium</span> <span class='ocrx_word' id='word_1_227' title='bbox 1002 2533 1034 2590; x_wconf 89' lang='lat' dir='ltr'>ot</span> <span class='ocrx_word' id='word_1_228' title='bbox 1055 2523 1236 2588; x_wconf 86' lang='lat' dir='ltr'>Lucullum:</span> <span class='ocrx_word' id='word_1_229' title='bbox 1273 2521 1371 2586; x_wconf 90' lang='lat' dir='ltr'>ceteri</span> <span class='ocrx_word' id='word_1_230' title='bbox 1392 2529 1463 2586; x_wconf 92' lang='lat' dir='ltr'>sunt</span> 
     </span>
     <span class='ocr_line' id='line_1_24' title="bbox 144 2613 1462 2708; baseline -0.005 -22"><span class='ocrx_word' id='word_1_231' title='bbox 144 2621 256 2708; x_wconf 90' lang='lat' dir='ltr'>partim</span> <span class='ocrx_word' id='word_1_232' title='bbox 277 2619 442 2700; x_wconf 84' lang='lat' dir='ltr'>obscurius</span> <span class='ocrx_word' id='word_1_233' title='bbox 462 2618 583 2707; x_wconf 89' lang='lat' dir='ltr'>iniqui,</span> <span class='ocrx_word' id='word_1_234' title='bbox 615 2618 729 2705; x_wconf 92' lang='lat' dir='ltr'>partim</span> <span class='ocrx_word' id='word_1_235' title='bbox 752 2640 815 2684; x_wconf 95' lang='lat' dir='ltr'>non</span> <span class='ocrx_word' id='word_1_236' title='bbox 836 2618 1067 2684; x_wconf 87' lang='lat' dir='ltr'>dissimulanter</span> <span class='ocrx_word' id='word_1_237' title='bbox 1089 2615 1171 2682; x_wconf 91' lang='lat' dir='ltr'>irati.</span> <span class='ocrx_word' id='word_1_238' title='bbox 1219 2620 1267 2679; x_wconf 84' lang='lat' dir='ltr'>Tu</span> <span class='ocrx_word' id='word_1_239' title='bbox 1287 2613 1337 2680; x_wconf 83' lang='lat' dir='ltr'>iac</span> <span class='ocrx_word' id='word_1_240' title='bbox 1358 2615 1462 2680; x_wconf 90' lang='lat' dir='ltr'>animo</span> 
     </span>
     <span class='ocr_line' id='line_1_25' title="bbox 144 2707 1500 2800; baseline -0.005 -20"><span class='ocrx_word' id='word_1_241' title='bbox 144 2713 218 2780; x_wconf 85' lang='lat' dir='ltr'>lorti</span> <span class='ocrx_word' id='word_1_242' title='bbox 247 2735 423 2800; x_wconf 85' lang='lat' dir='ltr'>magnoque</span> <span class='ocrx_word' id='word_1_243' title='bbox 451 2713 493 2779; x_wconf 91' lang='lat' dir='ltr'>sis</span> <span class='ocrx_word' id='word_1_244' title='bbox 519 2733 689 2800; x_wconf 90' lang='lat' dir='ltr'>speresque</span> <span class='ocrx_word' id='word_1_245' title='bbox 715 2711 799 2788; x_wconf 85' lang='lat' dir='ltr'>lore,</span> <span class='ocrx_word' id='word_1_246' title='bbox 835 2723 870 2778; x_wconf 91' lang='lat' dir='ltr'>ut</span> <span class='ocrx_word' id='word_1_247' title='bbox 890 2710 990 2777; x_wconf 78' lang='lat' dir='ltr'>tracto</span> <span class='ocrx_word' id='word_1_248' title='bbox 1017 2711 1137 2796; x_wconf 88' lang='lat' dir='ltr'>impetu</span> <span class='ocrx_word' id='word_1_249' title='bbox 1156 2707 1307 2774; x_wconf 88' lang='lat' dir='ltr'>levissimi</span> <span class='ocrx_word' id='word_1_250' title='bbox 1327 2707 1500 2775; x_wconf 79' lang='lat' dir='ltr'>hominises</span> 
     </span>
     <span class='ocr_line' id='line_1_26' title="bbox 143 2806 1044 2895; baseline -0.007 -20"><span class='ocrx_word' id='word_1_251' title='bbox 143 2817 228 2875; x_wconf 86' lang='lat' dir='ltr'>tuam</span> <span class='ocrx_word' id='word_1_252' title='bbox 248 2806 411 2895; x_wconf 89' lang='lat' dir='ltr'>pristinam</span> <span class='ocrx_word' id='word_1_253' title='bbox 433 2806 613 2895; x_wconf 89' lang='lat' dir='ltr'>dignitatem</span> <span class='ocrx_word' id='word_1_254' title='bbox 634 2815 666 2871; x_wconf 91' lang='lat' dir='ltr'>et</span> <span class='ocrx_word' id='word_1_255' title='bbox 686 2806 818 2895; x_wconf 78' lang='lat' dir='ltr'>gloriam</span> <span class='ocrx_word' id='word_1_256' title='bbox 839 2826 1044 2892; x_wconf 87' lang='lat' dir='ltr'>consequare.</span> 
     </span>
    </p>
   </div>
   <div class='ocr_carea' id='block_1_6' title="bbox 423 2944 1188 3125">
    <p class='ocr_par' dir='ltr' id='par_1_6' title="bbox 423 2944 1188 3125">
     <span class='ocr_line' id='line_1_27' title="bbox 623 2944 984 3031; baseline -0.003 -20"><span class='ocrx_word' id='word_1_257' title='bbox 623 2944 984 3031; x_wconf 67' lang='lat' dir='ltr'>nouom)</span> 
     </span>
     <span class='ocr_line' id='line_1_28' title="bbox 423 3058 1188 3125; baseline -0.005 0"><span class='ocrx_word' id='word_1_258' title='bbox 423 3062 465 3124; x_wconf 87' lang='lat' dir='ltr'>u.</span> <span class='ocrx_word' id='word_1_259' title='bbox 488 3060 631 3125; x_wconf 81' lang='lat' dir='ltr'>cronno</span> <span class='ocrx_word' id='word_1_260' title='bbox 653 3061 685 3123; x_wconf 64' lang='lat' dir='ltr'>s.</span> <span class='ocrx_word' id='word_1_261' title='bbox 706 3063 745 3123; x_wconf 89' lang='lat' dir='ltr'>u.</span> <span class='ocrx_word' id='word_1_262' title='bbox 766 3060 799 3123; x_wconf 83' lang='lat' dir='ltr'>n.</span> <span class='ocrx_word' id='word_1_263' title='bbox 821 3058 1001 3123; x_wconf 72' lang='lat' dir='ltr'>anurnio</span> <span class='ocrx_word' id='word_1_264' title='bbox 1022 3059 1188 3122; x_wconf 85' lang='lat' dir='ltr'>rnooos.</span> 
     </span>
    </p>
   </div>
   <div class='ocr_carea' id='block_1_7' title="bbox 142 3175 1502 4389">
    <p class='ocr_par' dir='ltr' id='par_1_7' title="bbox 142 3175 1502 4389">
     <span class='ocr_line' id='line_1_29' title="bbox 229 3175 1462 3266; baseline -0.005 -21"><span class='ocrx_word' id='word_1_265' title='bbox 229 3184 258 3245; x_wconf 88' lang='lat' dir='ltr'>l.</span> <span class='ocrx_word' id='word_1_266' title='bbox 281 3181 370 3259; x_wconf 88' lang='lat' dir='ltr'>Quae</span> <span class='ocrx_word' id='word_1_267' title='bbox 397 3187 561 3265; x_wconf 83' lang='lat' dir='ltr'>gerantur,</span> <span class='ocrx_word' id='word_1_268' title='bbox 590 3178 724 3266; x_wconf 86' lang='lat' dir='ltr'>accipies</span> <span class='ocrx_word' id='word_1_269' title='bbox 751 3200 792 3245; x_wconf 80' lang='lat' dir='ltr'>ex</span> <span class='ocrx_word' id='word_1_270' title='bbox 812 3178 967 3254; x_wconf 87' lang='lat' dir='ltr'>Pollione,</span> <span class='ocrx_word' id='word_1_271' title='bbox 1001 3177 1055 3264; x_wconf 92' lang='lat' dir='ltr'>qui</span> <span class='ocrx_word' id='word_1_272' title='bbox 1077 3175 1223 3243; x_wconf 92' lang='lat' dir='ltr'>omnibus</span> <span class='ocrx_word' id='word_1_273' title='bbox 1244 3175 1377 3262; x_wconf 90' lang='lat' dir='ltr'>negotiis</span> <span class='ocrx_word' id='word_1_274' title='bbox 1398 3196 1462 3240; x_wconf 92' lang='lat' dir='ltr'>non</span> 
     </span>
     <span class='ocr_line' id='line_1_30' title="bbox 144 3267 1500 3360; baseline -0.006 -20"><span class='ocrx_word' id='word_1_275' title='bbox 144 3274 286 3353; x_wconf 83' lang='lat' dir='ltr'>interfuit</span> <span class='ocrx_word' id='word_1_276' title='bbox 301 3274 419 3347; x_wconf 86' lang='lat' dir='ltr'>solum,</span> <span class='ocrx_word' id='word_1_277' title='bbox 443 3271 498 3337; x_wconf 92' lang='lat' dir='ltr'>sed</span> <span class='ocrx_word' id='word_1_278' title='bbox 519 3271 664 3360; x_wconf 78' lang='lat' dir='ltr'>praefuit.</span> <span class='ocrx_word' id='word_1_279' title='bbox 706 3277 757 3338; x_wconf 84' lang='lat' dir='ltr'>lle</span> <span class='ocrx_word' id='word_1_280' title='bbox 777 3272 811 3337; x_wconf 94' lang='lat' dir='ltr'>in</span> <span class='ocrx_word' id='word_1_281' title='bbox 832 3292 955 3337; x_wconf 91' lang='lat' dir='ltr'>summo</span> <span class='ocrx_word' id='word_1_282' title='bbox 976 3271 1102 3346; x_wconf 89' lang='lat' dir='ltr'>dolore,</span> <span class='ocrx_word' id='word_1_283' title='bbox 1126 3291 1219 3356; x_wconf 91' lang='lat' dir='ltr'>quem</span> <span class='ocrx_word' id='word_1_284' title='bbox 1234 3269 1266 3334; x_wconf 92' lang='lat' dir='ltr'>in</span> <span class='ocrx_word' id='word_1_285' title='bbox 1284 3269 1345 3335; x_wconf 88' lang='lat' dir='ltr'>tuis</span> <span class='ocrx_word' id='word_1_286' title='bbox 1366 3267 1500 3334; x_wconf 78' lang='lat' dir='ltr'>rebnsm</span> 
     </span>
     <span class='ocr_line' id='line_1_31' title="bbox 143 3360 1464 3455; baseline -0.005 -23"><span class='ocrx_word' id='word_1_287' title='bbox 143 3367 250 3455; x_wconf 88' lang='lat' dir='ltr'>capio,</span> <span class='ocrx_word' id='word_1_288' title='bbox 287 3367 422 3432; x_wconf 83' lang='lat' dir='ltr'>maxime</span> <span class='ocrx_word' id='word_1_289' title='bbox 444 3365 562 3431; x_wconf 88' lang='lat' dir='ltr'>seilicet</span> <span class='ocrx_word' id='word_1_290' title='bbox 583 3365 762 3431; x_wconf 88' lang='lat' dir='ltr'>consolatur</span> <span class='ocrx_word' id='word_1_291' title='bbox 790 3386 877 3452; x_wconf 89' lang='lat' dir='ltr'>spes,</span> <span class='ocrx_word' id='word_1_292' title='bbox 915 3363 1000 3452; x_wconf 92' lang='lat' dir='ltr'>quod</span> <span class='ocrx_word' id='word_1_293' title='bbox 1032 3362 1121 3429; x_wconf 88' lang='lat' dir='ltr'>valde</span> <span class='ocrx_word' id='word_1_294' title='bbox 1143 3363 1287 3449; x_wconf 90' lang='lat' dir='ltr'>suspicor</span> <span class='ocrx_word' id='word_1_295' title='bbox 1307 3360 1394 3437; x_wconf 85' lang='lat' dir='ltr'>lore,</span> <span class='ocrx_word' id='word_1_296' title='bbox 1428 3370 1464 3427; x_wconf 92' lang='lat' dir='ltr'>nt</span> 
     </span>
     <span class='ocr_line' id='line_1_32' title="bbox 144 3455 1463 3547; baseline -0.005 -21"><span class='ocrx_word' id='word_1_297' title='bbox 144 3459 331 3547; x_wconf 78' lang='lat' dir='ltr'>infringatur</span> <span class='ocrx_word' id='word_1_298' title='bbox 359 3460 520 3525; x_wconf 89' lang='lat' dir='ltr'>bominum</span> <span class='ocrx_word' id='word_1_299' title='bbox 551 3458 735 3546; x_wconf 88' lang='lat' dir='ltr'>improbitas</span> <span class='ocrx_word' id='word_1_300' title='bbox 762 3466 793 3523; x_wconf 91' lang='lat' dir='ltr'>et</span> <span class='ocrx_word' id='word_1_301' title='bbox 820 3458 958 3524; x_wconf 90' lang='lat' dir='ltr'>consiliis</span> <span class='ocrx_word' id='word_1_302' title='bbox 987 3466 1113 3523; x_wconf 91' lang='lat' dir='ltr'>tuorum</span> <span class='ocrx_word' id='word_1_303' title='bbox 1142 3457 1316 3522; x_wconf 89' lang='lat' dir='ltr'>amicorum</span> <span class='ocrx_word' id='word_1_304' title='bbox 1344 3455 1463 3541; x_wconf 90' lang='lat' dir='ltr'>etipsa</span> 
     </span>
     <span class='ocr_line' id='line_1_33' title="bbox 143 3549 1463 3642; baseline -0.005 -23"><span class='ocrx_word' id='word_1_305' title='bbox 143 3553 210 3628; x_wconf 87' lang='lat' dir='ltr'>die,</span> <span class='ocrx_word' id='word_1_306' title='bbox 247 3576 328 3642; x_wconf 93' lang='lat' dir='ltr'>qnae</span> <span class='ocrx_word' id='word_1_307' title='bbox 357 3551 498 3619; x_wconf 88' lang='lat' dir='ltr'>debilitat</span> <span class='ocrx_word' id='word_1_308' title='bbox 526 3552 733 3638; x_wconf 88' lang='lat' dir='ltr'>cogitationes</span> <span class='ocrx_word' id='word_1_309' title='bbox 760 3561 792 3617; x_wconf 92' lang='lat' dir='ltr'>et</span> <span class='ocrx_word' id='word_1_310' title='bbox 819 3552 1018 3617; x_wconf 90' lang='lat' dir='ltr'>inimicorum</span> <span class='ocrx_word' id='word_1_311' title='bbox 1046 3559 1078 3615; x_wconf 91' lang='lat' dir='ltr'>et</span> <span class='ocrx_word' id='word_1_312' title='bbox 1104 3549 1303 3637; x_wconf 90' lang='lat' dir='ltr'>proditorum</span> <span class='ocrx_word' id='word_1_313' title='bbox 1326 3555 1463 3614; x_wconf 91' lang='lat' dir='ltr'>tuorum.</span> 
     </span>
     <span class='ocr_line' id='line_1_34' title="bbox 142 3643 1462 3727; baseline -0.006 -15"><span class='ocrx_word' id='word_1_314' title='bbox 142 3652 173 3713; x_wconf 68' lang='lat'>2.</span> <span class='ocrx_word' id='word_1_315' title='bbox 205 3647 307 3714; x_wconf 81' lang='lat' dir='ltr'>Facile</span> <span class='ocrx_word' id='word_1_316' title='bbox 336 3645 474 3712; x_wconf 76' lang='lat' dir='ltr'>mcundo</span> <span class='ocrx_word' id='word_1_317' title='bbox 504 3645 574 3711; x_wconf 88' lang='lat' dir='ltr'>loco</span> <span class='ocrx_word' id='word_1_318' title='bbox 603 3668 653 3712; x_wconf 88' lang='lat' dir='ltr'>me</span> <span class='ocrx_word' id='word_1_319' title='bbox 680 3645 860 3711; x_wconf 88' lang='lat' dir='ltr'>consolatur</span> <span class='ocrx_word' id='word_1_320' title='bbox 886 3643 1064 3710; x_wconf 87' lang='lat' dir='ltr'>recordatio</span> <span class='ocrx_word' id='word_1_321' title='bbox 1092 3664 1237 3708; x_wconf 90' lang='lat' dir='ltr'>meorum</span> <span class='ocrx_word' id='word_1_322' title='bbox 1266 3650 1462 3727; x_wconf 85' lang='lat' dir='ltr'>temporum,</span> 
     </span>
     <span class='ocr_line' id='line_1_35' title="bbox 142 3735 1502 3830; baseline -0.009 -22"><span class='ocrx_word' id='word_1_323' title='bbox 142 3763 277 3830; x_wconf 89' lang='lat' dir='ltr'>qnorum</span> <span class='ocrx_word' id='word_1_324' title='bbox 299 3741 466 3826; x_wconf 89' lang='lat' dir='ltr'>imaginem</span> <span class='ocrx_word' id='word_1_325' title='bbox 488 3739 581 3805; x_wconf 81' lang='lat' dir='ltr'>video</span> <span class='ocrx_word' id='word_1_326' title='bbox 604 3739 635 3804; x_wconf 94' lang='lat' dir='ltr'>in</span> <span class='ocrx_word' id='word_1_327' title='bbox 656 3739 752 3805; x_wconf 91' lang='lat' dir='ltr'>rebus</span> <span class='ocrx_word' id='word_1_328' title='bbox 774 3740 846 3805; x_wconf 89' lang='lat' dir='ltr'>tuis.</span> <span class='ocrx_word' id='word_1_329' title='bbox 894 3744 971 3804; x_wconf 87' lang='lat' dir='ltr'>Nam</span> <span class='ocrx_word' id='word_1_330' title='bbox 993 3738 1051 3803; x_wconf 89' lang='lat' dir='ltr'>etsi</span> <span class='ocrx_word' id='word_1_331' title='bbox 1073 3738 1196 3803; x_wconf 89' lang='lat' dir='ltr'>minore</span> <span class='ocrx_word' id='word_1_332' title='bbox 1217 3737 1249 3802; x_wconf 95' lang='lat' dir='ltr'>in</span> <span class='ocrx_word' id='word_1_333' title='bbox 1270 3757 1307 3800; x_wconf 92' lang='lat' dir='ltr'>re</span> <span class='ocrx_word' id='word_1_334' title='bbox 1329 3735 1502 3800; x_wconf 71' lang='lat' dir='ltr'>violaturo</span> 
     </span>
     <span class='ocr_line' id='line_1_36' title="bbox 143 3830 1464 3921; baseline -0.007 -20"><span class='ocrx_word' id='word_1_335' title='bbox 143 3845 194 3901; x_wconf 91' lang='lat' dir='ltr'>tua</span> <span class='ocrx_word' id='word_1_336' title='bbox 209 3836 343 3921; x_wconf 91' lang='lat' dir='ltr'>dignitas</span> <span class='ocrx_word' id='word_1_337' title='bbox 358 3855 450 3920; x_wconf 92' lang='lat' dir='ltr'>quam</span> <span class='ocrx_word' id='word_1_338' title='bbox 466 3855 535 3898; x_wconf 90' lang='lat' dir='ltr'>mea</span> <span class='ocrx_word' id='word_1_339' title='bbox 553 3832 666 3898; x_wconf 84' lang='lat' dir='ltr'>afflicta</span> <span class='ocrx_word' id='word_1_340' title='bbox 677 3842 740 3908; x_wconf 92' lang='lat' dir='ltr'>est,</span> <span class='ocrx_word' id='word_1_341' title='bbox 762 3842 865 3899; x_wconf 74' lang='lat' dir='ltr'>tamor</span> <span class='ocrx_word' id='word_1_342' title='bbox 879 3840 926 3898; x_wconf 88' lang='lat' dir='ltr'>est</span> <span class='ocrx_word' id='word_1_343' title='bbox 943 3840 1028 3897; x_wconf 91' lang='lat' dir='ltr'>tanta</span> <span class='ocrx_word' id='word_1_344' title='bbox 1042 3830 1223 3905; x_wconf 90' lang='lat' dir='ltr'>similitudo,</span> <span class='ocrx_word' id='word_1_345' title='bbox 1246 3837 1281 3894; x_wconf 92' lang='lat' dir='ltr'>ut</span> <span class='ocrx_word' id='word_1_346' title='bbox 1294 3849 1417 3915; x_wconf 92' lang='lat' dir='ltr'>sperem</span> <span class='ocrx_word' id='word_1_347' title='bbox 1433 3836 1464 3893; x_wconf 89' lang='lat' dir='ltr'>to</span> 
     </span>
     <span class='ocr_line' id='line_1_37' title="bbox 143 3921 1463 4015; baseline -0.005 -21"><span class='ocrx_word' id='word_1_348' title='bbox 143 3929 218 3995; x_wconf 92' lang='lat' dir='ltr'>mibi</span> <span class='ocrx_word' id='word_1_349' title='bbox 241 3930 419 4014; x_wconf 88' lang='lat' dir='ltr'>ignoscere,</span> <span class='ocrx_word' id='word_1_350' title='bbox 442 3927 469 3993; x_wconf 91' lang='lat' dir='ltr'>si</span> <span class='ocrx_word' id='word_1_351' title='bbox 490 3949 527 3992; x_wconf 90' lang='lat' dir='ltr'>ea</span> <span class='ocrx_word' id='word_1_352' title='bbox 549 3948 612 3992; x_wconf 94' lang='lat' dir='ltr'>non</span> <span class='ocrx_word' id='word_1_353' title='bbox 634 3928 808 4003; x_wconf 87' lang='lat' dir='ltr'>timuerim,</span> <span class='ocrx_word' id='word_1_354' title='bbox 831 3948 912 4015; x_wconf 90' lang='lat' dir='ltr'>quae</span> <span class='ocrx_word' id='word_1_355' title='bbox 932 3948 971 3991; x_wconf 94' lang='lat' dir='ltr'>ne</span> <span class='ocrx_word' id='word_1_356' title='bbox 987 3935 1021 3991; x_wconf 93' lang='lat' dir='ltr'>tn</span> <span class='ocrx_word' id='word_1_357' title='bbox 1035 3923 1162 4012; x_wconf 90' lang='lat' dir='ltr'>quidem</span> <span class='ocrx_word' id='word_1_358' title='bbox 1176 3944 1313 4009; x_wconf 92' lang='lat' dir='ltr'>unquam</span> <span class='ocrx_word' id='word_1_359' title='bbox 1330 3921 1463 3988; x_wconf 87' lang='lat' dir='ltr'>timenda</span> 
     </span>
     <span class='ocr_line' id='line_1_38' title="bbox 142 4015 1463 4108; baseline -0.006 -20"><span class='ocrx_word' id='word_1_360' title='bbox 142 4020 270 4088; x_wconf 81' lang='lat' dir='ltr'>duxisti.</span> <span class='ocrx_word' id='word_1_361' title='bbox 328 4019 390 4088; x_wconf 88' lang='lat' dir='ltr'>Sed</span> <span class='ocrx_word' id='word_1_362' title='bbox 419 4031 541 4107; x_wconf 88' lang='lat' dir='ltr'>praesta</span> <span class='ocrx_word' id='word_1_363' title='bbox 573 4028 603 4086; x_wconf 92' lang='lat' dir='ltr'>te</span> <span class='ocrx_word' id='word_1_364' title='bbox 635 4041 728 4095; x_wconf 91' lang='lat' dir='ltr'>eum,</span> <span class='ocrx_word' id='word_1_365' title='bbox 764 4019 819 4108; x_wconf 92' lang='lat' dir='ltr'>qui</span> <span class='ocrx_word' id='word_1_366' title='bbox 840 4019 918 4084; x_wconf 91' lang='lat' dir='ltr'>mibi</span> <span class='ocrx_word' id='word_1_367' title='bbox 939 4040 958 4083; x_wconf 93' lang='lat' dir='ltr'>a</span> <span class='ocrx_word' id='word_1_368' title='bbox 979 4019 1111 4093; x_wconf 88' lang='lat' dir='ltr'>teneris,</span> <span class='ocrx_word' id='word_1_369' title='bbox 1148 4025 1183 4083; x_wconf 93' lang='lat' dir='ltr'>nt</span> <span class='ocrx_word' id='word_1_370' title='bbox 1206 4016 1316 4082; x_wconf 89' lang='lat' dir='ltr'>Graeci</span> <span class='ocrx_word' id='word_1_371' title='bbox 1338 4015 1463 4092; x_wconf 89' lang='lat' dir='ltr'>dicunt,</span> 
     </span>
     <span class='ocr_line' id='line_1_39' title="bbox 143 4109 1465 4200; baseline -0.004 -19"><span class='ocrx_word' id='word_1_372' title='bbox 143 4115 319 4200; x_wconf 88' lang='lat' dir='ltr'>unguiculis</span> <span class='ocrx_word' id='word_1_373' title='bbox 340 4136 374 4180; x_wconf 85' lang='lat' dir='ltr'>es</span> <span class='ocrx_word' id='word_1_374' title='bbox 395 4114 548 4200; x_wconf 85' lang='lat' dir='ltr'>cognitus.</span> <span class='ocrx_word' id='word_1_375' title='bbox 590 4112 775 4188; x_wconf 89' lang='lat' dir='ltr'>Illustrabit,</span> <span class='ocrx_word' id='word_1_376' title='bbox 798 4113 874 4178; x_wconf 92' lang='lat' dir='ltr'>mibi</span> <span class='ocrx_word' id='word_1_377' title='bbox 895 4111 1004 4188; x_wconf 89' lang='lat' dir='ltr'>crede,</span> <span class='ocrx_word' id='word_1_378' title='bbox 1033 4121 1117 4177; x_wconf 89' lang='lat' dir='ltr'>tuam</span> <span class='ocrx_word' id='word_1_379' title='bbox 1146 4109 1380 4196; x_wconf 90' lang='lat' dir='ltr'>amplitudinem</span> <span class='ocrx_word' id='word_1_380' title='bbox 1408 4109 1465 4176; x_wconf 90' lang='lat' dir='ltr'>bo-</span> 
     </span>
     <span class='ocr_line' id='line_1_40' title="bbox 143 4202 1501 4291; baseline -0.006 -19"><span class='ocrx_word' id='word_1_381' title='bbox 143 4208 261 4273; x_wconf 88' lang='lat' dir='ltr'>minum</span> <span class='ocrx_word' id='word_1_382' title='bbox 288 4208 414 4274; x_wconf 90' lang='lat' dir='ltr'>iniuria.</span> <span class='ocrx_word' id='word_1_383' title='bbox 470 4214 497 4273; x_wconf 80' lang='lat' dir='ltr'>A</span> <span class='ocrx_word' id='word_1_384' title='bbox 527 4229 577 4272; x_wconf 90' lang='lat' dir='ltr'>me</span> <span class='ocrx_word' id='word_1_385' title='bbox 607 4208 712 4273; x_wconf 90' lang='lat' dir='ltr'>omnia</span> <span class='ocrx_word' id='word_1_386' title='bbox 732 4228 853 4273; x_wconf 87' lang='lat' dir='ltr'>summa</span> <span class='ocrx_word' id='word_1_387' title='bbox 880 4206 914 4273; x_wconf 95' lang='lat' dir='ltr'>in</span> <span class='ocrx_word' id='word_1_388' title='bbox 939 4215 969 4271; x_wconf 90' lang='lat' dir='ltr'>te</span> <span class='ocrx_word' id='word_1_389' title='bbox 990 4205 1092 4272; x_wconf 88' lang='lat' dir='ltr'>studia</span> <span class='ocrx_word' id='word_1_390' title='bbox 1114 4202 1278 4291; x_wconf 87' lang='lat' dir='ltr'>officiaque</span> <span class='ocrx_word' id='word_1_391' title='bbox 1300 4213 1501 4290; x_wconf 76' lang='lat' dir='ltr'>exspectazm</span> 
     </span>
     <span class='ocr_line' id='line_1_41' title="bbox 142 4301 651 4389; baseline -0.012 -18"><span class='ocrx_word' id='word_1_392' title='bbox 142 4322 205 4371; x_wconf 84' lang='lat' dir='ltr'>oon</span> <span class='ocrx_word' id='word_1_393' title='bbox 226 4301 331 4367; x_wconf 82' lang='lat' dir='ltr'>fallam</span> <span class='ocrx_word' id='word_1_394' title='bbox 353 4302 534 4389; x_wconf 87' lang='lat' dir='ltr'>opinionem</span> <span class='ocrx_word' id='word_1_395' title='bbox 556 4312 651 4366; x_wconf 85' lang='lat' dir='ltr'>tuam</span> 
     </span>
    </p>
   </div>
   <div class='ocr_carea' id='block_1_8' title="bbox 141 4461 1464 4936">
    <p class='ocr_par' dir='ltr' id='par_1_8' title="bbox 141 4461 1464 4936">
     <span class='ocr_line' id='line_1_42' title="bbox 210 4461 1464 4528; baseline -0.002 -14"><span class='ocrx_word' id='word_1_396' title='bbox 210 4465 238 4514; x_wconf 75' lang='lat'>2.</span> <span class='ocrx_word' id='word_1_397' title='bbox 260 4465 324 4514; x_wconf 79' lang='lat' dir='ltr'>Utor</span> <span class='ocrx_word' id='word_1_398' title='bbox 345 4465 391 4516; x_wconf 78' lang='lat' dir='ltr'>lla</span> <span class='ocrx_word' id='word_1_399' title='bbox 420 4472 532 4528; x_wconf 75' lang='lat' dir='ltr'>retorque</span> <span class='ocrx_word' id='word_1_400' title='bbox 551 4464 581 4514; x_wconf 80' lang='lat' dir='ltr'>ll.</span> <span class='ocrx_word' id='word_1_401' title='bbox 597 4488 628 4499; x_wconf 92' lang='lat'>-</span> <span class='ocrx_word' id='word_1_402' title='bbox 653 4465 680 4514; x_wconf 82' lang='grc'><strong>3.</strong></span> <span class='ocrx_word' id='word_1_403' title='bbox 698 4466 826 4514; x_wconf 77' lang='lat' dir='ltr'>amtorem</span> <span class='ocrx_word' id='word_1_404' title='bbox 843 4463 881 4515; x_wconf 84' lang='grc' dir='ltr'><strong>Μ.</strong></span> <span class='ocrx_word' id='word_1_405' title='bbox 901 4487 931 4500; x_wconf 93' lang='grc'>-</span> <span class='ocrx_word' id='word_1_406' title='bbox 952 4463 979 4512; x_wconf 88' lang='lat' dir='ltr'>o.</span> <span class='ocrx_word' id='word_1_407' title='bbox 1000 4462 1045 4513; x_wconf 87' lang='lat' dir='ltr'>Sto</span> <span class='ocrx_word' id='word_1_408' title='bbox 1064 4461 1277 4511; x_wconf 77' lang='lat' dir='ltr'>ballemandine.</span> <span class='ocrx_word' id='word_1_409' title='bbox 1296 4462 1464 4512; x_wconf 82' lang='lat' dir='ltr'>Continuant</span> 
     </span>
     <span class='ocr_line' id='line_1_43' title="bbox 142 4531 1464 4599; baseline -0.002 -15"><span class='ocrx_word' id='word_1_410' title='bbox 142 4533 366 4598; x_wconf 78' lang='lat' dir='ltr'>bancaplstolam</span> <span class='ocrx_word' id='word_1_411' title='bbox 388 4549 450 4585; x_wconf 89' lang='lat' dir='ltr'>cum</span> <span class='ocrx_word' id='word_1_412' title='bbox 471 4534 682 4599; x_wconf 77' lang='lat' dir='ltr'>superiorelllt.</span> <span class='ocrx_word' id='word_1_413' title='bbox 700 4558 728 4570; x_wconf 93' lang='lat'>-</span> <span class='ocrx_word' id='word_1_414' title='bbox 766 4534 792 4583; x_wconf 86' lang='lat' dir='ltr'>s.</span> <span class='ocrx_word' id='word_1_415' title='bbox 812 4547 934 4597; x_wconf 77' lang='lat' dir='ltr'>cognosse</span> <span class='ocrx_word' id='word_1_416' title='bbox 951 4533 995 4584; x_wconf 76' lang='lat' dir='ltr'>it:</span> <span class='ocrx_word' id='word_1_417' title='bbox 1016 4531 1216 4596; x_wconf 73' lang='lat' dir='ltr'>cognoscenti.</span> <span class='ocrx_word' id='word_1_418' title='bbox 1238 4555 1268 4568; x_wconf 91' lang='lat'><em>-</em></span> <span class='ocrx_word' id='word_1_419' title='bbox 1296 4533 1324 4582; x_wconf 74' lang='grc'><strong>9.</strong></span> <span class='ocrx_word' id='word_1_420' title='bbox 1342 4533 1464 4582; x_wconf 77' lang='lat' dir='ltr'>otdentm·</span> 
     </span>
     <span class='ocr_line' id='line_1_44' title="bbox 142 4600 1464 4666; baseline -0.003 -12"><span class='ocrx_word' id='word_1_421' title='bbox 142 4602 184 4654; x_wconf 78' lang='lat' dir='ltr'>bl:</span> <span class='ocrx_word' id='word_1_422' title='bbox 205 4605 270 4654; x_wconf 74' lang='lat' dir='ltr'>mitt</span> <span class='ocrx_word' id='word_1_423' title='bbox 287 4607 408 4655; x_wconf 77' lang='lat' dir='ltr'>videntur</span> <span class='ocrx_word' id='word_1_424' title='bbox 426 4605 457 4654; x_wconf 82' lang='lat' dir='ltr'>ll.</span> <span class='ocrx_word' id='word_1_425' title='bbox 479 4628 510 4641; x_wconf 89' lang='lat'>-</span> <span class='ocrx_word' id='word_1_426' title='bbox 530 4606 573 4655; x_wconf 85' lang='lat'>10.</span> <span class='ocrx_word' id='word_1_427' title='bbox 593 4610 618 4653; x_wconf 84' lang='lat' dir='ltr'>et</span> <span class='ocrx_word' id='word_1_428' title='bbox 636 4605 708 4666; x_wconf 76' lang='lat' dir='ltr'>epm</span> <span class='ocrx_word' id='word_1_429' title='bbox 726 4603 772 4653; x_wconf 78' lang='lat' dir='ltr'>bia</span> <span class='ocrx_word' id='word_1_430' title='bbox 790 4605 862 4666; x_wconf 79' lang='lat' dir='ltr'>opud</span> <span class='ocrx_word' id='word_1_431' title='bbox 882 4603 912 4652; x_wconf 82' lang='lat' dir='ltr'>ll.</span> <span class='ocrx_word' id='word_1_432' title='bbox 934 4626 965 4638; x_wconf 93' lang='lat'><em>-</em></span> <span class='ocrx_word' id='word_1_433' title='bbox 984 4610 1014 4652; x_wconf 85' lang='lat' dir='ltr'>ot</span> <span class='ocrx_word' id='word_1_434' title='bbox 1034 4609 1126 4651; x_wconf 82' lang='lat' dir='ltr'>octauo</span> <span class='ocrx_word' id='word_1_435' title='bbox 1145 4601 1206 4649; x_wconf 80' lang='lat' dir='ltr'>ldae</span> <span class='ocrx_word' id='word_1_436' title='bbox 1219 4600 1370 4660; x_wconf 70' lang='lat' dir='ltr'>februortoa</span> <span class='ocrx_word' id='word_1_437' title='bbox 1387 4614 1464 4665; x_wconf 83' lang='lat' dir='ltr'>qoem</span> 
     </span>
     <span class='ocr_line' id='line_1_45' title="bbox 142 4670 1464 4735; baseline -0.003 -11"><span class='ocrx_word' id='word_1_438' title='bbox 142 4673 179 4724; x_wconf 82' lang='lat' dir='ltr'>ll·</span> <span class='ocrx_word' id='word_1_439' title='bbox 201 4697 232 4710; x_wconf 93' lang='lat'>-</span> <span class='ocrx_word' id='word_1_440' title='bbox 264 4676 307 4724; x_wconf 85' lang='lat' dir='ltr'>li.</span> <span class='ocrx_word' id='word_1_441' title='bbox 326 4676 411 4725; x_wconf 78' lang='lat' dir='ltr'>iactate</span> <span class='ocrx_word' id='word_1_442' title='bbox 428 4675 466 4725; x_wconf 75' lang='lat' dir='ltr'>bl.</span> <span class='ocrx_word' id='word_1_443' title='bbox 489 4697 517 4710; x_wconf 89' lang='lat'>-·</span> <span class='ocrx_word' id='word_1_444' title='bbox 556 4674 599 4723; x_wconf 80' lang='lat' dir='ltr'>ta.</span> <span class='ocrx_word' id='word_1_445' title='bbox 619 4671 738 4735; x_wconf 76' lang='lat' dir='ltr'>nimiam]</span> <span class='ocrx_word' id='word_1_446' title='bbox 758 4676 873 4722; x_wconf 79' lang='lat' dir='ltr'>omnium</span> <span class='ocrx_word' id='word_1_447' title='bbox 891 4687 952 4722; x_wconf 86' lang='lat' dir='ltr'>curn</span> <span class='ocrx_word' id='word_1_448' title='bbox 973 4673 1094 4723; x_wconf 81' lang='lat' dir='ltr'>Manutio</span> <span class='ocrx_word' id='word_1_449' title='bbox 1112 4670 1271 4719; x_wconf 81' lang='lat' dir='ltr'>Lambinus.</span> <span class='ocrx_word' id='word_1_450' title='bbox 1293 4693 1325 4706; x_wconf 89' lang='lat'>·-</span> <span class='ocrx_word' id='word_1_451' title='bbox 1353 4672 1396 4721; x_wconf 81' lang='lat' dir='ltr'>ts.</span> <span class='ocrx_word' id='word_1_452' title='bbox 1416 4684 1464 4720; x_wconf 71' lang='lat' dir='ltr'>rea·</span> 
     </span>
     <span class='ocr_line' id='line_1_46' title="bbox 141 4741 1464 4805; baseline -0.004 -11"><span class='ocrx_word' id='word_1_453' title='bbox 141 4758 198 4794; x_wconf 79' lang='lat' dir='ltr'>cnm</span> <span class='ocrx_word' id='word_1_454' title='bbox 216 4743 261 4795; x_wconf 79' lang='lat' dir='ltr'>ll:</span> <span class='ocrx_word' id='word_1_455' title='bbox 288 4759 346 4795; x_wconf 74' lang='lat' dir='ltr'>eum</span> <span class='ocrx_word' id='word_1_456' title='bbox 372 4758 419 4796; x_wconf 81' lang='lat' dir='ltr'>rec</span> <span class='ocrx_word' id='word_1_457' title='bbox 437 4745 468 4795; x_wconf 81' lang='lat' dir='ltr'>E.</span> <span class='ocrx_word' id='word_1_458' title='bbox 491 4768 523 4780; x_wconf 89' lang='lat'>-</span> <span class='ocrx_word' id='word_1_459' title='bbox 558 4757 610 4793; x_wconf 80' lang='lat' dir='ltr'>rem</span> <span class='ocrx_word' id='word_1_460' title='bbox 628 4743 673 4795; x_wconf 84' lang='lat' dir='ltr'>bl:</span> <span class='ocrx_word' id='word_1_461' title='bbox 700 4744 797 4794; x_wconf 76' lang='lat' dir='ltr'>seretti</span> <span class='ocrx_word' id='word_1_462' title='bbox 817 4743 847 4792; x_wconf 85' lang='lat' dir='ltr'>lt.</span> <span class='ocrx_word' id='word_1_463' title='bbox 869 4768 897 4780; x_wconf 91' lang='lat'><em>-</em></span> <span class='ocrx_word' id='word_1_464' title='bbox 919 4743 963 4793; x_wconf 65' lang='grc' dir='ltr'><strong>Ἦ.</strong></span> <span class='ocrx_word' id='word_1_465' title='bbox 980 4743 1217 4805; x_wconf 77' lang='lat' dir='ltr'>praetermittemus</span> <span class='ocrx_word' id='word_1_466' title='bbox 1235 4741 1267 4790; x_wconf 86' lang='lat' dir='ltr'>ll.</span> <span class='ocrx_word' id='word_1_467' title='bbox 1299 4766 1316 4773; x_wconf 96' lang='lat'>-</span> <span class='ocrx_word' id='word_1_468' title='bbox 1340 4741 1384 4791; x_wconf 81' lang='grc'><strong>33.</strong></span> <span class='ocrx_word' id='word_1_469' title='bbox 1401 4754 1464 4803; x_wconf 82' lang='lat' dir='ltr'>pro·</span> 
     </span>
     <span class='ocr_line' id='line_1_47' title="bbox 141 4808 1462 4936; baseline -0.002 -73"><span class='ocrx_word' id='word_1_470' title='bbox 141 4813 425 4936; x_wconf 54' lang='lat' dir='ltr'>&amp;tergoraqtoorumllz</span> <span class='ocrx_word' id='word_1_471' title='bbox 442 4815 611 4878; x_wconf 77' lang='lat' dir='ltr'>proditorem</span> <span class='ocrx_word' id='word_1_472' title='bbox 624 4813 655 4866; x_wconf 84' lang='lat' dir='ltr'>li.</span> <span class='ocrx_word' id='word_1_473' title='bbox 677 4837 707 4850; x_wconf 92' lang='lat'>-</span> <span class='ocrx_word' id='word_1_474' title='bbox 744 4812 789 4865; x_wconf 74' lang='grc'><strong>36.</strong></span> <span class='ocrx_word' id='word_1_475' title='bbox 807 4826 865 4864; x_wconf 83' lang='lat' dir='ltr'>meo</span> <span class='ocrx_word' id='word_1_476' title='bbox 891 4812 992 4878; x_wconf 72' lang='lat' dir='ltr'>amicto</span> <span class='ocrx_word' id='word_1_477' title='bbox 1015 4812 1061 4863; x_wconf 76' lang='lat' dir='ltr'>lla</span> <span class='ocrx_word' id='word_1_478' title='bbox 1087 4823 1145 4862; x_wconf 81' lang='lat' dir='ltr'>meo</span> <span class='ocrx_word' id='word_1_479' title='bbox 1163 4809 1234 4860; x_wconf 78' lang='lat' dir='ltr'>solos</span> <span class='ocrx_word' id='word_1_480' title='bbox 1261 4808 1361 4876; x_wconf 73' lang='lat' dir='ltr'>amicto</span> <span class='ocrx_word' id='word_1_481' title='bbox 1379 4811 1410 4861; x_wconf 80' lang='lat' dir='ltr'>B.</span> <span class='ocrx_word' id='word_1_482' title='bbox 1432 4833 1462 4848; x_wconf 89' lang='lat'>-</span> 
     </span>
     <span class='ocr_line' id='line_1_48' title="bbox 141 4882 583 4936; baseline -0.007 -1"><span class='ocrx_word' id='word_1_483' title='bbox 141 4892 178 4935; x_wconf 78' lang='lat' dir='ltr'>eat</span> <span class='ocrx_word' id='word_1_484' title='bbox 265 4884 354 4936; x_wconf 72' lang='lat' dir='ltr'>‚Vnt</span> <span class='ocrx_word' id='word_1_485' title='bbox 379 4884 433 4936; x_wconf 78' lang='lat' dir='ltr'>Va:</span> <span class='ocrx_word' id='word_1_486' title='bbox 464 4887 499 4936; x_wconf 81' lang='lat' dir='ltr'>att</span> <span class='ocrx_word' id='word_1_487' title='bbox 523 4882 583 4936; x_wconf 80' lang='lat' dir='ltr'>lili.</span> 
     </span>
    </p>
   </div>
   <div class='ocr_carea' id='block_1_9' title="bbox 0 0 1632 5400">
    <p class='ocr_par' dir='ltr' id='par_1_9' title="bbox 0 0 1632 5400">
     <span class='ocr_line' id='line_1_49' title="bbox 0 0 1632 5400; baseline 0 0"><span class='ocrx_word' id='word_1_488' title='bbox 0 0 1632 5400; x_wconf 95' lang='lat' dir='ltr'> </span> 
     </span>
    </p>
   </div>
  </div>
 </body>
</html>
