3256 5400
473 245 547 309 uu.
568 245 592 309 1.
635 246 694 309 ΕΡ.
717 245 767 308 10.
808 244 943 308 uun.
985 246 1044 309 ΕΡ.
1068 246 1096 309 l.
1120 247 1150 308 2.

693 557 845 618 LIBER
870 557 922 617 11.

329 745 408 819 ΑΙ)
441 743 487 823 C.
521 745 841 825 CURlONEM
875 749 952 825 ET
985 749 1278 827 CETEROS.

634 1125 659 1187 1.
701 1122 752 1202 (A.
778 1125 811 1186 n.
833 1124 865 1187 c.
887 1122 977 1201 τοι.)

523 1247 565 1309 n.
588 1245 731 1309 cronno
754 1247 786 1308 s.
808 1247 845 1307 n.
868 1246 901 1308 e.
925 1246 1093 1309 nonnoni.

147 1404 175 1464 l.
220 1375 427 1484 Quamquam
443 1420 494 1463 me
509 1400 634 1465 nomine
654 1401 860 1486 negligentiae
880 1411 1059 1487 suspectum
1075 1401 1131 1467 tibi
1145 1424 1213 1468 esse
1232 1402 1341 1476 doleo,
1363 1412 1467 1469 tamen

143 1514 208 1559 nou
240 1503 303 1557 tam
331 1492 405 1557 mibi
433 1493 599 1558 molestum
634 1493 693 1559 luit
724 1494 864 1560 accusari
898 1493 954 1559 abs
988 1504 1018 1559 te
1044 1497 1179 1561 officium
1214 1519 1341 1570 meum,
1374 1519 1468 1584 mam

144 1585 314 1652 iucrmdum
338 1586 475 1673 requiri;
503 1587 689 1672 praesertim
710 1608 801 1662 eum,
834 1589 866 1652 in
891 1610 954 1675 quo
976 1589 1161 1664 accusabar,
1195 1590 1285 1676 eulpa
1304 1611 1492 1666 vacarem,s

143 1680 175 1744 in
197 1701 261 1766 quo
283 1689 386 1745 autem
401 1679 581 1746 desiderare
602 1692 633 1747 te
657 1679 852 1766 significabas
873 1702 959 1745 mens
984 1681 1120 1757 litteras,
1143 1704 1219 1767 prae
1237 1682 1381 1747 telernes
1396 1704 1468 1769 per·

143 1782 284 1859 spectum
306 1773 382 1838 mihi
397 1773 523 1860 quidem
538 1774 594 1839 sed
612 1785 715 1838 umen
729 1773 852 1838 dulcem
872 1783 904 1838 et
920 1784 1060 1860 optatum
1082 1796 1221 1841 amorem
1241 1785 1339 1841 tuum.
1373 1776 1467 1863 Equi-

143 1866 215 1931 dem
238 1867 395 1931 neminem
414 1867 629 1953 praetermisi,
665 1887 760 1954 quem
783 1867 909 1955 quidem
936 1867 975 1933 ad
996 1877 1027 1933 te
1049 1879 1277 1953 perventurum
1302 1877 1467 1954 putarem,

143 1959 194 2024 eui
216 1960 333 2025 litteras
363 1982 427 2026 non
453 1960 606 2026 dederim.
655 1960 776 2025 Etenim
804 1960 875 2047 quis
891 1968 945 2025 est
972 1967 1036 2025 tam
1062 1962 1094 2026 in
1121 1961 1287 2027 scribendo
1314 1962 1466 2048 impiger,

143 2074 237 2139 mam
260 2059 343 2139 ego?
374 2059 401 2120 ‚t
421 2064 452 2119 te
468 2075 546 2120 vero
561 2052 609 2120 bis
623 2063 711 2119 terve
725 2075 881 2119 summum
897 2062 929 2119 et
945 2075 998 2119 eas
1018 2055 1189 2141 perbreves
1212 2056 1326 2142 accepi.
1349 2058 1466 2133 Quare,
1478 2083 1504 2121 n

143 2145 170 2210 si
192 2147 318 2233 iniquus
342 2169 376 2213 es
406 2148 438 2213 in
458 2170 509 2214 me
530 2149 640 2224 iudex,
663 2147 879 2212 condemnabo
899 2147 1010 2213 eodem
1034 2170 1094 2234 ego
1119 2159 1149 2214 te
1169 2150 1315 2226 crimine;
1344 2149 1391 2214 sin
1416 2170 1466 2213 me

143 2240 175 2305 id
197 2240 302 2307 lacere
323 2242 425 2316 noles,
448 2250 478 2306 te
499 2242 577 2308 mibi
596 2263 730 2328 aequum
752 2240 906 2326 praebere
934 2240 1072 2307 debebis.
1120 2243 1182 2308 Sed
1203 2243 1242 2308 de
1265 2242 1374 2307 litteris
1396 2243 1466 2307 bac-

143 2342 248 2412 tenus3
274 2356 337 2400 non
358 2336 443 2400 enim
463 2357 592 2411 vereor,
615 2357 654 2401 ne
675 2356 740 2400 non
757 2335 924 2400 scribendo
950 2345 980 2401 te
1000 2337 1160 2422 expleam,
1189 2336 1375 2424 praesertim
1392 2335 1466 2400 siin

145 2449 186 2493 eo
214 2449 330 2513 genere
358 2429 495 2495 studium
526 2452 631 2495 meum
662 2450 724 2495 non
746 2428 964 2515 aspernabere.
1019 2434 1049 2494 2.
1071 2434 1138 2516 Ego
1163 2441 1194 2496 te
1214 2429 1328 2495 aluisse
1350 2427 1467 2495 tamdiu

144 2544 162 2586 a
185 2521 278 2587 uobis
300 2531 331 2587 et
352 2522 454 2598 dolui,
477 2525 562 2611 quod
585 2524 671 2589 carui
692 2523 797 2589 fructu
818 2522 1058 2588 iucundissimae
1080 2522 1332 2597 consuetudinis;
1355 2531 1386 2585 et
1405 2521 1466 2585 lae·
1479 2548 1504 2591 rs

143 2621 209 2689 tor,
232 2615 317 2702 quod
339 2614 451 2681 absens
472 2617 576 2682 omnia
598 2638 670 2682 cum
691 2617 827 2680 maxima
841 2614 990 2700 dignitate
1012 2637 1046 2680 es
1066 2624 1251 2680 consecutus
1265 2613 1412 2701 quodque
1434 2615 1467 2678 in

142 2708 288 2774 omnibus
310 2710 371 2775 tuis
393 2711 488 2776 rebus
509 2711 588 2775 meis
609 2709 722 2797 optatis
744 2708 870 2774 fortuna
893 2707 1064 2793 respondit.
1107 2713 1208 2772 Breve
1229 2719 1292 2781 est,
1315 2706 1400 2794 quod
1416 2729 1466 2771 me

144 2801 198 2866 tibi
220 2804 404 2890 praecipere
426 2826 514 2870 meus
536 2803 727 2869 incredibilis
748 2803 781 2867 in
802 2810 833 2866 te
854 2820 944 2865 amor
965 2799 1058 2884 cogit.
1101 2804 1198 2864 Tanta
1213 2809 1261 2864 est
1275 2801 1466 2885 exspectabo

143 2894 192 2958 vel
214 2894 311 2961 animi
332 2897 382 2962 vel
404 2898 520 2983 ingenii
542 2898 602 2973 tui,
625 2907 660 2962 ut
681 2918 741 2981 ego
763 2905 793 2961 te
815 2893 982 2960 obsecrare
1003 2891 1217 2978 obtestarique
1237 2914 1300 2957 non
1315 2891 1466 2968 dubitem,

143 2987 187 3052 sic
208 2989 249 3054 ad
270 3011 329 3056 nos
358 2991 572 3057 conformatus
593 2999 776 3063 revertare,
804 2997 856 3063 ut,
892 3007 986 3073 quam
1008 2987 1273 3072 exspectationem
1296 2986 1341 3051 tui
1363 2986 1504 3052 conci-so

143 3083 228 3157 tasti,
249 3082 329 3149 banc
349 3085 504 3150 sustinere
527 3106 563 3150 ac
584 3084 667 3150 tueri
692 3081 805 3171 possis.
861 3084 920 3155 Et,
943 3080 1092 3165 quoniam
1114 3101 1216 3144 meam
1238 3086 1366 3144 tuorum
1392 3101 1467 3166 erga

143 3196 193 3239 me
215 3176 401 3242 meritorum
431 3178 616 3243 memoriam
648 3177 732 3242 nulla
757 3195 894 3261 unquam
918 3172 1035 3238 delebit
1063 3173 1202 3247 oblivio,
1239 3182 1269 3237 te
1296 3195 1395 3258 rogo,
1432 3182 1467 3239 ut

143 3270 342 3345 memineris,
366 3279 622 3357 quantaecunque
643 3269 701 3334 tibi
721 3267 914 3334 accessiones
930 3266 1005 3330 fient
1026 3274 1058 3329 et
1079 3265 1224 3331 fortunae
1245 3277 1277 3329 et
1292 3266 1466 3352 dignitatis,

142 3384 195 3427 eas
228 3373 258 3428 te
287 3385 351 3429 uon
376 3365 516 3449 potuisse
548 3364 716 3451 consequi,
753 3361 813 3426 nisi
840 3360 919 3424 meis
944 3381 1024 3445 puer
1058 3359 1133 3424 olim
1157 3359 1345 3425 fidelissimis
1373 3372 1466 3447 atque

142 3456 362 3521 amantissimis
382 3457 521 3523 consiliis
542 3459 710 3546 paruisses.
755 3459 860 3533 Quare
885 3454 946 3519 boc
971 3453 1076 3517 animo
1097 3452 1130 3517 in
1151 3474 1208 3517 uos
1230 3473 1299 3517 esse
1326 3452 1466 3526 debebis,
1476 3480 1504 3519 ss

142 3560 176 3614 ut
205 3559 290 3613 aetas
322 3559 428 3615 nostra
460 3551 522 3616 iam
554 3553 775 3637 ingravescens
809 3548 842 3613 in
868 3568 977 3613 amore
999 3556 1092 3633 atque
1121 3547 1153 3611 in
1176 3545 1384 3611 adolescentia
1413 3554 1465 3612 tua

141 3642 354 3729 conquiescat.

623 3753 983 3840 umnam)

514 3874 555 3934 n.
579 3871 722 3935 cronno
746 3872 777 3932 s
799 3872 837 3932 n.
860 3867 893 3932 e.
917 3865 1086 3931 corioni.

204 3991 300 4057 Gravi
327 3998 405 4055 teste
433 3991 574 4076 privatus
602 4011 670 4054 sum
703 3988 820 4053 amoris
854 3985 967 4053 summi
991 4005 1066 4070 erga
1099 3994 1129 4049 te
1162 3984 1242 4057 mei,
1275 3995 1363 4071 patro
1387 3995 1503 4061 tuom

141 4085 315 4150 clarissimo
338 4084 429 4149 viro:
471 4083 525 4170 qui
563 4104 633 4148 cum
654 4083 719 4147 suis
749 4080 910 4154 laudibus,
944 4089 1010 4143 tum
1035 4100 1113 4144 vero
1135 4087 1165 4143 te
1192 4078 1257 4142 filio
1287 4087 1467 4163 superasset

141 4178 282 4243 omnium
305 4178 487 4252 fortunam,
521 4178 547 4241 si
574 4177 605 4241 ei
626 4175 830 4259 contigisset,
862 4182 897 4239 ut
918 4182 948 4237 te
971 4180 1042 4237 ante
1071 4173 1212 4244 videret,
1246 4193 1340 4258 quam
1362 4193 1380 4235 a
1403 4171 1465 4236 vita

141 4272 326 4337 diseederet.
376 4272 438 4337 Sed
460 4293 555 4357 spero
577 4279 716 4335 nostram
737 4268 903 4332 amicitiam
926 4288 988 4332 non
1011 4287 1106 4350 egere
1136 4264 1276 4330 testibus.
1320 4265 1389 4330 Tibi
1412 4286 1465 4350 pa·

141 4364 324 4430 trimonium
350 4363 395 4429 dii
431 4365 601 4431 fortunent.
658 4368 708 4429 llle
730 4377 815 4426 certe
837 4359 986 4434 babebis,
1008 4360 1059 4424 cui
1083 4368 1114 4425 et
1135 4378 1227 4423 carus
1249 4379 1349 4445 aeque
1371 4359 1413 4423 sis
1435 4364 1465 4420 et

140 4457 295 4523 iucundus
317 4480 353 4523 nc
375 4458 461 4523 luisti
483 4456 574 4544 patri.
1474 4493 1502 4533 ,³

208 4620 235 4670 5.
255 4617 323 4683 cnm]
342 4634 421 4683 wem
440 4633 480 4682 pr.
500 4618 545 4674 bt,
576 4619 645 4681 qnod
663 4631 735 4667 corr.
755 4617 792 4668 nt.
823 4641 853 4653 -
889 4619 915 4667 a.
943 4618 971 4665 tn
995 4615 1108 4665 om.lt1.
1136 4614 1191 4664 Cir.
1214 4613 1291 4662 lland
1311 4612 1390 4661 Tura.
1413 4609 1462 4658 ΙΙΙ.

141 4704 167 4753 p.
186 4689 249 4740 uno.
269 4713 303 4726 -
339 4691 382 4740 15.
413 4684 614 4750 cmmtrtdints]
646 4689 837 4737 consuetudinis
866 4694 928 4735 tneo
958 4687 1115 4735 Lambinus.
1145 4709 1175 4720 -
1224 4685 1268 4731 20.
1296 4682 1464 4744 confirmatus

140 4773 209 4810 οοπ.
230 4760 268 4811 bl.
287 4785 317 4796 -
353 4761 398 4810 Ἠ.
426 4761 481 4809 ullu
508 4772 549 4821 pr.
570 4758 606 4808 bl.
629 4782 659 4792 -
695 4758 740 4806 2³.
759 4759 825 4820 fiunt
855 4757 935 4806 Mart.
963 4757 1028 4815 bag.
1057 4781 1084 4790 -
1123 4754 1168 4803 et.
1188 4755 1240 4801 nisi
1257 4765 1312 4801 om.
1334 4751 1369 4800 bl.
1390 4750 1461 4798 Fert.

139 4833 185 4888 nt,
211 4831 371 4893 absorptum
398 4844 413 4880 n
442 4829 665 4892 praecedentibus
692 4827 786 4877 litteris
804 4829 841 4876 nt.
861 4826 941 4877 Bnrr.
964 4850 993 4861 -
1030 4825 1074 4875 ³⁸2.
1095 4840 1107 4873 e
1125 4826 1181 4873 vito
1202 4823 1330 4872 decederet
1349 4820 1464 4870 Cratan-

140 4901 197 4950 der.
220 4924 250 4936 -
271 4900 316 4951 dt.
335 4901 376 4949 det
394 4900 431 4950 n.
