3256 5400
193 230 256 290 374
689 223 747 286 ΕΡ.
768 223 820 284 ΑΙ)
842 218 1013 284 ATTICUM

193 396 240 450 est
268 385 369 449 adbuc
397 382 563 447 informata
593 379 749 464 cogitatio.
802 383 865 443 Nos
895 379 1035 445 inomni
1056 399 1186 446 munere
1208 380 1421 448 candidatorio
1442 382 1514 447 iun·

192 479 294 565 gendo
322 498 474 544 summam
502 473 717 541 adhibebimus
746 472 954 558 diligentiam,
986 483 1017 539 et
1036 473 1186 549 fortasse,
1218 476 1367 561 quoniam
1387 477 1514 543 videtur

193 575 225 639 in
247 573 403 657 suffragiis
430 570 561 635 multum
583 588 674 654 posse
697 567 810 640 Callia,
838 588 908 632 cum
931 573 1048 634 Romae
1069 567 1230 634 uindiciis
1252 568 1358 635 forum
1379 570 1515 635 refrixe-

191 670 248 742 rit,
272 686 476 732 excurremus
498 683 604 727 mense
626 659 802 748 Septembri
823 662 916 746 legati
937 661 977 726 ed
996 662 1158 737 Pisonem,
1179 671 1215 728 ut
1235 665 1383 729 Ianuario
1405 686 1515 730 rever-

163 797 183 831 ..i
191 774 303 827 tamur.
353 764 430 826 Cum
458 776 651 843 perspexero
678 755 852 820 voluntates
881 754 1052 830 nobilium,
1083 754 1217 821 scribam
1245 757 1285 822 ad
1306 768 1346 822 te.
1401 763 1514 825 Cetera

190 875 284 942 spero
306 853 429 940 prolixa
450 872 533 924 esse,
566 849 614 915 bis
635 848 794 914 dumtaxat
815 847 943 914 urbanis
965 849 1233 934 competitoribus.
1276 851 1363 916 lllam
1385 875 1513 919 manum

189 960 223 1015 tu
243 948 318 1013 mibi
340 967 415 1012 cura
440 954 476 1010 ut
498 952 654 1029 praestes,
677 943 824 1028 quoniam
846 944 976 1029 propius
998 942 1087 1019 abes,
1110 945 1266 1030 Pompeii,
1289 946 1388 1011 nostri
1409 948 1513 1012 amici.

188 1048 272 1126 Nega
300 1061 351 1105 me
380 1040 410 1105 ei
439 1039 552 1103 iratum
580 1035 666 1109 fore,
696 1037 722 1100 si
743 1035 783 1100 ad
804 1056 873 1100 mea
894 1038 1020 1102 comitia
1041 1060 1104 1103 non
1126 1038 1257 1105 venerit.
1311 1045 1411 1127 Atque
1433 1041 1512 1106 baec

189 1134 368 1202 huiusmodi
397 1142 477 1199 sunt.
531 1136 561 1196 3.
584 1129 646 1194 Sed
668 1139 731 1203 est,
755 1129 839 1215 quod
861 1129 916 1195 abs
938 1140 968 1195 te
991 1131 1066 1196 mibi
1088 1133 1207 1217 ignosci
1228 1134 1390 1220 pervelim.
1434 1139 1510 1200 Cae-

153 1261 179 1298 is
188 1229 292 1302 cilius,
329 1225 499 1292 avunculus
528 1234 623 1297 tuus,
659 1228 730 1287 aP.
753 1224 850 1289 Vario
883 1245 954 1289 cum
986 1246 1095 1310 magna
1129 1227 1260 1311 pecunia
1291 1226 1509 1301 fraudaretur,

187 1344 281 1408 agere
302 1325 405 1407 eoepit
426 1340 495 1383 eum
519 1319 587 1383 eius
608 1317 705 1382 fratre
726 1322 762 1382 Α.
785 1316 915 1383 Caninio
938 1321 1040 1384 Satrio
1063 1320 1101 1384 de
1122 1321 1162 1385 iis
1183 1319 1299 1394 rebus,
1337 1343 1413 1406 quas
1435 1344 1509 1387 oum

187 1415 260 1480 dolo
282 1413 365 1478 malo
387 1413 541 1497 mancipio
563 1412 718 1497 accepisse
740 1410 779 1475 de
794 1411 890 1478 Vario
912 1412 1039 1478 diceret.
1083 1417 1147 1479 Una
1169 1414 1302 1498 agebant
1322 1421 1417 1481 ceteri
1440 1437 1511 1481 cre-

186 1509 320 1581 ditores,
348 1507 380 1571 in
403 1505 516 1593 quibus
538 1514 605 1569 erat
626 1505 772 1570 Lucullus
794 1514 825 1570 et
846 1510 879 1571 P.
904 1506 1008 1592 Scipio
1031 1518 1062 1572 et
1083 1508 1124 1582 is,
1158 1529 1253 1594 quem
1274 1507 1422 1592 putabant
1443 1531 1510 1574 ma-

187 1603 317 1687 gistrum
339 1601 427 1673 fore,
456 1599 484 1664 si
505 1597 586 1663 bona
608 1599 766 1673 venirent,
795 1604 830 1665 L.
851 1600 989 1665 Pontius.
1032 1605 1149 1666 Verum
1173 1601 1233 1666 boc
1254 1600 1420 1666 ridiculum
1443 1613 1507 1676 est,

151 1726 179 1766 is
187 1695 226 1760 de
247 1695 397 1780 magistro
418 1713 500 1758 nunc
521 1711 720 1776 cognoscere.
770 1692 900 1778 Rogavit
919 1714 971 1758 me
992 1693 1158 1770 Caecilius,
1181 1704 1216 1760 ut
1236 1694 1376 1761 adessem
1397 1706 1509 1762 contra

188 1790 332 1855 Satrium.
380 1788 455 1853 Dies
476 1787 544 1852 fere
566 1786 669 1852 nullus
690 1796 756 1862 est,
784 1787 860 1873 quin
881 1786 932 1851 bie
953 1788 1071 1853 Satrius
1093 1789 1222 1854 domum
1243 1811 1345 1855 meam
1367 1790 1507 1856 ventitet.

188 1883 341 1949 Observat
368 1886 402 1947 L.
431 1881 604 1946 Domitium
631 1880 780 1958 maxime;
812 1902 862 1946 me
884 1880 979 1946 babet
999 1881 1188 1967 proximum.
1231 1882 1303 1948 Fuit
1324 1884 1452 1948 etmihi
1475 1894 1508 1948 et

188 1980 227 2055 Q.
249 1975 337 2041 fratri
358 1994 471 2059 magno
492 1973 564 2040 usui
585 1974 619 2038 in
639 1973 754 2040 nostris
775 1973 988 2060 petitionibus.
1041 1979 1071 2039 4.
1095 1979 1176 2042 Sane
1197 1998 1266 2041 sum
1287 1976 1505 2062 perturbatus,

187 2089 258 2135 cum
279 2069 378 2155 ipsius
400 2069 493 2133 Satrii
514 2067 737 2142 familiaritate,
768 2076 833 2132 tum
854 2068 1002 2142 Domitii,
1024 2073 1057 2135 in
1078 2090 1142 2156 quo
1162 2091 1227 2135 uno
1249 2070 1386 2135 maxime
1406 2069 1507 2136 ambi-

150 2165 231 2242 ,0tio
252 2175 359 2228 nostra
379 2162 497 2228 nititur.
553 2160 772 2227 Demonstravi
800 2161 877 2227 haec
905 2161 1059 2240 Caecilio;
1097 2163 1189 2229 simul
1217 2172 1248 2229 et
1267 2164 1344 2230 illud
1365 2165 1504 2240 ostendi,

187 2257 214 2324 si
246 2257 313 2343 ipse
343 2277 425 2321 unus
454 2276 525 2321 cum
557 2254 611 2320 illo
637 2275 702 2320 uno
731 2255 950 2330 contenderet,
984 2276 1034 2321 me
1067 2257 1097 2322 ei
1129 2258 1358 2324 satisfacturum
1388 2258 1504 2336 fuisse,

186 2349 329 2417 nuncin
356 2371 449 2415 causa
476 2349 697 2414 universorum
723 2349 929 2424 creditorum,
957 2347 1118 2416 bominum
1146 2353 1330 2438 praesertim
1352 2352 1506 2438 amplissi-

185 2465 333 2519 morum,
367 2445 421 2531 qui
450 2443 517 2508 sine
546 2463 609 2514 eo,
644 2464 739 2528 quem
769 2443 919 2509 Caecilius
944 2464 1003 2509 sno
1029 2447 1155 2511 nomine
1182 2445 1377 2531 perbiberet,
1413 2445 1504 2512 facile

184 2560 310 2606 cansam
338 2557 536 2603 communem
563 2536 765 2611 sustinerent,
793 2558 929 2621 aequum
958 2558 1026 2603 esse
1054 2559 1126 2604 eum
1155 2550 1186 2605 et
1206 2536 1309 2606 cilicio
1335 2560 1406 2604 meo
1429 2561 1502 2605 con·

147 2632 288 2712 20suiere
309 2641 341 2697 et
361 2631 506 2716 tempori.
561 2629 678 2695 Iturius
707 2629 849 2716 accipere
877 2629 937 2696 boc
964 2630 1041 2695 mibi
1068 2633 1153 2698 visus
1183 2642 1242 2706 est,
1276 2654 1368 2719 quam
1390 2632 1502 2698 vellem

185 2737 216 2791 et
246 2747 339 2813 quam
368 2724 511 2789 homines
539 2722 611 2789 belli
643 2724 763 2802 solent;
799 2733 831 2789 et
859 2732 967 2810 postea
1000 2746 1129 2811 prorsus
1158 2725 1197 2791 ab
1226 2728 1364 2792 instituta
1393 2736 1503 2793 nostra

182 2840 354 2907 paucorum
381 2819 504 2883 dierum
534 2817 757 2883 consuetudine
786 2817 878 2902 longe
904 2818 1030 2903 refugit.
1086 2818 1149 2886 Abs
1178 2831 1208 2886 te
1238 2830 1330 2907 peto,
1363 2832 1399 2888 ut
1424 2821 1502 2887 mihi

184 2914 243 2979 boc
270 2915 412 2998 ignoscas
441 2921 472 2976 et
500 2933 550 2976 me
579 2912 736 2977 existimes
769 2911 958 2977 humanitate
988 2934 1056 2977 esse
1085 2914 1294 3000 prohibitum,
1330 2936 1370 2980 ne
1391 2924 1501 2981 contra

182 3009 274 3073 amici
302 3028 453 3072 summam
481 3006 741 3071 existimationem
775 3005 952 3071 miserrimo
980 3008 1048 3072 eius
1074 3017 1217 3094 tempore
1239 3013 1394 3084 venirem,
1427 3030 1500 3074 cum

145 3107 209 3177 ,οἱς
231 3103 336 3167 omnia
364 3121 419 3165 sua
446 3098 546 3165 studia
578 3109 609 3164 et
637 3100 738 3164 officia
765 3099 799 3163 in
821 3121 871 3164 mc
893 3101 1084 3167 contulisset.
1137 3103 1257 3180 Quodsi
1286 3103 1372 3169 votes
1394 3103 1426 3168 in
1448 3123 1499 3167 me

182 3217 250 3262 esse
279 3195 403 3266 durior,
433 3193 633 3258 ambitionem
660 3191 785 3278 putabis
812 3193 890 3258 mibi
917 3192 1086 3260 obstitisse.
1128 3199 1195 3281 Ego
1209 3192 1320 3262 'autem
1343 3193 1498 3271 arbitror,

181 3289 302 3354 etiamsi
323 3288 355 3354 id
377 3288 432 3362 sit,
466 3287 543 3352 mihi
569 3285 793 3371 ignoscendum
821 3308 906 3353 esse:
935 3299 1003 3354 exet
1029 3293 1090 3367 οὐχ
1115 3291 1252 3374 ἱερήϊον,
1282 3294 1357 3356 οὐδὲ
1377 3295 1496 3371 βοείην.

180 3381 274 3446 Vides
296 3382 399 3456 enim,
421 3383 454 3446 in
476 3403 540 3466 quo
560 3402 655 3446 cursu
677 3378 789 3452 simus,
813 3390 845 3446 et
865 3402 958 3468 quam
980 3403 1089 3447 omnes
1110 3383 1225 3467 gratias
1246 3404 1313 3448 non
1330 3384 1425 3450 modo
1447 3405 1500 3447 re-

178 3474 334 3549 tinendas,
370 3497 481 3540 verum
509 3474 602 3539 etiam
629 3472 834 3559 acquirendas
863 3484 1017 3560 putemus.
1067 3480 1167 3562 Spero
1199 3477 1255 3541 tibi
1277 3483 1342 3542 'me
1373 3497 1498 3541 causam

88 3609 89 3612 =
140 3567 346 3654 „probassm
383 3569 476 3653 cupio
499 3567 622 3653 quidem
646 3575 741 3632 certe.
797 3572 828 3638 5.
850 3569 1060 3634 Hermathena
1088 3581 1140 3635 tua
1163 3570 1253 3636 uelde
1275 3591 1326 3634 me
1348 3570 1495 3641 delectat,

178 3670 208 3726 et
230 3661 329 3748 posita
350 3662 392 3725 ita
414 3660 494 3725 belle
515 3669 578 3735 est,
600 3670 635 3725 ut
649 3669 748 3726 totum
763 3663 957 3749 gymnasium
979 3664 1109 3743 ῒῆλιου
1122 3666 1280 3749 ἀνάθημα
1302 3685 1370 3730 esse
1392 3663 1498 3729 videa-

177 3765 237 3821 tur.
279 3755 409 3820 Multum
432 3764 461 3820 te
482 3775 631 3819 amamus.

246 3979 270 4027 1.
289 3977 435 4040 insomnia
452 3974 535 4022 adbuc
553 3974 575 4022 i.
608 3997 636 4007 -
675 3973 701 4022 3.
723 3974 807 4024 Galba
824 3975 870 4024 ltl.
892 4001 919 4011 -
958 3976 984 4026 6.
1004 3976 1212 4038 competitoribus
1228 3978 1336 4027 urbanis
1355 3977 1376 4026 1.
1396 4002 1429 4011 -
1465 3976 1492 4026 ⁸.

173 4043 241 4108 mec]
259 4048 310 4096 mei
328 4059 367 4108 pr.
380 4044 417 4095 M.
437 4068 471 4076 -
488 4039 579 4106 Atque]
598 4043 634 4090 nd
650 4057 724 4107 quem
744 4045 765 4092 l.
789 4067 816 4077 -
838 4047 880 4094 1ο.
895 4042 961 4108 cum]
982 4049 1052 4096 ecino
1070 4047 1098 4097 M
1117 4053 1183 4100 tcum
1201 4061 1256 4108 rng.
1276 4046 1326 4111 M.)
1347 4073 1378 4083 -
1399 4048 1442 4097 11.
1460 4051 1492 4097 A.

175 4117 285 4169 Caninio
303 4116 346 4167 M:
367 4115 478 4164 Caninio
497 4113 539 4163 lli.
562 4137 592 4147 -
620 4113 717 4175 Satyro
735 4113 786 4162 Ml.
808 4112 898 4176 (cepit.
937 4116 1022 4166 Causa
1040 4118 1093 4166 eins
1111 4123 1177 4166 erat.
1214 4118 1262 4167 fter
1280 4132 1297 4167 a
1316 4119 1427 4168 Caninio
1446 4117 1494 4167 Sa·

174 4182 299 4251 tyron.)
321 4211 351 4221 -
388 4185 426 4233 tiis
445 4183 548 4234 Ml.-
584 4182 627 4230 11.
647 4184 779 4244 mancipio
797 4197 851 4234 om.
872 4185 932 4234 MR.
953 4184 1107 4249 (mancupio
1126 4188 1188 4237 add.
1208 4201 1263 4249 mg.
1283 4186 1338 4252 M.)
1360 4213 1389 4224 -
1427 4187 1494 4238 diee-

172 4257 229 4307 tot.
267 4257 299 4305 m
317 4268 370 4303 isne
388 4253 421 4303 ll.
442 4277 472 4288 -
509 4252 552 4301 13.
572 4251 656 4314 Scipio
675 4254 728 4301 eius
746 4253 787 4310 M,
807 4253 902 4316 Scipio.
922 4255 949 4303 Is
968 4257 988 4305 l.
1009 4282 1037 4290 -
1071 4250 1120 4306 ts.
1144 4258 1234 4306 Verum
1253 4286 1267 4296 -
1284 4283 1297 4293 ·
1313 4283 1324 4294 ·
1341 4271 1494 4322 cognoscere

173 4326 283 4377 seclusit
301 4325 450 4374 Scbtttzius.
470 4348 501 4356 -
522 4321 564 4371 tc.
584 4321 709 4385 scipsum
727 4322 800 4372 Mlti.
822 4325 885 4373 item
905 4331 1006 4387 postea.
1028 4349 1056 4362 -
1094 4328 1192 4376 veniret
1210 4327 1269 4376 ΜΗ.
1292 4321 1416 4388 leentitet
1435 4341 1491 4391 mg.

171 4393 227 4460 Μ.)
260 4421 289 4432 -
335 4395 377 4445 17.
399 4394 427 4443 t.
447 4406 501 4442 om.
521 4392 554 4441 n.
586 4418 614 4428 -
652 4392 696 4440 22.
715 4389 793 4453 nunc]
819 4396 889 4443 vinei
907 4395 938 4443 lt.
969 4419 1000 4431 -
1035 4395 1081 4446 bd.
1100 4411 1258 4446 communem
1276 4411 1380 4447 causum
1410 4397 1432 4445 1.
1457 4421 1492 4433 -

171 4465 215 4517 28.
234 4479 266 4516 ns
282 4472 376 4515 contra
393 4477 446 4514 om.
465 4462 501 4513 M.
521 4487 554 4497 -
589 4461 633 4511 29.
653 4459 740 4526 amici]
759 4465 876 4511 animiam
892 4464 935 4524 M,
954 4467 1048 4516 onidis
1065 4479 1120 4528 mg.
1140 4467 1184 4527 M,
1209 4467 1376 4517 111331.-
1414 4470 1492 4517 nesti-

170 4539 310 4588 motionem
327 4535 360 4585 il.
381 4558 412 4570 ·-
448 4528 511 4594 eine]
530 4535 554 4583 ei
570 4533 609 4581 oie
626 4531 667 4591 M,
686 4533 750 4581 eiius
768 4545 822 4594 mg.
841 4533 879 4583 M.
901 4557 931 4568 ·-
968 4536 1257 4599 summittatur.
1278 4560 1306 4571 -
1336 4537 1379 4586 32.
1399 4535 1489 4602 etiem]

170 4614 195 4659 et
213 4607 245 4657 ll.
276 4629 303 4638 -
342 4605 443 4655 Graeca
469 4616 524 4652 om.
552 4601 599 4651 iit.
627 4625 659 4639 -·
694 4600 737 4651 3³.
762 4614 850 4652 snmus
872 4603 946 4655 Mlti.
983 4605 1038 4657 Ctr.
1058 4607 1153 4668 Zumpt
1170 4607 1203 4655 ad
1222 4606 1299 4656 Vere.
1320 4621 1347 4670 p.
1364 4607 1425 4657 367.
1457 4631 1491 4645 -·

169 4677 213 4728 33.
231 4671 329 4740 perito]
346 4682 437 4736 postea
455 4673 486 4721 R.
518 4697 550 4706 -
587 4671 638 4721 elin
655 4668 773 4721 nnobmc
790 4672 830 4731 M,
851 4673 1027 4726 Homericos
1045 4689 1099 4739 mg.
1119 4676 1162 4734 M,
1190 4674 1343 4749 e'ppabpsa
1362 4678 1403 4739 ll,
1432 4690 1488 4727 om.

51 4737 54 4743 ¹
169 4747 197 4810 Ι,
215 4747 287 4797 titius
304 4741 445 4812 eivdbppu
463 4742 554 4792 nescio
573 4742 619 4806 qni
638 4740 708 4806 apud
727 4740 929 4793 casaubonum.
