3256 5400
433 258 436 266 ·
497 235 572 298 um.
592 187 678 298 rure
718 234 778 298 m.
803 233 853 297 m
876 233 926 297 ιν.
950 232 1000 297 u.
1023 232 1073 295 15.
1097 233 1146 295 rs.
1397 235 1459 298 sas

601 394 666 455 νν.
709 388 759 474 (A.
785 391 818 454 u.
840 390 874 454 e.
895 387 982 467 νον.)

550 513 693 579 cremo
716 513 880 578 causam
901 513 980 576 rur.
1002 514 1034 576 s.

222 645 250 708 l.
271 641 457 709 Praecilium
480 641 534 708 tibi
557 640 743 708 commendo
764 640 872 715 unice,
906 639 953 704 tui
973 641 1162 717 necessarii,
1196 643 1260 708 mei
1280 641 1461 712 familiaris-

134 733 226 809 simi,
260 735 321 800 viri
350 737 460 822 optimi
486 736 599 815 lilium3
632 757 726 823 quem
754 754 825 799 cum
854 732 1083 800 adolescentem
1105 739 1208 821 ipsum
1236 746 1368 824 propter
1390 739 1458 806 eius

135 828 337 903 modestiam,
360 829 597 904 humanitatem,
620 829 757 896 animum
780 838 811 893 et
833 848 972 893 amorem
999 849 1074 913 erga
1088 851 1139 893 me
1159 831 1349 915 singularem
1374 835 1483 899 miri-⁵

136 920 192 985 lice
223 922 338 1008 diligo,
371 932 437 989 tum
462 934 584 1010 patrem
610 924 677 988 eius
710 944 744 988 re
776 921 886 988 doctus
910 921 1051 986 intellexi
1083 930 1114 986 et
1140 921 1234 988 didici
1262 927 1339 991 mihi
1364 928 1460 994 luisse

134 1036 261 1102 semper
290 1018 522 1083 amicissimum.
566 1022 643 1092 Em,
674 1016 725 1083 hic
758 1018 810 1082 illc
833 1026 880 1082 est
909 1016 948 1081 de
979 1017 1055 1092 illis,
1092 1019 1228 1084 maxime
1250 1021 1305 1105 qui
1327 1021 1460 1087 irridere

134 1118 228 1196 atque
250 1110 420 1196 obiurgare
442 1134 492 1177 me
514 1113 624 1178 solitus
655 1120 721 1185 est,
759 1110 844 1196 quod
865 1133 915 1176 me
937 1132 1000 1176 non
1023 1121 1141 1187 tecum,
1179 1114 1366 1198 praesertim
1389 1137 1459 1181 cum

134 1201 242 1268 abste
265 1205 577 1271 honorificentissime
600 1204 765 1278 invitarer,
787 1205 1021 1290 coniungerem.

305 1322 396 1384 Ἀλλ’
417 1321 497 1404 ἐμὸν
518 1320 558 1386 οὔ
582 1345 657 1385 ποτε
677 1318 784 1402 θυμὸν
806 1329 853 1383 ἐνί
878 1319 1052 1397 στήθεσσιν
1072 1317 1207 1385 ἔπειθεν.
1471 1327 1499 1367 ¹⁰

136 1427 309 1494 Audiebam
332 1432 415 1497 enim
438 1441 563 1497 nostros
584 1450 733 1517 proceres
756 1430 965 1495 clamitantes:

297 1543 460 1628 Ἀλκιμος
480 1544 569 1620 ἔσσ’,
589 1551 645 1609 ἵνα
668 1555 713 1620 τίς
735 1569 772 1608 σε
794 1553 850 1607 καὶ
873 1541 1043 1626 ὀψιγόνων
1064 1538 1100 1607 εὖ
1125 1547 1205 1628 εἴπῃ.

303 1639 366 1712 Ὧς
388 1645 505 1718 νεφέλη
526 1639 673 1718 ἐκάλυψε
691 1644 840 1723 μέλαινα.
969 1648 972 1657 ’

134 1748 165 1810 2.
188 1745 250 1811 Sed
271 1754 373 1812 tamen
398 1748 482 1814 idem
504 1771 555 1814 me
579 1749 777 1815 consolatur:
809 1749 901 1813 etiam
923 1747 1082 1814 hominem
1105 1761 1269 1836 perustum
1288 1750 1457 1817 etiamnum

135 1838 235 1921 gloria
257 1840 366 1906 volunt
386 1843 554 1908 incendere
581 1850 674 1930 atquc
696 1842 739 1908 ita
760 1842 947 1929 loquuntur:
1472 1859 1498 1899 ¹³

304 1954 367 2033 Md
392 1955 461 2038 μὰν
488 1959 647 2022 deuouere
666 1983 702 2039 γε
725 1967 781 2021 καί
807 1958 943 2031 ἀκλειῶς
962 1959 1163 2040 ἀπολοίμην,

301 2049 406 2113 Ἀλλὰ
429 2063 515 2133 μέγα
537 2054 632 2134 ῥέξας
654 2078 683 2117 τι
706 2061 763 2116 καὶ
784 2052 998 2132 ἐσσομένοισι
1024 2057 1197 2116 πυθέσθαι.

136 2157 198 2224 Sed
219 2180 270 2224 me
292 2159 394 2223 miuus
413 2159 473 2225 iam
491 2171 631 2238 movent,
653 2171 689 2228 ut
710 2161 807 2228 vides.
850 2166 958 2247 ltaque
979 2160 1019 2226 ab
1040 2163 1174 2228 Homeri
1195 2162 1459 2250 magniloquentia

134 2251 265 2317 conlero
288 2274 338 2316 me
359 2253 398 2318 ad
421 2277 495 2320 vera
516 2264 683 2342 praecepta
707 2260 898 2340 Εὐριπίδου·

302 2370 410 2431 Μισῶ
434 2369 614 2448 σοφιστήν,
640 2370 722 2444 tigres
743 2371 804 2447 οὐχ
830 2370 920 2449 αὐτῷ
940 2367 1056 2447 σοφός·
1469 2383 1498 2422 sn

135 2497 228 2562 quem
262 2497 387 2542 versum
420 2500 516 2544 senex
544 2479 712 2545 Praecilius
744 2478 850 2543 laudat
880 2478 1006 2563 egregie
1038 2487 1068 2543 ct
1093 2479 1135 2542 ait
1156 2501 1249 2565 posse
1272 2480 1406 2546 eundem
1428 2490 1461 2546 et

135 2571 207 2654 ἅμα
228 2572 364 2655 πρόσσω
390 2584 446 2639 καὶ
472 2577 598 2639 ὀπίσσω
620 2573 730 2638 videre
753 2580 907 2637 ettamen
930 2570 1133 2635 nihilominus

306 2689 386 2751 Αίὲν
406 2687 591 2772 ἀριστεύειν
610 2697 666 2751 καί
688 2689 861 2768 ὑπείροχον
887 2683 1025 2766 ἔμμεναι
1048 2683 1165 2748 ἄλλων.

135 2801 168 2863 3.
190 2795 266 2867 Sed,
288 2804 323 2861 ut
343 2796 470 2862 redeam
493 2797 531 2862 ad
554 2798 602 2871 id,
624 2797 706 2863 unde
729 2795 835 2882 coepi:
859 2793 1062 2859 vehementer
1084 2794 1159 2859 milri
1182 2804 1305 2878 gratum
1328 2796 1458 2872 leceris,

137 2889 163 2954 si
196 2889 278 2954 huuc
300 2889 528 2955 adolescentem
562 2889 751 2956 humanitate
773 2898 844 2962 tua,
879 2909 959 2976 quae
982 2897 1029 2952 est
1050 2888 1232 2972 singularis,
1256 2891 1498 2977 comprehen-tt

137 2982 222 3048 deris
244 2993 275 3047 ct
297 2983 336 3047 ad
358 2983 410 3056 id,
440 2983 526 3071 quod
548 2989 689 3071 ipsorum
712 2983 933 3048 Pracciliorurn
956 3003 1048 3046 causa
1071 2990 1100 3045 tc
1123 2982 1201 3046 velle
1224 2981 1377 3057 arbitror,
1407 2984 1462 3050 ad·

137 3076 254 3142 dideris
275 3078 434 3143 cumulum
457 3077 735 3159 commendationis
757 3099 855 3142 meae.
900 3080 1022 3141 Geuere
1044 3095 1127 3140 novo
1148 3097 1216 3139 sum
1232 3076 1407 3143 litterarum
1421 3078 1459 3143 ad

136 3179 167 3234 te
190 3191 283 3246 usus,
305 3179 340 3237 ut
360 3171 552 3257 intelligeres
574 3193 638 3237 non
660 3172 821 3257 vulgarem
843 3190 912 3236 esse
933 3169 1247 3236 commendationem.

595 3342 675 3404 arr.
718 3337 767 3422 (A.
793 3340 825 3403 u.
848 3341 880 3403 c.
902 3339 988 3410 ros.)

598 3462 741 3529 crunno
765 3461 929 3526 clusam
951 3461 983 3523 s.
1471 3481 1500 3523 π

223 3598 251 3658 1.
282 3596 315 3658 P.
348 3596 493 3659 Crassum
522 3612 562 3657 ex
593 3596 679 3656 omui
708 3588 868 3655 nobilitate
895 3588 1249 3662 adolescentemdileri
1272 3591 1460 3676 plurimum,

137 3695 169 3751 et
190 3708 229 3751 ex
252 3707 292 3751 eo
313 3707 385 3751 cum
418 3684 457 3750 ab
482 3685 609 3752 ineunte
633 3686 700 3750 eius
732 3693 832 3750 aetate
855 3681 935 3747 bene
957 3682 1180 3768 speravissem,
1205 3695 1269 3749 tum
1292 3686 1390 3770 †pcr
1412 3706 1461 3750 me

138 3780 318 3845 existimare
352 3780 442 3866 coepi
473 3779 536 3864 [ex]
571 3780 610 3844 iis
640 3779 779 3852 iudiciis,
813 3798 893 3864 quae
916 3777 954 3841 dc
977 3796 1016 3840 eo
1039 3776 1179 3852 ieceras,
1202 3777 1343 3861 cognitis.
1387 3779 1462 3843 Eius

139 3872 283 3939 libertum
305 3874 504 3960 Apollonium
523 3874 585 3938 iam
607 3882 673 3939 tum
693 3872 855 3961 equidem,
878 3891 949 3935 cum
971 3869 1022 3935 ille
1042 3870 1179 3945 viveret,
1203 3883 1233 3936 et
1252 3871 1355 3955 magni
1370 3871 1464 3936 lacie-

138 3964 210 4031 bam
243 3977 275 4032 et
302 3967 487 4054 probabam.
547 3971 621 4032 Erat
651 3962 734 4031 enim
758 3975 789 4031 et
811 3964 969 4029 studiosus
999 3967 1102 4030 Crassi
1124 3973 1156 4030 et
1182 3965 1221 4030 ad
1248 3966 1315 4031 eius
1345 3966 1502 4052 optimam

138 4059 239 4126 studia
267 4061 470 4126 vehementer
496 4070 603 4146 aptus;
639 4061 744 4146 itaque
767 4057 807 4123 alr
836 4079 875 4122 eo
902 4056 1070 4122 admodum
1096 4058 1294 4143 diligebatur.
1336 4066 1367 4126 Ε.
1390 4066 1464 4127 Post

139 4163 273 4219 mortem
295 4164 398 4219 autem
423 4155 526 4222 Crassi
552 4175 592 4219 eo
620 4153 694 4218 mihi
717 4152 811 4218 etiam
835 4151 961 4236 dignior
982 4151 1067 4215 risus
1094 4161 1157 4225 est,
1194 4173 1287 4239 quem
1309 4159 1341 4221 in
1369 4155 1461 4222 tidem

139 4258 231 4334 atque
255 4248 423 4313 amicitiam
449 4269 552 4313 meam
575 4249 763 4334 reciperem,
786 4245 872 4333 quod
893 4265 949 4310 eos
976 4266 1048 4309 ase
1070 4245 1285 4312 observandos
1307 4256 1339 4313 et
1359 4249 1464 4314 colen-

207 4448 235 4497 7.
256 4449 304 4498 lim
316 4449 358 4499 ttt:
379 4449 420 4497 Επ
434 4449 508 4498 11.-
528 4447 555 4498 8.
568 4449 641 4498 soliti
650 4456 712 4499 suot
721 4447 878 4497 Lambinus.
893 4472 927 4480 —
946 4445 989 4494 ¹2.
1002 4460 1077 4496 εσσα
1089 4461 1146 4497 ινα.
1159 4472 1186 4482 -
1204 4449 1246 4497 ta.
1262 4449 1341 4498 Hunc
1355 4462 1463 4499 versum

141 4523 200 4580 pust
218 4512 334 4569 ἔπειθεν
354 4519 443 4581 posuit
461 4518 492 4568 Ε.
523 4545 555 4555 -
591 4533 630 4580 ως
647 4517 723 4584 <pete
742 4517 779 4567 lt.
807 4541 839 4552 -
878 4516 921 4566 14.
941 4516 1009 4564 idem
1025 4528 1065 4564 me
1084 4517 1235 4566 consoletur
1252 4519 1299 4568 lt:
1329 4521 1407 4569 iidem
1423 4534 1464 4570 me

140 4589 310 4637 conectuntur
328 4588 358 4638 Ε.
387 4613 421 4622 -
456 4590 536 4639 etiem
562 4589 692 4638 hominem
717 4595 853 4650 perustum
878 4589 1022 4636 etiamnum
1039 4587 1127 4650 glorie
1144 4587 1189 4637 lt:
1216 4596 1240 4637 et
1259 4591 1314 4638 tom
1336 4591 1464 4640 nerninem

138 4666 291 4720 perustum,
309 4659 385 4708 inani
402 4659 489 4723 pieria
508 4658 537 4708 Ε.
558 4685 587 4695 -
627 4658 669 4708 17.
688 4672 858 4722 εσομινοισι
877 4657 914 4707 Μ.
942 4680 970 4690 -
1011 4655 1054 4705 18.
1076 4656 1125 4705 Sed
1143 4660 1284 4707 meminus
1303 4659 1341 4708 B:
1361 4660 1411 4710 Sed
1426 4662 1464 4710 ml

139 4730 225 4777 minus
244 4727 460 4784 M,Sedmlous
479 4728 509 4778 Ε.
530 4753 558 4764 -
597 4727 880 4798 2Ε.προσσιΜ.-
916 4726 1122 4775 ³2.ceeoll:
1143 4728 1269 4777 decoll.
1307 4727 1464 4780 Clr.llanrl

140 4797 221 4848 Turs.
240 4797 275 4847 ΙΙ.
297 4813 323 4861 p.
342 4798 405 4849 622.
439 4824 470 4836 -
506 4798 686 4861 temperiem
704 4796 863 4856 Setrtttzius,
883 4804 938 4846 tum
957 4797 1052 4858 optime
1069 4796 1226 4847 Lambinus.
1246 4823 1280 4831 —
1316 4799 1465 4851 33.ωῶ

140 4868 184 4920 ll:
204 4869 237 4918 tte
255 4868 404 4920 Ernesttus.
425 4891 459 4907 -
494 4868 592 4934 [οσσνσι
610 4867 784 4930 Madvigius:
802 4867 914 4933 [ermom
931 4864 991 4918 titt.
1010 4890 1045 4900 -
1081 4866 1126 4916 34.
1145 4866 1254 4916 domm
1270 4867 1309 4919 ll.
