3256 5400
184 220 247 283 290
613 213 885 279 EPISTOLARUM
906 214 957 276 tl)
979 214 1070 275 ΕΔΜ.

182 372 317 462 probare
339 370 505 446 debemus,
528 390 599 436 cum
621 369 784 436 dissentire
798 367 1000 455 philosophos
1014 366 1150 440 videret,
1174 389 1236 433 non
1251 368 1398 455 quaesiit,
1422 369 1496 454 qnid

183 467 301 533 bonum
322 473 420 535 esset,
456 461 510 528 sed
532 462 637 527 omniu
658 462 740 528 bona
767 460 897 535 coemit;
930 460 1019 524 cuius
1041 480 1101 543 ego
1122 472 1255 524 mortem
1277 462 1351 525 lorti
1373 462 1497 527 meher-

182 561 266 627 cules
288 560 391 624 animo
414 557 481 622 tuli.
537 561 599 620 Nec
631 565 733 620 tamen
756 559 868 620 Caesar
889 551 1005 616 diutius
1027 572 1084 615 nos
1106 573 1177 616 eum
1199 553 1378 619 desiderare
1400 556 1496 640 patie-

181 663 233 720 tur
247 675 255 732 ;
271 676 340 719 nam
363 650 457 716 habet
477 649 656 720 damnatos,
679 669 758 734 quos
779 667 839 731 pro
861 645 915 709 illo
936 642 1027 709 nobis
1049 646 1206 720 restituat,
1230 668 1287 711 nec
1308 649 1375 733 ipse
1397 660 1496 713 secto·

157 769 248 813 srem
272 743 473 818 desiderabit,
504 764 573 808 cum
596 741 694 806 lilium
722 739 844 804 viderit.
887 742 918 802 d.
940 742 1042 812 Nunc,
1063 750 1098 802 ut
1119 738 1157 802 ad
1180 760 1246 803 rem
1268 737 1425 826 publicam
1447 765 1496 806 re-

180 841 290 915 deam,
313 837 389 926 quid
410 837 441 901 in
462 836 617 921 Hispaniis
639 842 781 920 geratur,
804 828 954 896 rescribe.
995 834 1144 904 Peream,
1175 832 1233 897 nisi
1256 835 1405 901 sollicitus
1427 858 1494 901 sum

179 954 216 1000 ac
237 934 318 999 malo
338 940 476 998 veterem
498 939 530 993 et
549 930 732 994 clementem
754 925 914 991 dominum
936 922 1052 987 babere
1080 945 1172 1009 quam
1195 947 1310 992 novum
1333 941 1364 993 et
1385 929 1496 993 crude-

130 1047 133 1053 ·
179 1027 241 1093 lem
263 1026 411 1111 experiri.
454 1023 539 1098 Scis,
563 1027 684 1088 Gnaeus
705 1041 799 1107 quam
821 1018 861 1083 sit
882 1018 1000 1093 latuus;
1033 1017 1112 1090 scis,
1147 1021 1306 1103 quomodo
1329 1022 1495 1087 crudelita-

178 1127 241 1184 tem
263 1119 408 1184 virtutem
428 1125 531 1203 putet;
564 1120 638 1188 scis,
662 1135 756 1200 quam
778 1134 812 1176 so
834 1132 959 1197 semper
980 1132 997 1175 a
1020 1111 1111 1175 nobis
1133 1111 1271 1177 derisum
1294 1123 1392 1199 putet.
1436 1122 1495 1181 Ve-

144 1233 268 1286 soreor‚
305 1232 345 1276 ne
372 1231 430 1275 nos
461 1209 576 1274 rustice
603 1208 707 1292 gladio
740 1206 816 1271 velit
848 1209 1127 1288 ἀντιμυκτηρισαι.
1172 1205 1255 1282 Quid
1298 1208 1365 1281 liat,
1395 1209 1421 1272 si
1443 1230 1493 1272 me

179 1305 298 1390 diligis,
335 1301 483 1368 rescribe.
532 1301 608 1374 Ilui,
645 1321 739 1388 quam
765 1299 858 1364 velim
887 1298 983 1372 scire,
1020 1309 1124 1362 utrum
1153 1297 1212 1362 ista
1234 1299 1366 1365 sollicito
1388 1301 1492 1366 animo

180 1418 219 1463 an
241 1398 343 1463 soluto
365 1397 468 1482 legasl
500 1396 602 1460 Sciam
624 1395 706 1459 enim
729 1392 839 1457 eodem
863 1402 1024 1476 tempore,
1047 1390 1121 1477 quid
1143 1411 1192 1453 me
1214 1390 1317 1457 lacere
1339 1405 1491 1478 oporteat.

178 1495 223 1556 Ne
250 1490 376 1575 longior
408 1488 486 1563 sim,
518 1489 597 1553 vale.
646 1493 715 1562 Me,
749 1495 785 1552 ut
806 1485 898 1560 lacis,
927 1506 1005 1551 ama.
1050 1486 1082 1551 si
1105 1489 1218 1550 Caesar
1240 1486 1325 1559 vicit,
1349 1486 1492 1551 celeriter

177 1604 229 1649 mo
250 1592 403 1669 exspecta.

145 1742 170 1781 n
646 1724 712 1785 rr.
755 1720 806 1802 (A.
832 1724 863 1786 u,
887 1724 919 1787 c.
940 1722 1026 1807 710.)

529 1847 569 1907 M.
593 1844 734 1908 CICERO
758 1846 788 1907 S.
811 1847 847 1907 D.
871 1847 902 1909 C.
925 1845 1134 1908 TREBONIO.

262 1959 289 2020 1.
321 1957 487 2020 Oratorem
514 1974 619 2018 meum
642 1986 680 1996 -
703 1954 748 2018 sio
777 1955 860 2020 enirn
888 1954 1031 2040 inscripsi
1054 1992 1093 2000 -
1116 1953 1230 2020 Sabino
1257 1963 1312 2019 tuo
1334 1977 1491 2021 commen-

177 2049 258 2116 davi.
301 2049 390 2113 Natio
420 2068 469 2112 me
491 2046 625 2111 hominis
646 2048 784 2134 impulit,
807 2059 841 2112 ut
863 2048 891 2111 ei
914 2059 998 2112 recte
1019 2057 1178 2134 putarem3
1201 2048 1261 2113 nisi
1283 2047 1364 2114 lorte
1386 2052 1490 2117 candi-

177 2143 320 2209 datorum
343 2142 466 2207 licentia
489 2140 539 2205 bio
569 2162 694 2228 quoque
729 2162 805 2206 usus
833 2141 892 2205 boc
920 2141 1022 2205 subito
1044 2162 1216 2226 cognomen
1239 2141 1381 2228 arripuit.
1424 2145 1487 2208 Etsi

139 2236 334 2302 somodostus
357 2238 423 2299 eius
450 2235 554 2299 vultus
583 2255 749 2321 sermoque
770 2243 914 2299 constans
941 2234 1057 2299 babere
1080 2234 1225 2321 quiddam
1248 2257 1264 2298 a
1288 2237 1420 2301 Curibus
1442 2238 1489 2302 vi-

174 2328 315 2395 debatur.
367 2326 429 2393 Sed
459 2327 497 2391 dc
520 2326 635 2392 Sabino
657 2327 740 2391 satis.
783 2332 813 2392 2.
837 2333 899 2402 Tu,
934 2329 976 2392 mi
999 2327 1150 2402 Treboni,
1173 2328 1319 2413 quoniam
1342 2329 1381 2394 ad
1403 2352 1488 2395 amo-

172 2444 240 2488 rem
262 2444 366 2487 meum
389 2421 579 2507 aliquantum
602 2420 712 2501 †olim
734 2420 895 2486 discedens
917 2421 1076 2496 addidisti,
1108 2443 1171 2507 quo
1194 2420 1386 2487 tolerabilius
1408 2422 1488 2487 lera-

172 2537 241 2581 mus
262 2514 431 2600 igniculum
453 2511 602 2578 desiderii
624 2513 684 2587 tui,
714 2512 833 2578 crebris
855 2535 912 2578 nos
935 2515 1044 2580 littoris
1066 2515 1234 2599 appellato;
1264 2523 1356 2601 atque
1377 2517 1436 2587 ita.
1460 2517 1486 2581 si

171 2609 253 2675 idem
277 2609 330 2673 fiet
351 2630 369 2672 a
391 2605 490 2671 nobis.
546 2610 742 2692 Quamquam
764 2606 844 2671 duae
865 2629 975 2672 causae
997 2618 1083 2680 sunt,
1106 2629 1162 2672 cur
1185 2617 1217 2672 tu
1239 2607 1433 2694 frequentior
1456 2610 1485 2673 in

134 2703 233 2770 asisto
255 2701 357 2766 ollicio
379 2721 447 2764 esse
469 2697 584 2763 debeas
606 2720 699 2785 quam
727 2719 800 2762 nos:
837 2701 992 2784 primum,
1024 2701 1108 2786 quod
1136 2701 1210 2765 olim
1240 2701 1394 2774 solebant,
1432 2704 1485 2788 qui

171 2800 287 2860 Rornae
320 2804 423 2868 erant,
456 2792 494 2856 nd
522 2792 730 2877 provinciales
759 2792 875 2857 amicos
897 2794 936 2858 de
957 2815 993 2857 re
1015 2793 1139 2878 publica
1160 2794 1312 2868 scribere,
1349 2816 1431 2858 nunc
1453 2806 1486 2859 tu

170 2887 262 2953 nobis
283 2888 401 2952 scribas
422 2893 560 2971 oportet;
583 2907 634 2950 ros
656 2884 739 2948 enim
761 2884 884 2970 publica
906 2887 975 2951 istic
996 2896 1060 2965 ost;
1084 2887 1210 2962 deinde,
1233 2888 1316 2973 quod
1339 2910 1396 2952 nos
1417 2889 1485 2953 aliis

171 2981 279 3046 officiis
298 2979 355 3044 tibi
377 2978 497 3045 absenti
518 2979 695 3044 satisfacere
716 2999 899 3064 possumus,
928 2989 961 3045 tu
984 2978 1074 3044 uobis
1096 2980 1155 3044 nisi
1178 2981 1287 3046 litteris
1309 3002 1370 3045 non
1394 2982 1484 3047 video

170 3094 232 3160 qua
267 3094 302 3138 re
330 3073 389 3137 alia
421 3072 598 3138 satisfacere
630 3075 741 3159 possis.
794 3078 824 3138 3.
858 3073 919 3138 Sed
948 3085 1052 3138 cetera
1082 3074 1200 3138 scribes
1227 3074 1265 3138 nd
1288 3096 1344 3139 nos
1366 3086 1484 3160 posteo.

132 3172 256 3234 soNunc
276 3168 353 3231 haec
373 3168 476 3253 primo
498 3168 591 3253 cupio
613 3188 818 3252 cognoscere:
842 3168 901 3233 iter
915 3177 1002 3234 tuum
1017 3168 1190 3233 cuiusmodi
1205 3168 1261 3245 sit;
1285 3166 1339 3232 ubi
1354 3174 1483 3233 Brutum

168 3271 308 3326 nostrum
332 3260 462 3338 videris;
486 3259 633 3346 quamdiu
657 3261 748 3325 simul
771 3261 884 3337 lueris;
907 3260 1018 3325 deinde
1041 3283 1111 3327 cum
1134 3262 1324 3348 processeris
1346 3261 1482 3344 longius,

167 3352 207 3418 de
228 3352 347 3419 bellicis
371 3354 481 3428 rebus,
515 3353 553 3417 de
576 3362 642 3418 toto
670 3355 815 3440 negotio,
852 3363 886 3420 ut
914 3355 1092 3420 existimare
1114 3356 1283 3441 possimus,
1321 3375 1384 3439 quo
1403 3362 1483 3417 statu

167 3446 274 3512 simus.
328 3452 394 3531 Ego
422 3456 540 3513 tantum
561 3468 611 3511 me
634 3447 713 3512 scire
735 3447 869 3533 putabo,
907 3457 1056 3535 quantum
1078 3470 1117 3513 ex
1147 3449 1207 3514 tuis
1229 3447 1339 3514 litteris
1361 3446 1483 3511 habebo

166 3542 335 3627 cognitum.
378 3546 475 3617 Cura,
498 3549 533 3606 ut
553 3541 656 3605 valeas
676 3562 789 3626 meque
811 3563 896 3606 ames
918 3562 1025 3607 amore
1047 3542 1101 3608 illo
1125 3551 1178 3606 tuo
1200 3540 1361 3626 singulari.

130 3716 157 3755 ,.
628 3684 710 3745 rrr.
754 3679 803 3764 (A.
828 3685 860 3747 u.
883 3685 915 3746 o.
937 3680 1022 3766 ror.)

520 3806 561 3867 tt.
584 3804 725 3868 CICERO
749 3805 779 3867 S.
800 3806 838 3867 B.
861 3807 893 3869 C.
915 3806 1125 3870 TREBONIO.

250 3918 278 3977 1.
302 3918 340 3978 Et
361 3913 523 4000 epistolam
547 3924 629 3976 tuam
653 3913 713 3998 legi
735 3912 868 3978 libenter
883 3924 913 3979 ot
930 3915 1045 3980 librum
1060 3914 1285 3993 libentissime;
1308 3914 1362 3980 sed
1377 3926 1481 3980 tamen

164 4008 196 4071 in
218 4027 254 4071 ea
275 4007 433 4092 voluptate
455 4006 537 4071 hunc
558 4007 663 4092 accepi
685 4005 844 4082 dolorem,
867 4007 968 4094 quod,
991 4030 1061 4073 cum
1076 4009 1266 4074 incendisses
1280 4008 1480 4095 cupiditatem

165 4120 266 4164 meam
287 4100 519 4165 consuetudinis
540 4098 699 4183 augendae
721 4109 845 4164 nostrae
867 4145 907 4155 -
940 4123 1011 4165 nom
1033 4100 1072 4166 ad
1094 4123 1233 4167 amorem
1255 4102 1381 4189 quidem
1403 4102 1479 4165 nihil

125 4202 286 4279 topoterat
307 4193 455 4258 accedere
475 4230 529 4267 -,
551 4203 618 4258 tum
640 4191 772 4258 discedis
794 4193 924 4259 anobis
946 4217 1059 4281 meque
1079 4205 1165 4260 tanto
1187 4195 1345 4261 desiderio
1367 4195 1479 4267 allicis,

164 4293 200 4350 ut
227 4308 321 4351 unam
350 4287 426 4351 mihi
454 4287 698 4352 consolationem
720 4286 892 4372 relinquas,
931 4288 1000 4353 lore
1021 4297 1056 4354 ut
1076 4289 1241 4375 utriusque
1263 4294 1404 4355 nostrum
1426 4287 1480 4352 ab·

164 4380 260 4444 sentis
291 4379 481 4444 desiderium
508 4378 627 4444 crebris
658 4388 689 4443 et
716 4379 816 4464 longis
849 4381 987 4466 epistolis
1019 4382 1161 4448 leniatur.
1219 4382 1312 4461 Quod
1335 4403 1394 4467 ego
1416 4403 1479 4447 non

234 4560 261 4608 B.
281 4567 357 4615 esset,
382 4561 426 4608 sed
444 4561 532 4608 emoto
550 4560 685 4609 Orellins:
704 4567 766 4609 esset
785 4563 916 4609 stomata
933 4561 978 4617 M,
999 4569 1079 4620 esset,
1106 4565 1195 4612 emoto
1214 4563 1244 4612 E.
1265 4587 1296 4599 -
1328 4564 1370 4611 11.
1389 4570 1479 4611 utrum

163 4636 206 4680 sto
224 4630 261 4679 bl.
283 4654 313 4664 -
334 4629 377 4678 13.
397 4631 438 4679 Me
456 4629 501 4678 tt:
520 4637 544 4678 et
562 4645 601 4678 me
620 4631 657 4690 E,
677 4644 763 4693 meque
782 4630 813 4680 N.
830 4656 858 4666 —
879 4631 922 4679 21.
942 4633 1065 4692 quoniam
1083 4633 1126 4681 M:
1145 4635 1251 4697 quondo
1270 4633 1300 4682 B.
1315 4656 1347 4668 ·-
1365 4633 1409 4681 22.
1429 4633 1479 4681 ots'-

162 4706 290 4763 quantum
307 4699 437 4748 discedens
456 4699 538 4747 Codd.
559 4700 654 4761 Regii,
682 4700 873 4764 aliquantutum
892 4702 1021 4750 discedens
1038 4702 1185 4753 Manutius.
1222 4705 1294 4753 Fort.
1314 4702 1478 4765 aliquantum

160 4793 171 4804 ·
192 4776 294 4819 tontum
312 4769 393 4817 nolim
415 4770 545 4817 discedens
564 4771 729 4821 -.01r.-
772 4769 815 4819 et.
835 4771 878 4835 fiet
895 4770 940 4819 bl:
969 4773 1018 4836 fiat
1038 4772 1069 4821 tt.
1090 4799 1121 4809 -
1157 4774 1200 4824 ³9.
1219 4774 1353 4839 dogmas
1370 4779 1478 4822 nostrae

160 4838 207 4890 rt:
226 4846 332 4889 nostroe
348 4840 482 4904 augendae
501 4839 531 4889 E.
