3256 5400
624 227 896 294 EPISTOLARUM
917 232 969 293 ΑΒ
990 233 1082 295 Fan.

647 388 743 449 arn.
786 384 834 468 (A.
861 389 893 450 u,
916 389 947 450 c.
969 386 1053 469 roo.)

614 498 756 562 crunno
779 500 975 562 insufflo
999 501 1029 562 s
1051 503 1089 563 o.

279 625 307 685 1.
339 625 386 684 Ex
408 618 469 683 tuis
497 617 606 683 litteris
634 626 665 680 et
687 615 804 694 Quinto
826 616 914 681 tratri
942 619 1056 703 gratias
1078 617 1130 703 egi
1151 627 1183 683 ct
1203 627 1233 684 te
1254 620 1423 707 aliquando
1445 626 1511 690 col·

192 714 319 780 laudare
340 733 485 800 possum,
519 711 604 798 quod
626 711 687 775 iam
716 709 832 774 videris
859 718 943 775 certa
969 713 1071 798 aliqua
1093 712 1126 776 iu
1148 713 1299 777 sententia
1320 716 1508 782 constitisse.

168 813 266 873 ⁸Nam
288 807 462 894 primorum
482 806 636 870 mensium
653 804 764 868 littoris
779 802 841 869 tuis
855 804 1055 869 vehementer
1069 806 1306 881 commovebar,
1329 808 1413 893 quod
1431 810 1508 876 mibi

190 901 345 966 interdum
368 921 505 984 -pace
528 911 579 963 tua
601 897 736 963 dixerim
760 933 797 945 -
821 896 899 963 levis
919 898 952 962 in
974 898 1062 963 urbis
1078 898 1323 987 urbanitatisque
1338 900 1506 979 desiderio,

189 994 345 1061 interdum
367 992 470 1078 piger,
494 993 650 1057 interdum
672 990 798 1056 timidus
819 991 852 1054 iu
874 990 982 1056 labore
1004 991 1146 1065 militari,
1170 1013 1262 1079 saepe
1284 1005 1387 1059 autem
1402 997 1505 1072 etiam,

188 1088 306 1174 quoda
328 1097 358 1150 te
380 1086 603 1151 alienissimum
626 1094 685 1159 cst,
708 1083 932 1170 subimpudens
951 1084 1108 1150 videbare.
1152 1091 1322 1173 Tamquam
1337 1089 1418 1153 enim
1435 1112 1508 1178 syn·

188 1180 335 1265 grapbam
365 1180 404 1245 ad
426 1181 662 1266 imperatorem,
699 1200 761 1241 non
784 1178 945 1260 epistolam
975 1179 1148 1252 attulisses,
1184 1179 1229 1243 sic
1250 1181 1382 1266 pecunia
1404 1181 1506 1248 ablata

153 1275 315 1340 rodomum
337 1273 441 1338 redire
464 1272 671 1358 properabas,
706 1292 763 1334 nec
784 1269 840 1335 tibi
863 1269 895 1334 iu
916 1279 1051 1334 mentem
1074 1272 1217 1336 veniebat
1239 1293 1294 1337 eos
1317 1275 1418 1360 ipsos,
1450 1278 1505 1364 qui

186 1388 257 1433 curu
280 1367 462 1455 syngraphis
483 1367 640 1431 venissent
660 1364 903 1438 Alexandream,
933 1385 1094 1429 nummum
1117 1364 1217 1430 adbuc
1238 1367 1357 1431 nullum
1378 1370 1505 1436 auferre

185 1460 334 1546 potuisse.
387 1465 418 1524 2.
450 1463 533 1544 Ego,
568 1459 593 1522 si
615 1459 677 1522 mei
699 1455 855 1522 commodi
877 1457 1030 1521 rationem
1053 1457 1213 1532 ducerem,
1236 1467 1267 1522 te
1289 1481 1412 1526 mecum
1435 1485 1504 1528 esse

185 1553 320 1619 maxime
351 1554 479 1629 vellem;
517 1551 684 1617 nonenim
706 1549 858 1616 mediocri
880 1549 1037 1614 afficiebar
1059 1552 1108 1616 vel
1130 1550 1288 1638 voluptate
1310 1575 1349 1617 cx
1372 1576 1504 1621 consue-

185 1646 291 1711 tudine
314 1658 419 1711 uostra
440 1646 490 1710 vel
512 1645 643 1710 utilitate
665 1665 704 1709 ex
727 1643 858 1709 consilio
878 1654 972 1729 atque
994 1653 1176 1729 operatua.
1232 1645 1293 1710 Sed
1315 1668 1385 1712 curu
1408 1659 1439 1714 te
1462 1670 1502 1714 ex

149 1738 391 1805 rsadolescentia
412 1750 464 1804 tua
486 1739 517 1802 iu
539 1738 707 1803 amicitiam
729 1746 761 1802 et
781 1736 873 1801 fidem
896 1758 998 1801 meam
1016 1738 1216 1812 contulisses,
1241 1760 1366 1825 semper
1387 1753 1417 1804 te
1439 1763 1502 1807 nou
1534 1744 1547 1769 '

183 1834 278 1897 modo
302 1833 449 1897 tuendum
471 1832 567 1906 mibi,
590 1831 645 1897 scd
667 1831 760 1910 etiam
782 1830 958 1915 augendum
980 1839 1074 1917 atque
1096 1830 1271 1896 ornandum
1293 1834 1410 1917 putavi.
1442 1839 1504 1900 lta·

182 1948 265 2012 que,
287 1925 392 2012 quoad
414 1925 558 2011 opinatus
580 1946 649 1991 sum
670 1945 722 1989 me
742 1924 775 1989 iu
797 1923 993 2009 provinciam
1014 1924 1190 2000 exiturum,
1213 1947 1294 2011 quae
1316 1926 1356 1990 ad
1370 1936 1400 1992 te
1417 1928 1501 1994 ultro

181 2018 359 2091 attulerim,
392 2018 570 2083 meminisse
593 2027 623 2082 te
645 2017 754 2082 credo.
799 2021 1005 2102 Posteaquam
1027 2038 1064 2081 ea
1086 2027 1201 2083 mutata
1223 2018 1304 2082 ratio
1327 2029 1392 2096 est,
1429 2043 1501 2088 curu

181 2111 321 2176 viderem
343 2132 393 2175 me
420 2132 437 2175 a
465 2115 596 2176 Caesare
622 2109 934 2176 bonorificentissime
960 2110 1086 2174 tractari
1108 2120 1140 2176 et
1167 2111 1258 2176 unice
1285 2110 1372 2197 diligi
1399 2113 1502 2180 bomi-

143 2206 290 2290 sonisque
311 2203 527 2269 liberalitatem
548 2203 763 2268 incredibilem
785 2211 816 2268 et
837 2202 1027 2287 singularem
1048 2202 1141 2268 fidem
1169 2226 1312 2279 nossem,
1335 2206 1381 2270 sic
1411 2207 1440 2272 ei
1469 2217 1500 2272 te

179 2297 394 2364 commendavi
423 2307 455 2361 et
486 2297 618 2369 tradidi,
654 2305 690 2363 ut
716 2295 900 2381 gravissime
927 2295 1225 2384 diligentissimeque
1252 2297 1350 2384 potui.
1406 2300 1500 2376 Quod

179 2391 231 2457 ille
253 2392 294 2456 ita
317 2400 348 2455 et
369 2391 488 2475 accepit
509 2400 540 2454 et
561 2390 637 2454 mibi
660 2411 752 2475 saepe
773 2389 885 2453 litteris
908 2388 1090 2474 significavit
1113 2400 1144 2455 et
1166 2391 1222 2455 tibi
1244 2401 1275 2456 et
1289 2389 1394 2455 verbis
1417 2403 1449 2456 et
1462 2415 1498 2458 re

179 2484 314 2550 ostendit
327 2505 397 2548 mea
412 2482 681 2548 commendatione
695 2503 764 2548 sese
786 2481 875 2547 valde
898 2502 966 2547 esse
983 2492 1184 2548 commotum.
1228 2488 1317 2548 Hunc
1338 2495 1372 2550 tu
1394 2486 1499 2553 virum

179 2587 302 2653 nactus,
331 2577 358 2642 si
387 2599 436 2641 me
459 2585 512 2642 aut
540 2598 652 2662 sapere
669 2576 788 2663 aliquid
809 2585 862 2641 aut
883 2577 962 2640 velle
984 2585 1036 2640 tua
1058 2597 1149 2641 causa
1171 2587 1279 2662 putas,
1309 2599 1348 2642 ne
1370 2579 1499 2646 dimise·

141 2672 238 2744 saris,
263 2679 294 2736 et
315 2670 341 2735 si
363 2690 443 2756 quae
466 2678 495 2734 te
516 2668 598 2735 iorte
619 2690 671 2734 res
693 2669 861 2757 aliquando
888 2668 1073 2744 oticnderit,
1104 2692 1176 2735 curu
1203 2671 1255 2736 ilie
1284 2682 1337 2736 aut
1365 2694 1500 2759 occupa·

178 2764 263 2829 tione
285 2773 339 2828 aut
360 2762 537 2828 difficultate
560 2762 679 2828 tardior
700 2762 758 2827 tibi
776 2762 836 2827 erit
854 2762 954 2837 visus,
976 2762 1116 2847 perferto
1139 2773 1170 2827 et
1184 2764 1292 2828 ultima
1307 2776 1496 2852 exspectato,

178 2878 258 2944 quae
280 2877 340 2941 ego
362 2854 418 2921 tibi
440 2852 574 2921 iubunda
595 2865 626 2920 et
647 2855 776 2921 bouesta
798 2853 974 2940 praestabo.
1017 2859 1046 2920 3.
1068 2854 1214 2920 Pluribus
1241 2865 1270 2920 te
1292 2854 1412 2923 hortari
1434 2882 1498 2926 non

178 2949 296 3016 debeo:
320 2958 437 3015 tantum
459 2970 573 3014 moneo
595 2970 697 3035 neque
718 2948 870 3013 amicitiae
893 2946 1122 3013 confirmandae
1136 2949 1300 3016 clarissimi
1323 2973 1360 3016 ac
1380 2948 1498 3017 libcra-

177 3043 287 3109 lissimi
309 3042 368 3107 viri
390 3063 492 3128 neque
513 3041 671 3107 uberioris
692 3041 873 3128 provinciae
894 3061 996 3127 neque
1018 3043 1127 3106 aetatis
1142 3044 1240 3127 magis
1254 3043 1402 3109 idoneum
1418 3054 1498 3109 tem—

140 3159 250 3224 aopus,
287 3137 314 3201 si
346 3136 405 3200 boc
432 3135 588 3210 amiseris,
622 3144 653 3200 te
686 3156 754 3200 esse
782 3134 880 3199 ullurn
909 3155 1048 3220 uuquam
1083 3144 1293 3221 reperturum.
1351 3141 1496 3212 „Hoc,''

177 3229 440 3316 quemadmodum
462 3250 519 3293 vos
540 3227 681 3293 scribere
710 3227 816 3293 soletis
838 3227 870 3290 iu
891 3226 1003 3291 vestris
1029 3226 1137 3302 libris,
1171 3232 1348 3307 „1nau·Q.
1371 3234 1498 3295 Connu-

177 3343 235 3390 ιιο
259 3329 480 3391 vincamus?
523 3329 558 3389 lu
575 3324 763 3389 Britanniam
783 3331 813 3386 te
835 3319 1010 3406 proiectum
1034 3341 1095 3386 uon
1117 3343 1185 3387 esse
1203 3322 1341 3407 gaudeo,
1364 3323 1449 3409 quod
1465 3333 1497 3388 et

176 3417 285 3483 labore
305 3418 432 3483 caruisti
455 3427 486 3482 et
503 3438 562 3502 ego
586 3428 616 3483 te
639 3417 677 3481 de
699 3414 794 3481 rebus
815 3415 877 3480 illis
898 3437 961 3481 non
982 3416 1116 3481 audiam.
1171 3415 1228 3482 Ubi
1250 3416 1293 3482 sis
1313 3416 1497 3483 hibernatu-

177 3532 232 3577 rus
253 3521 286 3577 et
306 3533 368 3598 qua
388 3532 443 3598 spe
464 3519 519 3576 aut
538 3509 739 3583 condicione,
761 3507 940 3595 perscribas
961 3508 1000 3573 ad
1022 3529 1073 3573 me
1094 3509 1198 3575 velim.
1224 3586 1232 3597 .

139 3679 168 3721 u
623 3652 737 3714 artu.
781 3646 1050 3732 (aaaron)

626 3761 767 3828 crosno
790 3762 984 3825 musano
1008 3764 1039 3826 s

262 3890 289 3951 1.
311 3886 423 3971 Accepi
445 3907 463 3950 a
484 3893 514 3949 te
536 3883 655 3969 aliquot
677 3880 823 3966 epistolas
845 3901 908 3946 uno
930 3889 1088 3967 tempore,
1111 3903 1188 3969 quas
1211 3892 1244 3947 tu
1265 3882 1398 3948 diversis
1416 3892 1496 3950 tem-

175 3976 307 4065 poribus
329 3978 476 4044 dederas:
502 3979 535 4043 in
557 3976 670 4064 quibus
692 3996 743 4039 me
765 3983 867 4039 cetera
888 3973 1100 4052 delectarunt:
1123 3974 1335 4060 significabant
1356 3977 1440 4042 euim
1464 3987 1493 4042 te

176 4070 266 4137 istam
288 4073 429 4136 militiam
450 4072 512 4135 iarn
534 4069 625 4134 firmo
653 4069 757 4134 animo
788 4068 871 4132 serre
892 4075 922 4132 et
944 4089 1013 4133 esse
1034 4069 1149 4134 sortem
1174 4070 1277 4134 virum
1300 4076 1331 4134 et
1351 4080 1496 4134 coustan-

139 4173 248 4232 cotcm.
302 4170 390 4243 Quae
413 4186 471 4250 ego
493 4163 663 4250 paullisper
684 4163 716 4225 iu
737 4170 767 4224 te
791 4161 832 4224 ita
854 4160 1044 4236 desideravi,
1077 4182 1141 4228 nou
1163 4162 1372 4227 imbecillitate
1396 4163 1493 4228 animi

176 4258 236 4332 tui,
259 4256 314 4321 sed
336 4257 450 4341 magis,
479 4268 514 4322 ut
535 4253 694 4320 desiderio
715 4257 813 4317 nostri
835 4262 866 4317 te
888 4262 1031 4319 aestuare
1050 4263 1204 4340 putarem.
1249 4259 1354 4331 Quare
1375 4276 1491 4341 perge,

176 4360 211 4416 ut
231 4351 375 4437 coepisti;
398 4351 473 4416 sorti
494 4350 599 4415 animo
620 4349 710 4412 istam
732 4347 831 4411 tolera
852 4345 1013 4425 militiam3
1043 4346 1153 4422 multa,
1176 4347 1386 4422 mihicrede,
1409 4370 1493 4413 asse

244 4569 271 4619 6.
297 4570 416 4620 dianam
433 4567 470 4618 Μ.
498 4592 526 4604 -
564 4566 590 4615 8.
610 4565 782 4615 alienissimus
799 4572 825 4615 et
842 4562 1022 4628 anismam
1039 4563 1077 4615 Μ.
1106 4587 1133 4597 -
1173 4565 1215 4614 11.
1234 4564 1427 4616 Alexandream
1444 4566 1489 4618 M:

175 4638 361 4689 Alexandriam
381 4638 412 4687 E.
433 4661 464 4673 -
500 4637 582 4685 ultum
599 4635 636 4687 Μ.
656 4661 689 4670 -
725 4636 768 4686 15.
788 4642 861 4685 tuum
879 4634 913 4685 M.
934 4656 963 4668 -
1001 4632 1044 4683 18.
1064 4632 1200 4683 duolertm
1217 4633 1376 4686 Lambinus.
1398 4660 1428 4671 -
1459 4651 1491 4687 aa

173 4709 401 4760 1111111111.-
437 4707 481 4756 22.
507 4708 547 4755 ita
565 4713 590 4755 et
608 4706 706 4768 aceepit
724 4705 767 4757 M:
786 4705 939 4767 itoocceptt
957 4703 988 4754 13.
1022 4726 1053 4738 -
1089 4702 1133 4753 25.
1153 4705 1199 4759 si,
1218 4711 1295 4754 vetus
1314 4705 1491 4769 supplemen-

173 4784 247 4838 tum,
268 4779 371 4828 om.M.
391 4779 463 4827 Fort.
482 4777 631 4825 dimiseris:
649 4778 673 4824 ai
691 4781 742 4824 cet.
762 4775 812 4826 On.
829 4799 858 4810 -
878 4773 999 4839 quasit:
1019 4773 1110 4837 quoli-
1131 4799 1164 4808 -
1183 4773 1228 4824 26.
1246 4778 1392 4839 expectatio
1403 4776 1441 4827 dl.
1459 4798 1490 4812 -

172 4848 217 4899 27.
236 4849 283 4899 tibi
299 4849 413 4898 iucundo
432 4847 473 4896 M:
494 4847 541 4896 tibi
558 4852 582 4896 ct
599 4847 713 4896 iucundo
732 4845 762 4895 E.
