<?xml version="1.0" encoding="UTF-8"?>
<!DOCTYPE html PUBLIC "-//W3C//DTD XHTML 1.0 Transitional//EN"
    "http://www.w3.org/TR/xhtml1/DTD/xhtml1-transitional.dtd">
<html xmlns="http://www.w3.org/1999/xhtml" xml:lang="en" lang="en">
 <head>
  <title>
</title>
<meta http-equiv="Content-Type" content="text/html;charset=utf-8" />
  <meta name='ocr-system' content='tesseract 3.04.00' />
  <meta name='ocr-capabilities' content='ocr_page ocr_carea ocr_par ocr_line ocrx_word'/>
</head>
<body>
  <div class='ocr_page' id='page_1' title='image "./operaquaesupers06halmgoog_0317.png"; bbox 0 0 3256 5400; ppageno 0'>
   <div class='ocr_carea' id='block_1_1' title="bbox 582 218 1454 288">
    <p class='ocr_par' dir='ltr' id='par_1_1' title="bbox 582 218 1454 288">
     <span class='ocr_line' id='line_1_1' title="bbox 582 218 1454 288; baseline 0.003 -5"><span class='ocrx_word' id='word_1_1' title='bbox 582 218 657 283; x_wconf 75' lang='lat' dir='ltr'><strong>tte.</strong></span> <span class='ocrx_word' id='word_1_2' title='bbox 678 218 762 282; x_wconf 83' lang='lat' dir='ltr'><strong>xttl.</strong></span> <span class='ocrx_word' id='word_1_3' title='bbox 796 219 856 282; x_wconf 78' lang='grc' dir='ltr'><strong>ΕΡ.</strong></span> <span class='ocrx_word' id='word_1_4' title='bbox 877 218 930 282; x_wconf 74' lang='lat'><strong>28.</strong></span> <span class='ocrx_word' id='word_1_5' title='bbox 949 218 1002 282; x_wconf 78' lang='grc'><strong>33.</strong></span> <span class='ocrx_word' id='word_1_6' title='bbox 1392 225 1454 288; x_wconf 69' lang='lat' dir='ltr'><strong>*All</strong></span> 
     </span>
    </p>
   </div>
   <div class='ocr_carea' id='block_1_2' title="bbox 133 373 1455 468">
    <p class='ocr_par' dir='ltr' id='par_1_2' title="bbox 133 373 1455 468">
     <span class='ocr_line' id='line_1_2' title="bbox 133 373 1455 468; baseline 0.004 -26"><span class='ocrx_word' id='word_1_7' title='bbox 133 396 287 442; x_wconf 87' lang='lat' dir='ltr'><strong>summam</strong></span> <span class='ocrx_word' id='word_1_8' title='bbox 302 373 408 441; x_wconf 83' lang='lat' dir='ltr'><strong>lulsse.</strong></span> <span class='ocrx_word' id='word_1_9' title='bbox 451 373 498 440; x_wconf 93' lang='lat' dir='ltr'><strong>Ab</strong></span> <span class='ocrx_word' id='word_1_10' title='bbox 517 375 566 440; x_wconf 87' lang='lat' dir='ltr'><strong>his</strong></span> <span class='ocrx_word' id='word_1_11' title='bbox 588 374 684 441; x_wconf 78' lang='lat' dir='ltr'><strong>initiis</strong></span> <span class='ocrx_word' id='word_1_12' title='bbox 704 382 813 440; x_wconf 88' lang='lat' dir='ltr'><strong>noster</strong></span> <span class='ocrx_word' id='word_1_13' title='bbox 834 375 867 440; x_wconf 91' lang='lat' dir='ltr'><strong>in</strong></span> <span class='ocrx_word' id='word_1_14' title='bbox 888 384 918 440; x_wconf 90' lang='lat' dir='ltr'><strong>te</strong></span> <span class='ocrx_word' id='word_1_15' title='bbox 944 396 1034 442; x_wconf 88' lang='lat' dir='ltr'><strong>amor</strong></span> <span class='ocrx_word' id='word_1_16' title='bbox 1057 376 1217 463; x_wconf 82' lang='lat' dir='ltr'><strong>profectus</strong></span> <span class='ocrx_word' id='word_1_17' title='bbox 1238 381 1326 445; x_wconf 84' lang='lat' dir='ltr'><strong>auxit</strong></span> <span class='ocrx_word' id='word_1_18' title='bbox 1351 391 1455 468; x_wconf 86' lang='lat' dir='ltr'><strong>pater·</strong></span> 
     </span>
    </p>
   </div>
   <div class='ocr_carea' id='block_1_3' title="bbox 131 468 1492 4495">
    <p class='ocr_par' dir='ltr' id='par_1_3' title="bbox 131 468 1492 4495">
     <span class='ocr_line' id='line_1_3' title="bbox 133 468 1454 560; baseline 0.005 -24"><span class='ocrx_word' id='word_1_19' title='bbox 133 492 205 536; x_wconf 88' lang='lat' dir='ltr'><strong>nam</strong></span> <span class='ocrx_word' id='word_1_20' title='bbox 225 468 485 536; x_wconf 87' lang='lat' dir='ltr'><strong>uecessitudinem</strong></span> <span class='ocrx_word' id='word_1_21' title='bbox 507 480 538 534; x_wconf 95' lang='grc' dir='ltr'><strong>ιι</strong></span> <span class='ocrx_word' id='word_1_22' title='bbox 558 491 598 536; x_wconf 93' lang='lat' dir='ltr'><strong>eo</strong></span> <span class='ocrx_word' id='word_1_23' title='bbox 616 469 731 554; x_wconf 87' lang='lat' dir='ltr'><strong>magis,</strong></span> <span class='ocrx_word' id='word_1_24' title='bbox 753 468 840 555; x_wconf 94' lang='lat' dir='ltr'><strong>quod</strong></span> <span class='ocrx_word' id='word_1_25' title='bbox 855 470 1012 545; x_wconf 87' lang='lat' dir='ltr'><strong>intellexi,</strong></span> <span class='ocrx_word' id='word_1_26' title='bbox 1034 482 1068 536; x_wconf 94' lang='lat' dir='ltr'><strong>ut</strong></span> <span class='ocrx_word' id='word_1_27' title='bbox 1090 471 1226 557; x_wconf 88' lang='lat' dir='ltr'><strong>primum</strong></span> <span class='ocrx_word' id='word_1_28' title='bbox 1248 494 1307 560; x_wconf 92' lang='lat' dir='ltr'><strong>per</strong></span> <span class='ocrx_word' id='word_1_29' title='bbox 1322 487 1454 543; x_wconf 82' lang='lat' dir='ltr'><strong>aetatem</strong></span> 
     </span>
     <span class='ocr_line' id='line_1_4' title="bbox 132 562 1455 650; baseline 0.006 -21"><span class='ocrx_word' id='word_1_30' title='bbox 132 565 283 631; x_wconf 90' lang='lat' dir='ltr'><strong>iudicium</strong></span> <span class='ocrx_word' id='word_1_31' title='bbox 298 563 403 629; x_wconf 88' lang='lat' dir='ltr'><strong>lacere</strong></span> <span class='ocrx_word' id='word_1_32' title='bbox 422 563 580 650; x_wconf 86' lang='lat' dir='ltr'><strong>potueris,</strong></span> <span class='ocrx_word' id='word_1_33' title='bbox 617 563 726 646; x_wconf 82' lang='lat' dir='ltr'><strong>quami</strong></span> <span class='ocrx_word' id='word_1_34' title='bbox 748 563 881 649; x_wconf 91' lang='lat' dir='ltr'><strong>quisque</strong></span> <span class='ocrx_word' id='word_1_35' title='bbox 913 562 970 628; x_wconf 94' lang='lat' dir='ltr'><strong>tibi</strong></span> <span class='ocrx_word' id='word_1_36' title='bbox 991 563 1151 631; x_wconf 83' lang='lat' dir='ltr'><strong>faciendus</strong></span> <span class='ocrx_word' id='word_1_37' title='bbox 1173 577 1270 643; x_wconf 89' lang='lat' dir='ltr'><strong>esset,</strong></span> <span class='ocrx_word' id='word_1_38' title='bbox 1303 590 1354 634; x_wconf 90' lang='lat' dir='ltr'><strong>me</strong></span> <span class='ocrx_word' id='word_1_39' title='bbox 1382 580 1455 638; x_wconf 89' lang='lat' dir='ltr'><strong>ate</strong></span> 
     </span>
     <span class='ocr_line' id='line_1_5' title="bbox 132 655 1454 744; baseline 0.009 -23"><span class='ocrx_word' id='word_1_40' title='bbox 132 657 296 743; x_wconf 89' lang='lat' dir='ltr'><strong>inprimis</strong></span> <span class='ocrx_word' id='word_1_41' title='bbox 318 666 463 744; x_wconf 91' lang='lat' dir='ltr'><strong>coeptum</strong></span> <span class='ocrx_word' id='word_1_42' title='bbox 486 677 555 722; x_wconf 92' lang='lat' dir='ltr'><strong>esse</strong></span> <span class='ocrx_word' id='word_1_43' title='bbox 576 655 753 731; x_wconf 79' lang='lat' dir='ltr'><strong>observari,</strong></span> <span class='ocrx_word' id='word_1_44' title='bbox 777 656 859 733; x_wconf 91' lang='lat' dir='ltr'><strong>coli,</strong></span> <span class='ocrx_word' id='word_1_45' title='bbox 881 656 976 743; x_wconf 81' lang='lat' dir='ltr'><strong>diligi.</strong></span> <span class='ocrx_word' id='word_1_46' title='bbox 1021 658 1195 725; x_wconf 73' lang='lat' dir='ltr'><strong>Accedebat</strong></span> <span class='ocrx_word' id='word_1_47' title='bbox 1217 684 1279 727; x_wconf 92' lang='lat' dir='ltr'><strong>non</strong></span> <span class='ocrx_word' id='word_1_48' title='bbox 1293 665 1454 734; x_wconf 76' lang='lat' dir='ltr'><strong>mediocre</strong></span> 
     </span>
     <span class='ocr_line' id='line_1_6' title="bbox 132 750 1478 840; baseline 0.001 -24"><span class='ocrx_word' id='word_1_49' title='bbox 132 751 291 816; x_wconf 79' lang='lat' dir='ltr'><strong>viandum</strong></span> <span class='ocrx_word' id='word_1_50' title='bbox 320 773 391 817; x_wconf 92' lang='lat' dir='ltr'><strong>cum</strong></span> <span class='ocrx_word' id='word_1_51' title='bbox 419 751 614 825; x_wconf 86' lang='lat' dir='ltr'><strong>studiorum,</strong></span> <span class='ocrx_word' id='word_1_52' title='bbox 651 750 737 836; x_wconf 95' lang='lat' dir='ltr'><strong>quod</strong></span> <span class='ocrx_word' id='word_1_53' title='bbox 765 751 868 836; x_wconf 92' lang='lat' dir='ltr'><strong>ipsum</strong></span> <span class='ocrx_word' id='word_1_54' title='bbox 896 761 944 816; x_wconf 89' lang='lat' dir='ltr'><strong>est</strong></span> <span class='ocrx_word' id='word_1_55' title='bbox 975 772 1033 838; x_wconf 92' lang='lat' dir='ltr'><strong>per</strong></span> <span class='ocrx_word' id='word_1_56' title='bbox 1053 774 1088 818; x_wconf 89' lang='lat' dir='ltr'><strong>se</strong></span> <span class='ocrx_word' id='word_1_57' title='bbox 1109 774 1220 840; x_wconf 88' lang='lat' dir='ltr'><strong>grave,</strong></span> <span class='ocrx_word' id='word_1_58' title='bbox 1254 768 1319 823; x_wconf 92' lang='lat' dir='ltr'><strong>tum</strong></span> <span class='ocrx_word' id='word_1_59' title='bbox 1342 777 1478 828; x_wconf 83' lang='lat' dir='ltr'><strong>eorums</strong></span> 
     </span>
     <span class='ocr_line' id='line_1_7' title="bbox 132 844 1455 935; baseline 0.009 -25"><span class='ocrx_word' id='word_1_60' title='bbox 132 844 310 911; x_wconf 90' lang='lat' dir='ltr'><strong>studiorum</strong></span> <span class='ocrx_word' id='word_1_61' title='bbox 341 867 513 932; x_wconf 88' lang='lat' dir='ltr'><strong>earumque</strong></span> <span class='ocrx_word' id='word_1_62' title='bbox 540 846 671 919; x_wconf 88' lang='lat' dir='ltr'><strong>artium,</strong></span> <span class='ocrx_word' id='word_1_63' title='bbox 710 866 791 931; x_wconf 90' lang='lat' dir='ltr'><strong>quae</strong></span> <span class='ocrx_word' id='word_1_64' title='bbox 812 866 871 931; x_wconf 92' lang='lat' dir='ltr'><strong>per</strong></span> <span class='ocrx_word' id='word_1_65' title='bbox 891 866 926 910; x_wconf 91' lang='lat' dir='ltr'><strong>se</strong></span> <span class='ocrx_word' id='word_1_66' title='bbox 947 846 1032 932; x_wconf 80' lang='lat' dir='ltr'><strong>ipsae</strong></span> <span class='ocrx_word' id='word_1_67' title='bbox 1054 868 1125 923; x_wconf 92' lang='lat' dir='ltr'><strong>eos,</strong></span> <span class='ocrx_word' id='word_1_68' title='bbox 1148 849 1203 935; x_wconf 94' lang='lat' dir='ltr'><strong>qui</strong></span> <span class='ocrx_word' id='word_1_69' title='bbox 1224 852 1382 919; x_wconf 87' lang='lat' dir='ltr'><strong>voluntate</strong></span> <span class='ocrx_word' id='word_1_70' title='bbox 1404 877 1455 922; x_wconf 86' lang='lat' dir='ltr'><strong>ea·</strong></span> 
     </span>
     <span class='ocr_line' id='line_1_8' title="bbox 132 939 1452 1028; baseline 0.008 -24"><span class='ocrx_word' id='word_1_71' title='bbox 132 940 204 1005; x_wconf 89' lang='lat' dir='ltr'><strong>dem</strong></span> <span class='ocrx_word' id='word_1_72' title='bbox 232 948 319 1014; x_wconf 88' lang='lat' dir='ltr'><strong>sunt,</strong></span> <span class='ocrx_word' id='word_1_73' title='bbox 355 941 448 1005; x_wconf 89' lang='lat' dir='ltr'><strong>etiarn</strong></span> <span class='ocrx_word' id='word_1_74' title='bbox 475 940 681 1005; x_wconf 76' lang='lat' dir='ltr'><strong>familiaritate</strong></span> <span class='ocrx_word' id='word_1_75' title='bbox 711 939 900 1004; x_wconf 77' lang='lat' dir='ltr'><strong>devinciunt</strong></span> <span class='ocrx_word' id='word_1_76' title='bbox 951 944 981 1005; x_wconf 76' lang='lat'><strong>2.</strong></span> <span class='ocrx_word' id='word_1_77' title='bbox 1018 946 1206 1028; x_wconf 83' lang='lat' dir='ltr'><strong>Exspectare</strong></span> <span class='ocrx_word' id='word_1_78' title='bbox 1236 954 1266 1010; x_wconf 89' lang='grc' dir='ltr'><strong>ιι</strong></span> <span class='ocrx_word' id='word_1_79' title='bbox 1295 947 1452 1024; x_wconf 88' lang='lat' dir='ltr'><strong>arbitror,</strong></span> 
     </span>
     <span class='ocr_line' id='line_1_9' title="bbox 133 1033 1454 1125; baseline 0.008 -27"><span class='ocrx_word' id='word_1_80' title='bbox 133 1035 209 1099; x_wconf 88' lang='lat' dir='ltr'><strong>baec</strong></span> <span class='ocrx_word' id='word_1_81' title='bbox 231 1044 292 1099; x_wconf 87' lang='lat' dir='ltr'><strong>tam</strong></span> <span class='ocrx_word' id='word_1_82' title='bbox 315 1034 407 1120; x_wconf 93' lang='lat' dir='ltr'><strong>longe</strong></span> <span class='ocrx_word' id='word_1_83' title='bbox 430 1035 562 1120; x_wconf 87' lang='lat' dir='ltr'><strong>repetita</strong></span> <span class='ocrx_word' id='word_1_84' title='bbox 583 1033 737 1119; x_wconf 91' lang='lat' dir='ltr'><strong>principia</strong></span> <span class='ocrx_word' id='word_1_85' title='bbox 759 1054 823 1118; x_wconf 95' lang='lat' dir='ltr'><strong>quo</strong></span> <span class='ocrx_word' id='word_1_86' title='bbox 838 1042 986 1118; x_wconf 75' lang='lat' dir='ltr'>spectent.</span> <span class='ocrx_word' id='word_1_87' title='bbox 1030 1035 1064 1100; x_wconf 91' lang='lat' dir='ltr'><strong>ld</strong></span> <span class='ocrx_word' id='word_1_88' title='bbox 1085 1038 1221 1121; x_wconf 88' lang='lat' dir='ltr'><strong>primum</strong></span> <span class='ocrx_word' id='word_1_89' title='bbox 1236 1061 1313 1125; x_wconf 92' lang='lat' dir='ltr'><strong>ergo</strong></span> <span class='ocrx_word' id='word_1_90' title='bbox 1328 1041 1454 1119; x_wconf 91' lang='lat' dir='ltr'><strong>habeto,</strong></span> 
     </span>
     <span class='ocr_line' id='line_1_10' title="bbox 133 1125 1454 1215; baseline 0.007 -23"><span class='ocrx_word' id='word_1_91' title='bbox 133 1148 196 1192; x_wconf 97' lang='lat' dir='ltr'><strong>non</strong></span> <span class='ocrx_word' id='word_1_92' title='bbox 219 1129 287 1193; x_wconf 89' lang='lat' dir='ltr'><strong>sine</strong></span> <span class='ocrx_word' id='word_1_93' title='bbox 308 1149 420 1214; x_wconf 87' lang='lat' dir='ltr'><strong>magna</strong></span> <span class='ocrx_word' id='word_1_94' title='bbox 450 1128 593 1215; x_wconf 90' lang='lat' dir='ltr'><strong>iustaque</strong></span> <span class='ocrx_word' id='word_1_95' title='bbox 622 1147 714 1191; x_wconf 91' lang='lat' dir='ltr'><strong>causa</strong></span> <span class='ocrx_word' id='word_1_96' title='bbox 745 1125 824 1190; x_wconf 89' lang='lat' dir='ltr'><strong>hanc</strong></span> <span class='ocrx_word' id='word_1_97' title='bbox 853 1149 943 1191; x_wconf 89' lang='lat' dir='ltr'><strong>ame</strong></span> <span class='ocrx_word' id='word_1_98' title='bbox 965 1132 1296 1198; x_wconf 75' lang='lat' dir='ltr'><strong>commemorationem</strong></span> <span class='ocrx_word' id='word_1_99' title='bbox 1319 1156 1388 1199; x_wconf 90' lang='lat' dir='ltr'><strong>esse</strong></span> <span class='ocrx_word' id='word_1_100' title='bbox 1410 1135 1454 1201; x_wconf 86' lang='lat' dir='ltr'><strong>la-</strong></span> 
     </span>
     <span class='ocr_line' id='line_1_11' title="bbox 132 1220 1491 1307; baseline 0.005 -19"><span class='ocrx_word' id='word_1_101' title='bbox 132 1232 224 1288; x_wconf 89' lang='lat' dir='ltr'><strong>etam.</strong></span> <span class='ocrx_word' id='word_1_102' title='bbox 267 1227 300 1289; x_wconf 93' lang='lat' dir='ltr'><strong>C.</strong></span> <span class='ocrx_word' id='word_1_103' title='bbox 322 1223 411 1288; x_wconf 91' lang='lat' dir='ltr'><strong>Ateio</strong></span> <span class='ocrx_word' id='word_1_104' title='bbox 434 1222 582 1307; x_wconf 80' lang='lat' dir='ltr'><strong>Capitone</strong></span> <span class='ocrx_word' id='word_1_105' title='bbox 604 1229 678 1286; x_wconf 89' lang='lat' dir='ltr'><strong>utor</strong></span> <span class='ocrx_word' id='word_1_106' title='bbox 700 1220 951 1286; x_wconf 83' lang='lat' dir='ltr'><strong>familiarissime.</strong></span> <span class='ocrx_word' id='word_1_107' title='bbox 1000 1227 1097 1287; x_wconf 87' lang='lat' dir='ltr'><strong>Notae</strong></span> <span class='ocrx_word' id='word_1_108' title='bbox 1119 1223 1175 1289; x_wconf 93' lang='lat' dir='ltr'><strong>tibi</strong></span> <span class='ocrx_word' id='word_1_109' title='bbox 1197 1236 1270 1290; x_wconf 89' lang='lat' dir='ltr'><strong>suut</strong></span> <span class='ocrx_word' id='word_1_110' title='bbox 1290 1233 1491 1295; x_wconf 73' lang='lat' dir='ltr'><strong>varietatestt</strong></span> 
     </span>
     <span class='ocr_line' id='line_1_12' title="bbox 132 1314 1454 1403; baseline 0.005 -22"><span class='ocrx_word' id='word_1_111' title='bbox 132 1337 276 1382; x_wconf 91' lang='lat' dir='ltr'><strong>meorum</strong></span> <span class='ocrx_word' id='word_1_112' title='bbox 312 1326 501 1403; x_wconf 89' lang='lat' dir='ltr'><strong>temporum.</strong></span> <span class='ocrx_word' id='word_1_113' title='bbox 554 1320 589 1380; x_wconf 95' lang='lat' dir='ltr'><strong>ln</strong></span> <span class='ocrx_word' id='word_1_114' title='bbox 610 1314 696 1379; x_wconf 94' lang='lat' dir='ltr'><strong>omni</strong></span> <span class='ocrx_word' id='word_1_115' title='bbox 717 1334 833 1398; x_wconf 90' lang='lat' dir='ltr'><strong>genere</strong></span> <span class='ocrx_word' id='word_1_116' title='bbox 862 1325 893 1379; x_wconf 93' lang='lat' dir='ltr'><strong>et</strong></span> <span class='ocrx_word' id='word_1_117' title='bbox 914 1315 1071 1382; x_wconf 91' lang='lat' dir='ltr'><strong>honorum</strong></span> <span class='ocrx_word' id='word_1_118' title='bbox 1093 1326 1125 1382; x_wconf 90' lang='lat' dir='ltr'><strong>ot</strong></span> <span class='ocrx_word' id='word_1_119' title='bbox 1144 1316 1288 1385; x_wconf 90' lang='lat' dir='ltr'><strong>laborum</strong></span> <span class='ocrx_word' id='word_1_120' title='bbox 1311 1342 1454 1388; x_wconf 90' lang='lat' dir='ltr'><strong>meorum</strong></span> 
     </span>
     <span class='ocr_line' id='line_1_13' title="bbox 133 1409 1457 1502; baseline 0.005 -27"><span class='ocrx_word' id='word_1_121' title='bbox 133 1419 165 1475; x_wconf 91' lang='lat' dir='ltr'><strong>et</strong></span> <span class='ocrx_word' id='word_1_122' title='bbox 184 1411 306 1476; x_wconf 82' lang='lat' dir='ltr'><strong>animus</strong></span> <span class='ocrx_word' id='word_1_123' title='bbox 328 1420 360 1476; x_wconf 93' lang='lat' dir='ltr'><strong>et</strong></span> <span class='ocrx_word' id='word_1_124' title='bbox 380 1432 477 1497; x_wconf 88' lang='lat' dir='ltr'><strong>opera</strong></span> <span class='ocrx_word' id='word_1_125' title='bbox 499 1419 530 1474; x_wconf 94' lang='lat' dir='ltr'><strong>et</strong></span> <span class='ocrx_word' id='word_1_126' title='bbox 550 1409 718 1473; x_wconf 91' lang='lat' dir='ltr'><strong>auctoritas</strong></span> <span class='ocrx_word' id='word_1_127' title='bbox 740 1418 772 1472; x_wconf 94' lang='grc' dir='ltr'><strong>ιι</strong></span> <span class='ocrx_word' id='word_1_128' title='bbox 792 1409 905 1492; x_wconf 88' lang='lat' dir='ltr'><strong>gratia,</strong></span> <span class='ocrx_word' id='word_1_129' title='bbox 940 1409 1033 1474; x_wconf 91' lang='lat' dir='ltr'><strong>etiam</strong></span> <span class='ocrx_word' id='word_1_130' title='bbox 1055 1432 1107 1476; x_wconf 89' lang='lat' dir='ltr'><strong>res</strong></span> <span class='ocrx_word' id='word_1_131' title='bbox 1128 1410 1288 1480; x_wconf 79' lang='lat' dir='ltr'><strong>familiaris</strong></span> <span class='ocrx_word' id='word_1_132' title='bbox 1311 1421 1343 1482; x_wconf 93' lang='lat' dir='ltr'><strong>C.</strong></span> <span class='ocrx_word' id='word_1_133' title='bbox 1367 1418 1457 1502; x_wconf 87' lang='lat' dir='ltr'><strong>Capi-</strong></span> 
     </span>
     <span class='ocr_line' id='line_1_14' title="bbox 132 1501 1456 1590; baseline 0.005 -21"><span class='ocrx_word' id='word_1_134' title='bbox 132 1504 214 1569; x_wconf 89' lang='lat' dir='ltr'><strong>tonis</strong></span> <span class='ocrx_word' id='word_1_135' title='bbox 246 1513 372 1590; x_wconf 89' lang='lat' dir='ltr'><strong>praesto</strong></span> <span class='ocrx_word' id='word_1_136' title='bbox 403 1505 461 1569; x_wconf 90' lang='lat' dir='ltr'><strong>luit</strong></span> <span class='ocrx_word' id='word_1_137' title='bbox 483 1512 514 1568; x_wconf 97' lang='grc' dir='ltr'><strong>ιι</strong></span> <span class='ocrx_word' id='word_1_138' title='bbox 542 1503 647 1588; x_wconf 89' lang='lat' dir='ltr'><strong>paruit</strong></span> <span class='ocrx_word' id='word_1_139' title='bbox 669 1511 700 1566; x_wconf 91' lang='lat' dir='ltr'><strong>et</strong></span> <span class='ocrx_word' id='word_1_140' title='bbox 725 1501 920 1588; x_wconf 87' lang='lat' dir='ltr'><strong>temporibus</strong></span> <span class='ocrx_word' id='word_1_141' title='bbox 942 1514 973 1569; x_wconf 93' lang='lat' dir='ltr'><strong>et</strong></span> <span class='ocrx_word' id='word_1_142' title='bbox 995 1503 1138 1570; x_wconf 83' lang='lat' dir='ltr'><strong>fortunae</strong></span> <span class='ocrx_word' id='word_1_143' title='bbox 1160 1527 1258 1572; x_wconf 90' lang='lat' dir='ltr'><strong>meae.</strong></span> <span class='ocrx_word' id='word_1_144' title='bbox 1301 1513 1331 1574; x_wconf 84' lang='lat'><strong>3.</strong></span> <span class='ocrx_word' id='word_1_145' title='bbox 1354 1509 1456 1574; x_wconf 80' lang='lat' dir='ltr'><strong>liuius</strong></span> 
     </span>
     <span class='ocr_line' id='line_1_15' title="bbox 132 1595 1456 1685; baseline 0.003 -22"><span class='ocrx_word' id='word_1_146' title='bbox 132 1599 327 1685; x_wconf 89' lang='lat' dir='ltr'><strong>propinquus</strong></span> <span class='ocrx_word' id='word_1_147' title='bbox 349 1598 407 1663; x_wconf 89' lang='lat' dir='ltr'><strong>suit</strong></span> <span class='ocrx_word' id='word_1_148' title='bbox 429 1603 462 1662; x_wconf 90' lang='lat' dir='ltr'><strong>T.</strong></span> <span class='ocrx_word' id='word_1_149' title='bbox 485 1597 649 1674; x_wconf 89' lang='lat' dir='ltr'><strong>Antistius;</strong></span> <span class='ocrx_word' id='word_1_150' title='bbox 686 1595 740 1682; x_wconf 94' lang='lat' dir='ltr'><strong>qui</strong></span> <span class='ocrx_word' id='word_1_151' title='bbox 762 1616 833 1661; x_wconf 93' lang='lat' dir='ltr'><strong>cum</strong></span> <span class='ocrx_word' id='word_1_152' title='bbox 855 1609 940 1662; x_wconf 88' lang='lat' dir='ltr'><strong>sorte</strong></span> <span class='ocrx_word' id='word_1_153' title='bbox 969 1607 1117 1682; x_wconf 82' lang='lat' dir='ltr'><strong>quaestor</strong></span> <span class='ocrx_word' id='word_1_154' title='bbox 1137 1602 1350 1666; x_wconf 88' lang='lat' dir='ltr'><strong>Macedoniam</strong></span> <span class='ocrx_word' id='word_1_155' title='bbox 1373 1601 1456 1667; x_wconf 91' lang='lat' dir='ltr'><strong>obti-</strong></span> 
     </span>
     <span class='ocr_line' id='line_1_16' title="bbox 132 1689 1492 1779; baseline 0.004 -23"><span class='ocrx_word' id='word_1_156' title='bbox 132 1702 223 1758; x_wconf 90' lang='lat' dir='ltr'><strong>neret</strong></span> <span class='ocrx_word' id='word_1_157' title='bbox 243 1714 345 1779; x_wconf 91' lang='lat' dir='ltr'><strong>neque</strong></span> <span class='ocrx_word' id='word_1_158' title='bbox 366 1696 395 1756; x_wconf 94' lang='lat' dir='ltr'><strong>ei</strong></span> <span class='ocrx_word' id='word_1_159' title='bbox 417 1712 593 1756; x_wconf 90' lang='lat' dir='ltr'><strong>successum</strong></span> <span class='ocrx_word' id='word_1_160' title='bbox 612 1700 714 1763; x_wconf 90' lang='lat' dir='ltr'><strong>esset,</strong></span> <span class='ocrx_word' id='word_1_161' title='bbox 737 1689 905 1774; x_wconf 88' lang='lat' dir='ltr'><strong>Pompeius</strong></span> <span class='ocrx_word' id='word_1_162' title='bbox 925 1689 956 1754; x_wconf 92' lang='lat' dir='ltr'><strong>iu</strong></span> <span class='ocrx_word' id='word_1_163' title='bbox 979 1712 1047 1756; x_wconf 91' lang='lat' dir='ltr'><strong>eam</strong></span> <span class='ocrx_word' id='word_1_164' title='bbox 1069 1693 1263 1778; x_wconf 88' lang='lat' dir='ltr'><strong>provinciam</strong></span> <span class='ocrx_word' id='word_1_165' title='bbox 1278 1716 1349 1762; x_wconf 95' lang='lat' dir='ltr'><strong>cum</strong></span> <span class='ocrx_word' id='word_1_166' title='bbox 1363 1717 1456 1761; x_wconf 83' lang='lat' dir='ltr'><strong>exer·</strong></span> <span class='ocrx_word' id='word_1_167' title='bbox 1467 1711 1492 1753; x_wconf 72' lang='grc' dir='ltr'><strong>ιι</strong></span> 
     </span>
     <span class='ocr_line' id='line_1_17' title="bbox 132 1782 1455 1873; baseline 0.002 -21"><span class='ocrx_word' id='word_1_168' title='bbox 132 1788 196 1853; x_wconf 90' lang='lat' dir='ltr'><strong>citu</strong></span> <span class='ocrx_word' id='word_1_169' title='bbox 217 1786 312 1850; x_wconf 86' lang='lat' dir='ltr'><strong>venit.</strong></span> <span class='ocrx_word' id='word_1_170' title='bbox 366 1790 480 1849; x_wconf 88' lang='lat' dir='ltr'><strong>Facere</strong></span> <span class='ocrx_word' id='word_1_171' title='bbox 502 1783 650 1849; x_wconf 81' lang='lat' dir='ltr'><strong>Antistius</strong></span> <span class='ocrx_word' id='word_1_172' title='bbox 673 1782 749 1848; x_wconf 91' lang='lat' dir='ltr'><strong>nihil</strong></span> <span class='ocrx_word' id='word_1_173' title='bbox 781 1783 891 1868; x_wconf 79' lang='lat' dir='ltr'><strong>potuit</strong></span> <span class='ocrx_word' id='word_1_174' title='bbox 935 1789 1032 1860; x_wconf 89' lang='lat' dir='ltr'><strong>Nam,</strong></span> <span class='ocrx_word' id='word_1_175' title='bbox 1069 1791 1094 1851; x_wconf 89' lang='lat' dir='ltr'><strong>si</strong></span> <span class='ocrx_word' id='word_1_176' title='bbox 1116 1788 1288 1873; x_wconf 90' lang='lat' dir='ltr'><strong>potuisset,</strong></span> <span class='ocrx_word' id='word_1_177' title='bbox 1326 1788 1403 1855; x_wconf 91' lang='lat' dir='ltr'><strong>nihil</strong></span> <span class='ocrx_word' id='word_1_178' title='bbox 1425 1794 1455 1856; x_wconf 92' lang='lat' dir='ltr'><strong>ei</strong></span> 
     </span>
     <span class='ocr_line' id='line_1_18' title="bbox 131 1876 1453 1968; baseline 0.002 -23"><span class='ocrx_word' id='word_1_179' title='bbox 131 1879 242 1945; x_wconf 88' lang='lat' dir='ltr'><strong>fuisset</strong></span> <span class='ocrx_word' id='word_1_180' title='bbox 262 1878 420 1964; x_wconf 89' lang='lat' dir='ltr'><strong>antiquius</strong></span> <span class='ocrx_word' id='word_1_181' title='bbox 441 1899 534 1965; x_wconf 91' lang='lat' dir='ltr'><strong>quam</strong></span> <span class='ocrx_word' id='word_1_182' title='bbox 556 1876 596 1941; x_wconf 91' lang='lat' dir='ltr'><strong>ad</strong></span> <span class='ocrx_word' id='word_1_183' title='bbox 617 1881 816 1963; x_wconf 83' lang='lat' dir='ltr'><strong>Capitonem,</strong></span> <span class='ocrx_word' id='word_1_184' title='bbox 850 1899 943 1964; x_wconf 92' lang='lat' dir='ltr'><strong>quem</strong></span> <span class='ocrx_word' id='word_1_185' title='bbox 968 1888 1003 1943; x_wconf 93' lang='lat' dir='ltr'><strong>ut</strong></span> <span class='ocrx_word' id='word_1_186' title='bbox 1025 1890 1184 1965; x_wconf 88' lang='lat' dir='ltr'><strong>parentem</strong></span> <span class='ocrx_word' id='word_1_187' title='bbox 1207 1880 1370 1968; x_wconf 88' lang='lat' dir='ltr'><strong>diligebat,</strong></span> <span class='ocrx_word' id='word_1_188' title='bbox 1404 1904 1453 1949; x_wconf 91' lang='lat' dir='ltr'><strong>re·</strong></span> 
     </span>
     <span class='ocr_line' id='line_1_19' title="bbox 133 1971 1454 2064; baseline 0.002 -25"><span class='ocrx_word' id='word_1_189' title='bbox 133 1973 234 2047; x_wconf 82' lang='lat' dir='ltr'><strong>verti,</strong></span> <span class='ocrx_word' id='word_1_190' title='bbox 250 1972 435 2058; x_wconf 89' lang='lat' dir='ltr'><strong>praesertim</strong></span> <span class='ocrx_word' id='word_1_191' title='bbox 457 1992 528 2036; x_wconf 93' lang='lat' dir='ltr'><strong>cum</strong></span> <span class='ocrx_word' id='word_1_192' title='bbox 549 1971 658 2044; x_wconf 88' lang='lat' dir='ltr'><strong>sciret,</strong></span> <span class='ocrx_word' id='word_1_193' title='bbox 681 1975 787 2057; x_wconf 80' lang='lat' dir='ltr'><strong>quami</strong></span> <span class='ocrx_word' id='word_1_194' title='bbox 810 1975 836 2035; x_wconf 89' lang='lat' dir='ltr'><strong>is</strong></span> <span class='ocrx_word' id='word_1_195' title='bbox 851 1974 1014 2036; x_wconf 90' lang='lat' dir='ltr'><strong>Caesarem</strong></span> <span class='ocrx_word' id='word_1_196' title='bbox 1031 1971 1148 2038; x_wconf 87' lang='lat' dir='ltr'><strong>laceret</strong></span> <span class='ocrx_word' id='word_1_197' title='bbox 1161 1996 1347 2064; x_wconf 85' lang='lat' dir='ltr'><strong>semperque</strong></span> <span class='ocrx_word' id='word_1_198' title='bbox 1362 1975 1454 2042; x_wconf 87' lang='lat' dir='ltr'><strong>fecis·</strong></span> 
     </span>
     <span class='ocr_line' id='line_1_20' title="bbox 132 2063 1452 2156; baseline 0.002 -23"><span class='ocrx_word' id='word_1_199' title='bbox 132 2077 189 2133; x_wconf 89' lang='lat' dir='ltr'><strong>set.</strong></span> <span class='ocrx_word' id='word_1_200' title='bbox 233 2067 294 2132; x_wconf 89' lang='lat' dir='ltr'><strong>Sed</strong></span> <span class='ocrx_word' id='word_1_201' title='bbox 316 2086 487 2151; x_wconf 87' lang='lat' dir='ltr'><strong>oppressus</strong></span> <span class='ocrx_word' id='word_1_202' title='bbox 508 2073 625 2130; x_wconf 88' lang='lat' dir='ltr'><strong>tantum</strong></span> <span class='ocrx_word' id='word_1_203' title='bbox 647 2063 747 2149; x_wconf 87' lang='lat' dir='ltr'><strong>attigit</strong></span> <span class='ocrx_word' id='word_1_204' title='bbox 769 2064 900 2148; x_wconf 90' lang='lat' dir='ltr'><strong>negotii,</strong></span> <span class='ocrx_word' id='word_1_205' title='bbox 923 2075 1072 2152; x_wconf 90' lang='lat' dir='ltr'><strong>quantum</strong></span> <span class='ocrx_word' id='word_1_206' title='bbox 1087 2087 1233 2132; x_wconf 88' lang='lat' dir='ltr'><strong>recusare</strong></span> <span class='ocrx_word' id='word_1_207' title='bbox 1256 2090 1319 2135; x_wconf 94' lang='lat' dir='ltr'><strong>non</strong></span> <span class='ocrx_word' id='word_1_208' title='bbox 1340 2069 1452 2156; x_wconf 83' lang='lat' dir='ltr'><strong>potuit.</strong></span> 
     </span>
     <span class='ocr_line' id='line_1_21' title="bbox 131 2157 1492 2250; baseline 0.001 -23"><span class='ocrx_word' id='word_1_209' title='bbox 131 2165 162 2227; x_wconf 74' lang='lat' dir='ltr'><strong>d.</strong></span> <span class='ocrx_word' id='word_1_210' title='bbox 185 2165 263 2229; x_wconf 91' lang='lat' dir='ltr'><strong>Cum</strong></span> <span class='ocrx_word' id='word_1_211' title='bbox 289 2161 465 2245; x_wconf 80' lang='lat' dir='ltr'><strong>signaretur</strong></span> <span class='ocrx_word' id='word_1_212' title='bbox 485 2168 648 2243; x_wconf 88' lang='lat' dir='ltr'><strong>argentum</strong></span> <span class='ocrx_word' id='word_1_213' title='bbox 669 2157 868 2244; x_wconf 80' lang='lat' dir='ltr'><strong>Apolloniae,</strong></span> <span class='ocrx_word' id='word_1_214' title='bbox 897 2179 960 2224; x_wconf 94' lang='lat' dir='ltr'><strong>non</strong></span> <span class='ocrx_word' id='word_1_215' title='bbox 986 2179 1115 2245; x_wconf 89' lang='lat' dir='ltr'><strong>possum</strong></span> <span class='ocrx_word' id='word_1_216' title='bbox 1143 2160 1248 2226; x_wconf 88' lang='lat' dir='ltr'><strong>dicere</strong></span> <span class='ocrx_word' id='word_1_217' title='bbox 1270 2184 1343 2229; x_wconf 91' lang='lat' dir='ltr'><strong>eum</strong></span> <span class='ocrx_word' id='word_1_218' title='bbox 1364 2177 1492 2250; x_wconf 74' lang='lat' dir='ltr'><strong>prae-¹⁰</strong></span> 
     </span>
     <span class='ocr_line' id='line_1_22' title="bbox 132 2251 1454 2341; baseline 0.002 -21"><span class='ocrx_word' id='word_1_219' title='bbox 132 2255 228 2321; x_wconf 89' lang='lat' dir='ltr'><strong>luisse</strong></span> <span class='ocrx_word' id='word_1_220' title='bbox 260 2274 362 2341; x_wconf 91' lang='lat' dir='ltr'><strong>neque</strong></span> <span class='ocrx_word' id='word_1_221' title='bbox 391 2273 520 2339; x_wconf 90' lang='lat' dir='ltr'><strong>possum</strong></span> <span class='ocrx_word' id='word_1_222' title='bbox 552 2272 667 2337; x_wconf 88' lang='lat' dir='ltr'><strong>negare</strong></span> <span class='ocrx_word' id='word_1_223' title='bbox 703 2251 846 2329; x_wconf 81' lang='lat' dir='ltr'><strong>affuisse,</strong></span> <span class='ocrx_word' id='word_1_224' title='bbox 880 2251 935 2318; x_wconf 91' lang='lat' dir='ltr'><strong>sed</strong></span> <span class='ocrx_word' id='word_1_225' title='bbox 964 2273 1028 2318; x_wconf 94' lang='lat' dir='ltr'><strong>non</strong></span> <span class='ocrx_word' id='word_1_226' title='bbox 1056 2254 1125 2338; x_wconf 92' lang='lat' dir='ltr'><strong>plus</strong></span> <span class='ocrx_word' id='word_1_227' title='bbox 1147 2253 1270 2321; x_wconf 90' lang='lat' dir='ltr'><strong>duobus</strong></span> <span class='ocrx_word' id='word_1_228' title='bbox 1292 2279 1331 2322; x_wconf 88' lang='lat' dir='ltr'><strong>an</strong></span> <span class='ocrx_word' id='word_1_229' title='bbox 1354 2257 1454 2324; x_wconf 89' lang='lat' dir='ltr'><strong>tribus</strong></span> 
     </span>
     <span class='ocr_line' id='line_1_23' title="bbox 132 2345 1455 2430; baseline 0.003 -18"><span class='ocrx_word' id='word_1_230' title='bbox 132 2347 302 2413; x_wconf 89' lang='lat' dir='ltr'><strong>mensibus.</strong></span> <span class='ocrx_word' id='word_1_231' title='bbox 358 2347 477 2413; x_wconf 89' lang='lat' dir='ltr'><strong>Deinde</strong></span> <span class='ocrx_word' id='word_1_232' title='bbox 499 2346 576 2411; x_wconf 86' lang='lat' dir='ltr'><strong>aluit</strong></span> <span class='ocrx_word' id='word_1_233' title='bbox 604 2345 769 2424; x_wconf 87' lang='lat' dir='ltr'><strong>acastris;</strong></span> <span class='ocrx_word' id='word_1_234' title='bbox 798 2345 878 2429; x_wconf 81' lang='lat' dir='ltr'><strong>fugit</strong></span> <span class='ocrx_word' id='word_1_235' title='bbox 899 2366 992 2411; x_wconf 90' lang='lat' dir='ltr'><strong>omne</strong></span> <span class='ocrx_word' id='word_1_236' title='bbox 1019 2347 1189 2430; x_wconf 90' lang='lat' dir='ltr'><strong>negotium.</strong></span> <span class='ocrx_word' id='word_1_237' title='bbox 1233 2353 1302 2415; x_wconf 84' lang='lat' dir='ltr'><strong>Hoc</strong></span> <span class='ocrx_word' id='word_1_238' title='bbox 1323 2351 1398 2416; x_wconf 93' lang='lat' dir='ltr'><strong>mihi</strong></span> <span class='ocrx_word' id='word_1_239' title='bbox 1421 2360 1455 2418; x_wconf 93' lang='grc' dir='ltr'><strong>ιιι</strong></span> 
     </span>
     <span class='ocr_line' id='line_1_24' title="bbox 132 2437 1456 2519; baseline 0.002 -12"><span class='ocrx_word' id='word_1_240' title='bbox 132 2442 204 2508; x_wconf 94' lang='lat' dir='ltr'><strong>testi</strong></span> <span class='ocrx_word' id='word_1_241' title='bbox 224 2442 317 2507; x_wconf 83' lang='lat' dir='ltr'><strong>velim</strong></span> <span class='ocrx_word' id='word_1_242' title='bbox 339 2441 465 2519; x_wconf 89' lang='lat' dir='ltr'><strong>credas;</strong></span> <span class='ocrx_word' id='word_1_243' title='bbox 488 2460 589 2504; x_wconf 91' lang='lat' dir='ltr'><strong>meam</strong></span> <span class='ocrx_word' id='word_1_244' title='bbox 611 2439 694 2504; x_wconf 93' lang='lat' dir='ltr'><strong>enim</strong></span> <span class='ocrx_word' id='word_1_245' title='bbox 716 2439 768 2504; x_wconf 92' lang='lat' dir='ltr'><strong>ille</strong></span> <span class='ocrx_word' id='word_1_246' title='bbox 789 2439 975 2504; x_wconf 90' lang='lat' dir='ltr'><strong>maestitiam</strong></span> <span class='ocrx_word' id='word_1_247' title='bbox 996 2438 1028 2503; x_wconf 91' lang='lat' dir='ltr'><strong>in</strong></span> <span class='ocrx_word' id='word_1_248' title='bbox 1048 2438 1101 2504; x_wconf 93' lang='lat' dir='ltr'><strong>illo</strong></span> <span class='ocrx_word' id='word_1_249' title='bbox 1123 2437 1207 2506; x_wconf 94' lang='lat' dir='ltr'><strong>bollo</strong></span> <span class='ocrx_word' id='word_1_250' title='bbox 1229 2441 1369 2518; x_wconf 89' lang='lat' dir='ltr'><strong>videbat,</strong></span> <span class='ocrx_word' id='word_1_251' title='bbox 1390 2465 1456 2508; x_wconf 90' lang='lat' dir='ltr'><strong>me·</strong></span> 
     </span>
     <span class='ocr_line' id='line_1_25' title="bbox 132 2530 1453 2617; baseline 0.002 -17"><span class='ocrx_word' id='word_1_252' title='bbox 132 2557 202 2601; x_wconf 93' lang='lat' dir='ltr'><strong>cum</strong></span> <span class='ocrx_word' id='word_1_253' title='bbox 230 2535 334 2601; x_wconf 91' lang='lat' dir='ltr'><strong>omnia</strong></span> <span class='ocrx_word' id='word_1_254' title='bbox 366 2533 624 2599; x_wconf 85' lang='lat' dir='ltr'><strong>communicabat.</strong></span> <span class='ocrx_word' id='word_1_255' title='bbox 679 2537 788 2617; x_wconf 87' lang='lat' dir='ltr'><strong>ltaque</strong></span> <span class='ocrx_word' id='word_1_256' title='bbox 810 2530 929 2597; x_wconf 88' lang='lat' dir='ltr'><strong>abdidit</strong></span> <span class='ocrx_word' id='word_1_257' title='bbox 950 2553 984 2596; x_wconf 89' lang='lat' dir='ltr'><strong>se</strong></span> <span class='ocrx_word' id='word_1_258' title='bbox 1005 2533 1038 2596; x_wconf 95' lang='lat' dir='ltr'><strong>in</strong></span> <span class='ocrx_word' id='word_1_259' title='bbox 1060 2533 1199 2599; x_wconf 90' lang='lat' dir='ltr'><strong>intimam</strong></span> <span class='ocrx_word' id='word_1_260' title='bbox 1221 2537 1453 2613; x_wconf 85' lang='lat' dir='ltr'><strong>Macedoniam,</strong></span> 
     </span>
     <span class='ocr_line' id='line_1_26' title="bbox 132 2625 1491 2718; baseline 0.001 -22"><span class='ocrx_word' id='word_1_261' title='bbox 132 2652 196 2718; x_wconf 91' lang='lat' dir='ltr'><strong>quo</strong></span> <span class='ocrx_word' id='word_1_262' title='bbox 217 2629 319 2715; x_wconf 86' lang='lat' dir='ltr'><strong>potuit</strong></span> <span class='ocrx_word' id='word_1_263' title='bbox 339 2629 519 2714; x_wconf 75' lang='lat' dir='ltr'><strong>longissime</strong></span> <span class='ocrx_word' id='word_1_264' title='bbox 542 2649 559 2692; x_wconf 88' lang='lat' dir='ltr'><strong>a</strong></span> <span class='ocrx_word' id='word_1_265' title='bbox 581 2626 705 2701; x_wconf 88' lang='lat' dir='ltr'><strong>castris,</strong></span> <span class='ocrx_word' id='word_1_266' title='bbox 728 2647 791 2690; x_wconf 94' lang='lat' dir='ltr'><strong>non</strong></span> <span class='ocrx_word' id='word_1_267' title='bbox 812 2625 907 2690; x_wconf 95' lang='lat' dir='ltr'><strong>modo</strong></span> <span class='ocrx_word' id='word_1_268' title='bbox 929 2635 964 2691; x_wconf 93' lang='lat' dir='ltr'><strong>ut</strong></span> <span class='ocrx_word' id='word_1_269' title='bbox 985 2646 1048 2691; x_wconf 93' lang='lat' dir='ltr'><strong>non</strong></span> <span class='ocrx_word' id='word_1_270' title='bbox 1069 2636 1228 2713; x_wconf 88' lang='lat' dir='ltr'><strong>praeesset</strong></span> <span class='ocrx_word' id='word_1_271' title='bbox 1241 2630 1297 2695; x_wconf 91' lang='lat' dir='ltr'><strong>ulli</strong></span> <span class='ocrx_word' id='word_1_272' title='bbox 1316 2630 1491 2716; x_wconf 72' lang='lat' dir='ltr'><strong>negotio,²³</strong></span> 
     </span>
     <span class='ocr_line' id='line_1_27' title="bbox 131 2719 1453 2808; baseline 0 -18"><span class='ocrx_word' id='word_1_273' title='bbox 131 2724 186 2790; x_wconf 87' lang='lat' dir='ltr'><strong>sed</strong></span> <span class='ocrx_word' id='word_1_274' title='bbox 214 2725 307 2789; x_wconf 93' lang='lat' dir='ltr'><strong>etiam</strong></span> <span class='ocrx_word' id='word_1_275' title='bbox 337 2733 371 2788; x_wconf 93' lang='lat' dir='ltr'><strong>ut</strong></span> <span class='ocrx_word' id='word_1_276' title='bbox 399 2742 438 2787; x_wconf 88' lang='lat' dir='ltr'><strong>ne</strong></span> <span class='ocrx_word' id='word_1_277' title='bbox 468 2722 631 2787; x_wconf 88' lang='lat' dir='ltr'><strong>interesset</strong></span> <span class='ocrx_word' id='word_1_278' title='bbox 666 2719 803 2808; x_wconf 91' lang='lat' dir='ltr'><strong>quidem.</strong></span> <span class='ocrx_word' id='word_1_279' title='bbox 857 2723 887 2784; x_wconf 91' lang='lat' dir='ltr'><strong>ls</strong></span> <span class='ocrx_word' id='word_1_280' title='bbox 908 2729 980 2805; x_wconf 89' lang='lat' dir='ltr'><strong>post</strong></span> <span class='ocrx_word' id='word_1_281' title='bbox 999 2721 1155 2804; x_wconf 92' lang='lat' dir='ltr'><strong>proelium</strong></span> <span class='ocrx_word' id='word_1_282' title='bbox 1178 2742 1212 2786; x_wconf 90' lang='grc' dir='ltr'><strong>ιι</strong></span> <span class='ocrx_word' id='word_1_283' title='bbox 1234 2721 1272 2786; x_wconf 91' lang='lat' dir='ltr'><strong>ad</strong></span> <span class='ocrx_word' id='word_1_284' title='bbox 1294 2722 1453 2789; x_wconf 92' lang='lat' dir='ltr'><strong>hominem</strong></span> 
     </span>
     <span class='ocr_line' id='line_1_28' title="bbox 132 2813 1452 2902; baseline -0.001 -19"><span class='ocrx_word' id='word_1_285' title='bbox 132 2817 357 2892; x_wconf 88' lang='lat' dir='ltr'><strong>necessarium,</strong></span> <span class='ocrx_word' id='word_1_286' title='bbox 384 2823 420 2883; x_wconf 92' lang='lat' dir='ltr'><strong>A.</strong></span> <span class='ocrx_word' id='word_1_287' title='bbox 442 2815 612 2889; x_wconf 88' lang='lat' dir='ltr'><strong>Plautium,</strong></span> <span class='ocrx_word' id='word_1_288' title='bbox 645 2813 678 2878; x_wconf 93' lang='lat' dir='ltr'><strong>in</strong></span> <span class='ocrx_word' id='word_1_289' title='bbox 700 2813 875 2902; x_wconf 78' lang='lat' dir='ltr'><strong>Bithyniam</strong></span> <span class='ocrx_word' id='word_1_290' title='bbox 896 2813 1036 2878; x_wconf 91' lang='lat' dir='ltr'><strong>contulit.</strong></span> <span class='ocrx_word' id='word_1_291' title='bbox 1080 2813 1127 2878; x_wconf 92' lang='lat' dir='ltr'><strong>lbi</strong></span> <span class='ocrx_word' id='word_1_292' title='bbox 1152 2836 1224 2879; x_wconf 92' lang='lat' dir='ltr'><strong>eum</strong></span> <span class='ocrx_word' id='word_1_293' title='bbox 1247 2820 1452 2882; x_wconf 87' lang='lat' dir='ltr'><strong>Caesareum</strong></span> 
     </span>
     <span class='ocr_line' id='line_1_29' title="bbox 132 2906 1453 2994; baseline 0 -18"><span class='ocrx_word' id='word_1_294' title='bbox 132 2910 275 2985; x_wconf 87' lang='lat' dir='ltr'><strong>vidisset,</strong></span> <span class='ocrx_word' id='word_1_295' title='bbox 298 2910 374 2976; x_wconf 95' lang='lat' dir='ltr'><strong>nihil</strong></span> <span class='ocrx_word' id='word_1_296' title='bbox 396 2930 521 2994; x_wconf 91' lang='lat' dir='ltr'><strong>aspere,</strong></span> <span class='ocrx_word' id='word_1_297' title='bbox 559 2907 634 2973; x_wconf 91' lang='lat' dir='ltr'><strong>nihil</strong></span> <span class='ocrx_word' id='word_1_298' title='bbox 656 2906 768 2972; x_wconf 89' lang='lat' dir='ltr'><strong>acerbe</strong></span> <span class='ocrx_word' id='word_1_299' title='bbox 791 2906 889 2983; x_wconf 88' lang='lat' dir='ltr'><strong>dixit;</strong></span> <span class='ocrx_word' id='word_1_300' title='bbox 918 2912 1049 2972; x_wconf 87' lang='lat' dir='ltr'><strong>Romam</strong></span> <span class='ocrx_word' id='word_1_301' title='bbox 1072 2908 1162 2973; x_wconf 91' lang='lat' dir='ltr'><strong>iussit</strong></span> <span class='ocrx_word' id='word_1_302' title='bbox 1182 2908 1299 2975; x_wconf 86' lang='lat' dir='ltr'><strong>venire.</strong></span> <span class='ocrx_word' id='word_1_303' title='bbox 1342 2911 1397 2975; x_wconf 94' lang='lat' dir='ltr'><strong>llle</strong></span> <span class='ocrx_word' id='word_1_304' title='bbox 1421 2911 1453 2976; x_wconf 91' lang='lat' dir='ltr'><strong>in</strong></span> 
     </span>
     <span class='ocr_line' id='line_1_30' title="bbox 132 3000 1452 3090; baseline -0.002 -20"><span class='ocrx_word' id='word_1_305' title='bbox 132 3004 278 3073; x_wconf 85' lang='lat' dir='ltr'><strong>morbum</strong></span> <span class='ocrx_word' id='word_1_306' title='bbox 301 3005 450 3069; x_wconf 90' lang='lat' dir='ltr'><strong>continuo</strong></span> <span class='ocrx_word' id='word_1_307' title='bbox 471 3002 595 3073; x_wconf 84' lang='lat' dir='ltr'><strong>incidit,</strong></span> <span class='ocrx_word' id='word_1_308' title='bbox 618 3023 659 3066; x_wconf 85' lang='lat' dir='ltr'><strong>ex</strong></span> <span class='ocrx_word' id='word_1_309' title='bbox 681 3022 744 3087; x_wconf 94' lang='lat' dir='ltr'><strong>quo</strong></span> <span class='ocrx_word' id='word_1_310' title='bbox 765 3021 828 3065; x_wconf 94' lang='lat' dir='ltr'><strong>non</strong></span> <span class='ocrx_word' id='word_1_311' title='bbox 845 3000 1011 3065; x_wconf 87' lang='lat' dir='ltr'><strong>convaluit.</strong></span> <span class='ocrx_word' id='word_1_312' title='bbox 1054 3008 1157 3086; x_wconf 91' lang='lat' dir='ltr'><strong>Aeger</strong></span> <span class='ocrx_word' id='word_1_313' title='bbox 1171 3007 1340 3090; x_wconf 79' lang='lat' dir='ltr'><strong>Corcyram</strong></span> <span class='ocrx_word' id='word_1_314' title='bbox 1353 3003 1452 3083; x_wconf 88' lang='lat' dir='ltr'><strong>venit;</strong></span> 
     </span>
     <span class='ocr_line' id='line_1_31' title="bbox 132 3093 1490 3182; baseline 0 -19"><span class='ocrx_word' id='word_1_315' title='bbox 132 3098 175 3165; x_wconf 92' lang='lat' dir='ltr'><strong>ibi</strong></span> <span class='ocrx_word' id='word_1_316' title='bbox 207 3109 255 3164; x_wconf 90' lang='lat' dir='ltr'><strong>est</strong></span> <span class='ocrx_word' id='word_1_317' title='bbox 282 3108 435 3163; x_wconf 90' lang='lat' dir='ltr'><strong>mortuus.</strong></span> <span class='ocrx_word' id='word_1_318' title='bbox 478 3103 690 3169; x_wconf 88' lang='lat' dir='ltr'><strong>Testamento‚</strong></span> <span class='ocrx_word' id='word_1_319' title='bbox 720 3093 805 3182; x_wconf 92' lang='lat' dir='ltr'><strong>quod</strong></span> <span class='ocrx_word' id='word_1_320' title='bbox 827 3100 944 3159; x_wconf 86' lang='lat' dir='ltr'><strong>Romae</strong></span> <span class='ocrx_word' id='word_1_321' title='bbox 966 3094 1076 3159; x_wconf 88' lang='lat' dir='ltr'><strong>Paullo</strong></span> <span class='ocrx_word' id='word_1_322' title='bbox 1098 3106 1128 3160; x_wconf 93' lang='lat' dir='ltr'><strong>et</strong></span> <span class='ocrx_word' id='word_1_323' title='bbox 1149 3097 1296 3162; x_wconf 87' lang='lat' dir='ltr'><strong>Marcello</strong></span> <span class='ocrx_word' id='word_1_324' title='bbox 1319 3098 1490 3163; x_wconf 83' lang='lat' dir='ltr'><strong>consuli-³⁰</strong></span> 
     </span>
     <span class='ocr_line' id='line_1_32' title="bbox 132 3187 1453 3274; baseline -0.001 -17"><span class='ocrx_word' id='word_1_325' title='bbox 132 3190 190 3257; x_wconf 92' lang='lat' dir='ltr'><strong>bus</strong></span> <span class='ocrx_word' id='word_1_326' title='bbox 218 3191 348 3266; x_wconf 86' lang='lat' dir='ltr'><strong>lecerat,</strong></span> <span class='ocrx_word' id='word_1_327' title='bbox 386 3191 478 3256; x_wconf 88' lang='lat' dir='ltr'><strong>heres</strong></span> <span class='ocrx_word' id='word_1_328' title='bbox 510 3211 550 3254; x_wconf 83' lang='lat' dir='ltr'><strong>ex</strong></span> <span class='ocrx_word' id='word_1_329' title='bbox 585 3198 673 3274; x_wconf 90' lang='lat' dir='ltr'><strong>parte</strong></span> <span class='ocrx_word' id='word_1_330' title='bbox 703 3187 829 3253; x_wconf 92' lang='lat' dir='ltr'><strong>dimidia</strong></span> <span class='ocrx_word' id='word_1_331' title='bbox 858 3197 889 3252; x_wconf 89' lang='lat' dir='ltr'><strong>et</strong></span> <span class='ocrx_word' id='word_1_332' title='bbox 918 3187 1006 3252; x_wconf 89' lang='lat' dir='ltr'><strong>tertia</strong></span> <span class='ocrx_word' id='word_1_333' title='bbox 1029 3195 1076 3252; x_wconf 90' lang='lat' dir='ltr'><strong>est</strong></span> <span class='ocrx_word' id='word_1_334' title='bbox 1097 3189 1226 3273; x_wconf 91' lang='lat' dir='ltr'><strong>Capito;</strong></span> <span class='ocrx_word' id='word_1_335' title='bbox 1260 3195 1291 3255; x_wconf 92' lang='lat' dir='ltr'><strong>iu</strong></span> <span class='ocrx_word' id='word_1_336' title='bbox 1314 3200 1453 3256; x_wconf 81' lang='lat' dir='ltr'><strong>sextante</strong></span> 
     </span>
     <span class='ocr_line' id='line_1_33' title="bbox 132 3280 1452 3372; baseline -0.001 -22"><span class='ocrx_word' id='word_1_337' title='bbox 132 3295 203 3352; x_wconf 93' lang='lat' dir='ltr'><strong>sunt</strong></span> <span class='ocrx_word' id='word_1_338' title='bbox 224 3286 264 3361; x_wconf 93' lang='lat' dir='ltr'><strong>ii,</strong></span> <span class='ocrx_word' id='word_1_339' title='bbox 298 3307 433 3372; x_wconf 90' lang='lat' dir='ltr'><strong>quorum</strong></span> <span class='ocrx_word' id='word_1_340' title='bbox 465 3305 537 3369; x_wconf 90' lang='lat' dir='ltr'><strong>pars</strong></span> <span class='ocrx_word' id='word_1_341' title='bbox 560 3284 626 3347; x_wconf 90' lang='lat' dir='ltr'><strong>sine</strong></span> <span class='ocrx_word' id='word_1_342' title='bbox 654 3282 717 3348; x_wconf 89' lang='lat' dir='ltr'><strong>ulla</strong></span> <span class='ocrx_word' id='word_1_343' title='bbox 739 3282 922 3367; x_wconf 86' lang='lat' dir='ltr'><strong>cuiusquam</strong></span> <span class='ocrx_word' id='word_1_344' title='bbox 945 3281 1073 3367; x_wconf 88' lang='lat' dir='ltr'><strong>querela</strong></span> <span class='ocrx_word' id='word_1_345' title='bbox 1095 3280 1219 3366; x_wconf 89' lang='lat' dir='ltr'><strong>publica</strong></span> <span class='ocrx_word' id='word_1_346' title='bbox 1242 3293 1452 3369; x_wconf 88' lang='lat' dir='ltr'><strong>potestesse:</strong></span> 
     </span>
     <span class='ocr_line' id='line_1_34' title="bbox 132 3374 1452 3464; baseline -0.002 -20"><span class='ocrx_word' id='word_1_347' title='bbox 132 3400 168 3444; x_wconf 89' lang='lat' dir='ltr'><strong>ea</strong></span> <span class='ocrx_word' id='word_1_348' title='bbox 191 3389 237 3445; x_wconf 91' lang='lat' dir='ltr'><strong>est</strong></span> <span class='ocrx_word' id='word_1_349' title='bbox 259 3379 298 3444; x_wconf 92' lang='lat' dir='ltr'><strong>ad</strong></span> <span class='ocrx_word' id='word_1_350' title='bbox 314 3382 383 3444; x_wconf 81' lang='lat' dir='ltr'><strong>HS.</strong></span> <span class='ocrx_word' id='word_1_351' title='bbox 400 3399 485 3445; x_wconf 81' lang='lat' dir='ltr'><strong>xxx.</strong></span> <span class='ocrx_word' id='word_1_352' title='bbox 530 3376 591 3442; x_wconf 88' lang='lat' dir='ltr'><strong>Sed</strong></span> <span class='ocrx_word' id='word_1_353' title='bbox 613 3376 652 3441; x_wconf 91' lang='lat' dir='ltr'><strong>de</strong></span> <span class='ocrx_word' id='word_1_354' title='bbox 674 3375 734 3441; x_wconf 93' lang='lat' dir='ltr'><strong>hoc</strong></span> <span class='ocrx_word' id='word_1_355' title='bbox 756 3379 869 3441; x_wconf 88' lang='lat' dir='ltr'><strong>Caesar</strong></span> <span class='ocrx_word' id='word_1_356' title='bbox 884 3374 1007 3439; x_wconf 81' lang='lat' dir='ltr'><strong>viderit</strong></span> <span class='ocrx_word' id='word_1_357' title='bbox 1051 3380 1080 3440; x_wconf 87' lang='lat'><strong>5.</strong></span> <span class='ocrx_word' id='word_1_358' title='bbox 1104 3380 1166 3448; x_wconf 83' lang='lat' dir='ltr'><strong>Te,</strong></span> <span class='ocrx_word' id='word_1_359' title='bbox 1190 3376 1232 3441; x_wconf 90' lang='lat' dir='ltr'><strong>mi</strong></span> <span class='ocrx_word' id='word_1_360' title='bbox 1249 3378 1370 3452; x_wconf 88' lang='lat' dir='ltr'><strong>Plance,</strong></span> <span class='ocrx_word' id='word_1_361' title='bbox 1392 3398 1452 3464; x_wconf 93' lang='lat' dir='ltr'><strong>pro</strong></span> 
     </span>
     <span class='ocr_line' id='line_1_35' title="bbox 131 3467 1451 3559; baseline 0 -23"><span class='ocrx_word' id='word_1_362' title='bbox 131 3481 261 3559; x_wconf 86' lang='lat' dir='ltr'><strong>paterna</strong></span> <span class='ocrx_word' id='word_1_363' title='bbox 282 3471 526 3545; x_wconf 88' lang='lat' dir='ltr'><strong>necessitudine,</strong></span> <span class='ocrx_word' id='word_1_364' title='bbox 559 3491 619 3556; x_wconf 88' lang='lat' dir='ltr'><strong>pro</strong></span> <span class='ocrx_word' id='word_1_365' title='bbox 651 3478 760 3534; x_wconf 92' lang='lat' dir='ltr'><strong>nostro</strong></span> <span class='ocrx_word' id='word_1_366' title='bbox 787 3489 915 3544; x_wconf 88' lang='lat' dir='ltr'><strong>amore,</strong></span> <span class='ocrx_word' id='word_1_367' title='bbox 945 3489 1004 3553; x_wconf 93' lang='lat' dir='ltr'><strong>pro</strong></span> <span class='ocrx_word' id='word_1_368' title='bbox 1036 3467 1146 3532; x_wconf 90' lang='lat' dir='ltr'><strong>studiis</strong></span> <span class='ocrx_word' id='word_1_369' title='bbox 1177 3478 1208 3533; x_wconf 93' lang='grc' dir='ltr'><strong>ιι</strong></span> <span class='ocrx_word' id='word_1_370' title='bbox 1238 3470 1324 3534; x_wconf 92' lang='lat' dir='ltr'><strong>omni</strong></span> <span class='ocrx_word' id='word_1_371' title='bbox 1357 3490 1451 3537; x_wconf 89' lang='lat' dir='ltr'><strong>cursu</strong></span> 
     </span>
     <span class='ocr_line' id='line_1_36' title="bbox 131 3562 1486 3648; baseline -0.001 -18"><span class='ocrx_word' id='word_1_372' title='bbox 131 3576 240 3632; x_wconf 88' lang='lat' dir='ltr'><strong>nostro</strong></span> <span class='ocrx_word' id='word_1_373' title='bbox 269 3569 364 3632; x_wconf 90' lang='lat' dir='ltr'><strong>totius</strong></span> <span class='ocrx_word' id='word_1_374' title='bbox 400 3566 480 3630; x_wconf 90' lang='lat' dir='ltr'><strong>vitae</strong></span> <span class='ocrx_word' id='word_1_375' title='bbox 508 3563 665 3629; x_wconf 88' lang='lat' dir='ltr'><strong>simillimo</strong></span> <span class='ocrx_word' id='word_1_376' title='bbox 693 3583 773 3648; x_wconf 91' lang='lat' dir='ltr'><strong>rogo</strong></span> <span class='ocrx_word' id='word_1_377' title='bbox 801 3571 870 3627; x_wconf 89' lang='lat' dir='ltr'><strong>eta</strong></span> <span class='ocrx_word' id='word_1_378' title='bbox 901 3571 932 3626; x_wconf 93' lang='lat' dir='ltr'><strong>te</strong></span> <span class='ocrx_word' id='word_1_379' title='bbox 955 3562 997 3627; x_wconf 87' lang='lat' dir='ltr'><strong>ita</strong></span> <span class='ocrx_word' id='word_1_380' title='bbox 1018 3570 1108 3648; x_wconf 88' lang='lat' dir='ltr'><strong>peto,</strong></span> <span class='ocrx_word' id='word_1_381' title='bbox 1142 3573 1176 3628; x_wconf 93' lang='lat' dir='ltr'><strong>ut</strong></span> <span class='ocrx_word' id='word_1_382' title='bbox 1210 3562 1328 3628; x_wconf 88' lang='lat' dir='ltr'><strong>maiore</strong></span> <span class='ocrx_word' id='word_1_383' title='bbox 1359 3580 1486 3638; x_wconf 74' lang='lat' dir='ltr'><strong>cura,³³</strong></span> 
     </span>
     <span class='ocr_line' id='line_1_37' title="bbox 132 3655 1450 3742; baseline 0.001 -18"><span class='ocrx_word' id='word_1_384' title='bbox 132 3660 251 3726; x_wconf 89' lang='lat' dir='ltr'><strong>maiore</strong></span> <span class='ocrx_word' id='word_1_385' title='bbox 272 3659 377 3725; x_wconf 92' lang='lat' dir='ltr'><strong>studio</strong></span> <span class='ocrx_word' id='word_1_386' title='bbox 402 3659 515 3725; x_wconf 92' lang='lat' dir='ltr'><strong>nullam</strong></span> <span class='ocrx_word' id='word_1_387' title='bbox 541 3661 672 3742; x_wconf 92' lang='lat' dir='ltr'><strong>possim,</strong></span> <span class='ocrx_word' id='word_1_388' title='bbox 702 3666 736 3721; x_wconf 95' lang='grc' dir='ltr'><strong>ιιι</strong></span> <span class='ocrx_word' id='word_1_389' title='bbox 759 3655 836 3720; x_wconf 91' lang='lat' dir='ltr'><strong>hanc</strong></span> <span class='ocrx_word' id='word_1_390' title='bbox 859 3676 927 3720; x_wconf 89' lang='lat' dir='ltr'><strong>rem</strong></span> <span class='ocrx_word' id='word_1_391' title='bbox 948 3655 1120 3741; x_wconf 89' lang='lat' dir='ltr'><strong>suscipias,</strong></span> <span class='ocrx_word' id='word_1_392' title='bbox 1143 3677 1245 3721; x_wconf 91' lang='lat' dir='ltr'><strong>meam</strong></span> <span class='ocrx_word' id='word_1_393' title='bbox 1262 3665 1352 3742; x_wconf 90' lang='lat' dir='ltr'><strong>putes</strong></span> <span class='ocrx_word' id='word_1_394' title='bbox 1371 3679 1450 3733; x_wconf 91' lang='lat' dir='ltr'><strong>esse,</strong></span> 
     </span>
     <span class='ocr_line' id='line_1_38' title="bbox 132 3747 1453 3829; baseline 0.001 -12"><span class='ocrx_word' id='word_1_395' title='bbox 132 3757 269 3829; x_wconf 91' lang='lat' dir='ltr'><strong>enitare,</strong></span> <span class='ocrx_word' id='word_1_396' title='bbox 292 3753 476 3828; x_wconf 90' lang='lat' dir='ltr'><strong>contendas,</strong></span> <span class='ocrx_word' id='word_1_397' title='bbox 499 3751 635 3822; x_wconf 87' lang='lat' dir='ltr'><strong>efficias,</strong></span> <span class='ocrx_word' id='word_1_398' title='bbox 665 3759 699 3815; x_wconf 92' lang='lat' dir='ltr'><strong>ut</strong></span> <span class='ocrx_word' id='word_1_399' title='bbox 720 3770 789 3815; x_wconf 90' lang='lat' dir='ltr'><strong>mea</strong></span> <span class='ocrx_word' id='word_1_400' title='bbox 810 3747 1100 3824; x_wconf 89' lang='lat' dir='ltr'><strong>commendatione,</strong></span> <span class='ocrx_word' id='word_1_401' title='bbox 1123 3758 1178 3815; x_wconf 94' lang='lat' dir='ltr'><strong>tuo</strong></span> <span class='ocrx_word' id='word_1_402' title='bbox 1200 3750 1319 3826; x_wconf 90' lang='lat' dir='ltr'><strong>studio,</strong></span> <span class='ocrx_word' id='word_1_403' title='bbox 1342 3756 1453 3819; x_wconf 87' lang='lat' dir='ltr'><strong>Caesa-</strong></span> 
     </span>
     <span class='ocr_line' id='line_1_39' title="bbox 132 3841 1452 3933; baseline 0.002 -23"><span class='ocrx_word' id='word_1_404' title='bbox 132 3844 174 3911; x_wconf 93' lang='lat' dir='ltr'><strong>ris</strong></span> <span class='ocrx_word' id='word_1_405' title='bbox 195 3844 348 3912; x_wconf 84' lang='lat' dir='ltr'><strong>beneficio</strong></span> <span class='ocrx_word' id='word_1_406' title='bbox 371 3846 573 3911; x_wconf 90' lang='lat' dir='ltr'><strong>hereditatem</strong></span> <span class='ocrx_word' id='word_1_407' title='bbox 590 3843 761 3931; x_wconf 92' lang='lat' dir='ltr'><strong>propinqui</strong></span> <span class='ocrx_word' id='word_1_408' title='bbox 778 3842 828 3907; x_wconf 88' lang='lat' dir='ltr'><strong>sui</strong></span> <span class='ocrx_word' id='word_1_409' title='bbox 849 3846 882 3908; x_wconf 89' lang='lat' dir='ltr'><strong>C.</strong></span> <span class='ocrx_word' id='word_1_410' title='bbox 904 3842 1013 3929; x_wconf 88' lang='lat' dir='ltr'><strong>Capito</strong></span> <span class='ocrx_word' id='word_1_411' title='bbox 1034 3841 1182 3908; x_wconf 89' lang='lat' dir='ltr'><strong>obtineat.</strong></span> <span class='ocrx_word' id='word_1_412' title='bbox 1227 3845 1347 3919; x_wconf 89' lang='lat' dir='ltr'><strong>Omnia,</strong></span> <span class='ocrx_word' id='word_1_413' title='bbox 1370 3867 1452 3933; x_wconf 88' lang='lat' dir='ltr'><strong>quae</strong></span> 
     </span>
     <span class='ocr_line' id='line_1_40' title="bbox 132 3935 1450 4026; baseline 0 -22"><span class='ocrx_word' id='word_1_414' title='bbox 132 3945 218 4026; x_wconf 90' lang='lat' dir='ltr'><strong>potui</strong></span> <span class='ocrx_word' id='word_1_415' title='bbox 240 3940 273 4005; x_wconf 91' lang='lat' dir='ltr'><strong>in</strong></span> <span class='ocrx_word' id='word_1_416' title='bbox 295 3941 352 4006; x_wconf 90' lang='lat' dir='ltr'><strong>hac</strong></span> <span class='ocrx_word' id='word_1_417' title='bbox 372 3961 493 4005; x_wconf 89' lang='lat' dir='ltr'><strong>summa</strong></span> <span class='ocrx_word' id='word_1_418' title='bbox 516 3950 569 4005; x_wconf 89' lang='lat' dir='ltr'><strong>tua</strong></span> <span class='ocrx_word' id='word_1_419' title='bbox 589 3938 688 4024; x_wconf 89' lang='lat' dir='ltr'><strong>gratia</strong></span> <span class='ocrx_word' id='word_1_420' title='bbox 709 3958 745 4001; x_wconf 91' lang='lat' dir='ltr'><strong>ac</strong></span> <span class='ocrx_word' id='word_1_421' title='bbox 766 3936 904 4023; x_wconf 91' lang='lat' dir='ltr'><strong>potentia</strong></span> <span class='ocrx_word' id='word_1_422' title='bbox 925 3957 944 4001; x_wconf 91' lang='lat' dir='ltr'><strong>a</strong></span> <span class='ocrx_word' id='word_1_423' title='bbox 967 3946 997 4001; x_wconf 92' lang='lat' dir='ltr'><strong>te</strong></span> <span class='ocrx_word' id='word_1_424' title='bbox 1019 3936 1209 4021; x_wconf 87' lang='lat' dir='ltr'><strong>impetrare,</strong></span> <span class='ocrx_word' id='word_1_425' title='bbox 1232 3935 1259 4003; x_wconf 92' lang='lat' dir='ltr'><strong>si</strong></span> <span class='ocrx_word' id='word_1_426' title='bbox 1285 3937 1450 4022; x_wconf 88' lang='lat' dir='ltr'><strong>petissem,</strong></span> 
     </span>
     <span class='ocr_line' id='line_1_41' title="bbox 133 4027 1489 4116; baseline 0 -18"><span class='ocrx_word' id='word_1_427' title='bbox 133 4032 215 4098; x_wconf 89' lang='lat' dir='ltr'><strong>ultro</strong></span> <span class='ocrx_word' id='word_1_428' title='bbox 248 4042 277 4097; x_wconf 92' lang='lat' dir='ltr'><strong>te</strong></span> <span class='ocrx_word' id='word_1_429' title='bbox 304 4033 344 4098; x_wconf 89' lang='lat' dir='ltr'><strong>ad</strong></span> <span class='ocrx_word' id='word_1_430' title='bbox 373 4055 422 4099; x_wconf 92' lang='lat' dir='ltr'><strong>me</strong></span> <span class='ocrx_word' id='word_1_431' title='bbox 452 4034 600 4100; x_wconf 88' lang='lat' dir='ltr'><strong>detulisse</strong></span> <span class='ocrx_word' id='word_1_432' title='bbox 621 4027 754 4116; x_wconf 91' lang='lat' dir='ltr'><strong>putabo,</strong></span> <span class='ocrx_word' id='word_1_433' title='bbox 791 4029 818 4094; x_wconf 86' lang='lat' dir='ltr'><strong>si</strong></span> <span class='ocrx_word' id='word_1_434' title='bbox 844 4028 923 4094; x_wconf 90' lang='lat' dir='ltr'><strong>hanc</strong></span> <span class='ocrx_word' id='word_1_435' title='bbox 949 4050 1017 4094; x_wconf 92' lang='lat' dir='ltr'><strong>rem</strong></span> <span class='ocrx_word' id='word_1_436' title='bbox 1039 4028 1260 4114; x_wconf 88' lang='lat' dir='ltr'><strong>impetravero.</strong></span> <span class='ocrx_word' id='word_1_437' title='bbox 1314 4036 1345 4096; x_wconf 89' lang='grc'><strong>6.</strong></span> <span class='ocrx_word' id='word_1_438' title='bbox 1372 4031 1489 4099; x_wconf 79' lang='lat' dir='ltr'><strong>utute</strong></span> 
     </span>
     <span class='ocr_line' id='line_1_42' title="bbox 131 4122 1449 4213; baseline 0.002 -23"><span class='ocrx_word' id='word_1_439' title='bbox 131 4126 200 4192; x_wconf 85' lang='lat' dir='ltr'><strong>lore</strong></span> <span class='ocrx_word' id='word_1_440' title='bbox 222 4125 278 4192; x_wconf 93' lang='lat' dir='ltr'><strong>tibi</strong></span> <span class='ocrx_word' id='word_1_441' title='bbox 299 4126 479 4192; x_wconf 91' lang='lat' dir='ltr'><strong>adiumento</strong></span> <span class='ocrx_word' id='word_1_442' title='bbox 500 4147 613 4213; x_wconf 88' lang='lat' dir='ltr'><strong>spero,</strong></span> <span class='ocrx_word' id='word_1_443' title='bbox 636 4124 723 4190; x_wconf 92' lang='lat' dir='ltr'><strong>cuius</strong></span> <span class='ocrx_word' id='word_1_444' title='bbox 744 4124 811 4211; x_wconf 88' lang='lat' dir='ltr'><strong>ipse</strong></span> <span class='ocrx_word' id='word_1_445' title='bbox 833 4126 946 4189; x_wconf 89' lang='lat' dir='ltr'><strong>Caesar</strong></span> <span class='ocrx_word' id='word_1_446' title='bbox 967 4122 1102 4209; x_wconf 89' lang='lat' dir='ltr'><strong>optimus</strong></span> <span class='ocrx_word' id='word_1_447' title='bbox 1124 4144 1193 4188; x_wconf 89' lang='lat' dir='ltr'><strong>esse</strong></span> <span class='ocrx_word' id='word_1_448' title='bbox 1215 4124 1313 4191; x_wconf 84' lang='lat' dir='ltr'><strong>iudex</strong></span> <span class='ocrx_word' id='word_1_449' title='bbox 1334 4134 1449 4211; x_wconf 91' lang='lat' dir='ltr'><strong>potest:</strong></span> 
     </span>
     <span class='ocr_line' id='line_1_43' title="bbox 132 4216 1452 4306; baseline 0.001 -22"><span class='ocrx_word' id='word_1_450' title='bbox 132 4240 257 4305; x_wconf 90' lang='lat' dir='ltr'><strong>semper</strong></span> <span class='ocrx_word' id='word_1_451' title='bbox 278 4224 441 4286; x_wconf 88' lang='lat' dir='ltr'><strong>Caesarem</strong></span> <span class='ocrx_word' id='word_1_452' title='bbox 464 4221 572 4306; x_wconf 90' lang='lat' dir='ltr'><strong>Capito</strong></span> <span class='ocrx_word' id='word_1_453' title='bbox 593 4218 690 4284; x_wconf 89' lang='lat' dir='ltr'><strong>coluit</strong></span> <span class='ocrx_word' id='word_1_454' title='bbox 710 4228 742 4283; x_wconf 93' lang='lat' dir='ltr'><strong>et</strong></span> <span class='ocrx_word' id='word_1_455' title='bbox 762 4217 881 4283; x_wconf 85' lang='lat' dir='ltr'><strong>dilexit.</strong></span> <span class='ocrx_word' id='word_1_456' title='bbox 925 4216 986 4282; x_wconf 90' lang='lat' dir='ltr'><strong>Sed</strong></span> <span class='ocrx_word' id='word_1_457' title='bbox 1007 4216 1077 4302; x_wconf 91' lang='lat' dir='ltr'><strong>ipse</strong></span> <span class='ocrx_word' id='word_1_458' title='bbox 1099 4216 1191 4282; x_wconf 88' lang='lat' dir='ltr'><strong>huius</strong></span> <span class='ocrx_word' id='word_1_459' title='bbox 1211 4220 1260 4284; x_wconf 92' lang='lat' dir='ltr'><strong>rei</strong></span> <span class='ocrx_word' id='word_1_460' title='bbox 1282 4221 1368 4285; x_wconf 87' lang='lat' dir='ltr'><strong>testis</strong></span> <span class='ocrx_word' id='word_1_461' title='bbox 1390 4228 1452 4299; x_wconf 87' lang='lat' dir='ltr'><strong>est;</strong></span> 
     </span>
     <span class='ocr_line' id='line_1_44' title="bbox 131 4309 1452 4400; baseline 0.002 -22"><span class='ocrx_word' id='word_1_462' title='bbox 131 4314 206 4379; x_wconf 89' lang='lat' dir='ltr'><strong>novi</strong></span> <span class='ocrx_word' id='word_1_463' title='bbox 228 4313 362 4379; x_wconf 90' lang='lat' dir='ltr'><strong>hominis</strong></span> <span class='ocrx_word' id='word_1_464' title='bbox 383 4315 579 4380; x_wconf 88' lang='lat' dir='ltr'><strong>memoriam.</strong></span> <span class='ocrx_word' id='word_1_465' title='bbox 623 4316 730 4399; x_wconf 88' lang='lat' dir='ltr'><strong>ltaque</strong></span> <span class='ocrx_word' id='word_1_466' title='bbox 753 4311 829 4376; x_wconf 93' lang='lat' dir='ltr'><strong>nibil</strong></span> <span class='ocrx_word' id='word_1_467' title='bbox 852 4321 882 4377; x_wconf 94' lang='lat' dir='ltr'><strong>te</strong></span> <span class='ocrx_word' id='word_1_468' title='bbox 904 4309 1018 4387; x_wconf 88' lang='lat' dir='ltr'><strong>doceo;</strong></span> <span class='ocrx_word' id='word_1_469' title='bbox 1042 4319 1160 4375; x_wconf 86' lang='lat' dir='ltr'><strong>tantum</strong></span> <span class='ocrx_word' id='word_1_470' title='bbox 1182 4310 1241 4376; x_wconf 93' lang='lat' dir='ltr'><strong>tibi</strong></span> <span class='ocrx_word' id='word_1_471' title='bbox 1255 4315 1370 4379; x_wconf 87' lang='lat' dir='ltr'><strong>sumito</strong></span> <span class='ocrx_word' id='word_1_472' title='bbox 1392 4334 1452 4400; x_wconf 93' lang='lat' dir='ltr'><strong>pro</strong></span> 
     </span>
     <span class='ocr_line' id='line_1_45' title="bbox 132 4403 1451 4495; baseline -0.002 -20"><span class='ocrx_word' id='word_1_473' title='bbox 132 4407 281 4495; x_wconf 92' lang='lat' dir='ltr'><strong>Capitone</strong></span> <span class='ocrx_word' id='word_1_474' title='bbox 302 4407 385 4494; x_wconf 90' lang='lat' dir='ltr'><strong>apud</strong></span> <span class='ocrx_word' id='word_1_475' title='bbox 408 4412 588 4482; x_wconf 88' lang='lat' dir='ltr'><strong>Caesarem,</strong></span> <span class='ocrx_word' id='word_1_476' title='bbox 625 4414 774 4493; x_wconf 87' lang='lat' dir='ltr'><strong>quantum</strong></span> <span class='ocrx_word' id='word_1_477' title='bbox 795 4404 897 4490; x_wconf 91' lang='lat' dir='ltr'><strong>ipsum</strong></span> <span class='ocrx_word' id='word_1_478' title='bbox 919 4403 1098 4469; x_wconf 91' lang='lat' dir='ltr'><strong>meminisse</strong></span> <span class='ocrx_word' id='word_1_479' title='bbox 1119 4404 1244 4471; x_wconf 90' lang='lat' dir='ltr'><strong>senties.</strong></span> <span class='ocrx_word' id='word_1_480' title='bbox 1301 4410 1332 4471; x_wconf 83' lang='lat'><strong>7.</strong></span> <span class='ocrx_word' id='word_1_481' title='bbox 1364 4412 1451 4493; x_wconf 84' lang='lat' dir='ltr'><strong>Ego,</strong></span> 
     </span>
    </p>
   </div>
   <div class='ocr_carea' id='block_1_4' title="bbox 131 4575 1454 4924">
    <p class='ocr_par' dir='ltr' id='par_1_4' title="bbox 131 4575 1454 4924">
     <span class='ocr_line' id='line_1_46' title="bbox 200 4575 1453 4644; baseline 0 -14"><span class='ocrx_word' id='word_1_482' title='bbox 200 4580 227 4631; x_wconf 83' lang='lat'><strong>5.</strong></span> <span class='ocrx_word' id='word_1_483' title='bbox 246 4587 302 4630; x_wconf 81' lang='grc' dir='ltr'>ιιιιι</span> <span class='ocrx_word' id='word_1_484' title='bbox 320 4593 433 4630; x_wconf 74' lang='lat' dir='ltr'><strong>meorum</strong></span> <span class='ocrx_word' id='word_1_485' title='bbox 452 4579 490 4630; x_wconf 85' lang='lat' dir='ltr'><strong>bl.</strong></span> <span class='ocrx_word' id='word_1_486' title='bbox 512 4603 543 4615; x_wconf 97' lang='lat'>-</span> <span class='ocrx_word' id='word_1_487' title='bbox 580 4579 623 4631; x_wconf 91' lang='grc'><strong>13.</strong></span> <span class='ocrx_word' id='word_1_488' title='bbox 639 4580 732 4644; x_wconf 73' lang='lat' dir='ltr'><strong>paruit</strong></span> <span class='ocrx_word' id='word_1_489' title='bbox 749 4577 795 4629; x_wconf 79' lang='lat' dir='ltr'><strong>lla</strong></span> <span class='ocrx_word' id='word_1_490' title='bbox 812 4578 902 4641; x_wconf 81' lang='lat' dir='ltr'><strong>potuit</strong></span> <span class='ocrx_word' id='word_1_491' title='bbox 921 4576 951 4626; x_wconf 81' lang='lat' dir='ltr'><strong>ll·</strong></span> <span class='ocrx_word' id='word_1_492' title='bbox 972 4598 1003 4610; x_wconf 95' lang='lat'>-</span> <span class='ocrx_word' id='word_1_493' title='bbox 1041 4575 1084 4627; x_wconf 81' lang='grc'><strong>17.</strong></span> <span class='ocrx_word' id='word_1_494' title='bbox 1103 4575 1149 4640; x_wconf 82' lang='lat' dir='ltr'><strong>od]</strong></span> <span class='ocrx_word' id='word_1_495' title='bbox 1168 4585 1197 4628; x_wconf 88' lang='grc' dir='ltr'><strong>ιιι</strong></span> <span class='ocrx_word' id='word_1_496' title='bbox 1210 4578 1247 4630; x_wconf 86' lang='lat' dir='ltr'><strong>bl.</strong></span> <span class='ocrx_word' id='word_1_497' title='bbox 1263 4605 1294 4615; x_wconf 91' lang='lat'><em>-</em></span> <span class='ocrx_word' id='word_1_498' title='bbox 1332 4578 1376 4629; x_wconf 85' lang='grc'><strong>18.</strong></span> <span class='ocrx_word' id='word_1_499' title='bbox 1395 4592 1453 4630; x_wconf 76' lang='lat' dir='ltr'><strong>oum</strong></span> 
     </span>
     <span class='ocr_line' id='line_1_47' title="bbox 132 4643 1450 4713; baseline -0.001 -13"><span class='ocrx_word' id='word_1_500' title='bbox 132 4663 188 4700; x_wconf 89' lang='lat' dir='ltr'><strong>orn.</strong></span> <span class='ocrx_word' id='word_1_501' title='bbox 207 4649 244 4701; x_wconf 80' lang='lat' dir='ltr'><strong>bl.</strong></span> <span class='ocrx_word' id='word_1_502' title='bbox 265 4674 296 4686; x_wconf 96' lang='lat'>-</span> <span class='ocrx_word' id='word_1_503' title='bbox 331 4648 375 4699; x_wconf 83' lang='lat' dir='ltr'><strong>at.</strong></span> <span class='ocrx_word' id='word_1_504' title='bbox 394 4646 441 4712; x_wconf 83' lang='lat' dir='ltr'><strong>on]</strong></span> <span class='ocrx_word' id='word_1_505' title='bbox 460 4654 508 4700; x_wconf 80' lang='lat' dir='ltr'><strong>aot</strong></span> <span class='ocrx_word' id='word_1_506' title='bbox 526 4650 558 4701; x_wconf 83' lang='lat' dir='ltr'><strong>N.</strong></span> <span class='ocrx_word' id='word_1_507' title='bbox 578 4648 633 4701; x_wconf 82' lang='lat' dir='ltr'><strong>Clr.</strong></span> <span class='ocrx_word' id='word_1_508' title='bbox 654 4648 733 4699; x_wconf 78' lang='lat' dir='ltr'><strong>fland</strong></span> <span class='ocrx_word' id='word_1_509' title='bbox 752 4648 831 4698; x_wconf 81' lang='lat' dir='ltr'><strong>Tura.</strong></span> <span class='ocrx_word' id='word_1_510' title='bbox 853 4646 874 4696; x_wconf 89' lang='lat' dir='ltr'><strong>l.</strong></span> <span class='ocrx_word' id='word_1_511' title='bbox 895 4659 921 4708; x_wconf 89' lang='lat' dir='ltr'><strong>p.</strong></span> <span class='ocrx_word' id='word_1_512' title='bbox 941 4643 1003 4695; x_wconf 87' lang='grc'><strong>360.</strong></span> <span class='ocrx_word' id='word_1_513' title='bbox 1022 4670 1057 4680; x_wconf 93' lang='grc'>-</span> <span class='ocrx_word' id='word_1_514' title='bbox 1089 4646 1124 4696; x_wconf 72' lang='lat'><strong>22</strong></span> <span class='ocrx_word' id='word_1_515' title='bbox 1142 4652 1169 4696; x_wconf 91' lang='lat' dir='ltr'><strong>et</strong></span> <span class='ocrx_word' id='word_1_516' title='bbox 1186 4649 1230 4698; x_wconf 71' lang='lat'><strong>25.</strong></span> <span class='ocrx_word' id='word_1_517' title='bbox 1249 4650 1347 4713; x_wconf 74' lang='lat' dir='ltr'><strong>postris</strong></span> <span class='ocrx_word' id='word_1_518' title='bbox 1365 4648 1402 4699; x_wconf 83' lang='lat' dir='ltr'><strong>bl.</strong></span> <span class='ocrx_word' id='word_1_519' title='bbox 1418 4674 1450 4682; x_wconf 90' lang='lat'>-</span> 
     </span>
     <span class='ocr_line' id='line_1_48' title="bbox 131 4715 1454 4771; baseline -0.001 -1"><span class='ocrx_word' id='word_1_520' title='bbox 131 4721 175 4770; x_wconf 76' lang='lat'><strong>26.</strong></span> <span class='ocrx_word' id='word_1_521' title='bbox 195 4733 221 4770; x_wconf 87' lang='grc' dir='ltr'><strong>ιι</strong></span> <span class='ocrx_word' id='word_1_522' title='bbox 238 4721 275 4770; x_wconf 84' lang='lat' dir='ltr'><strong>od</strong></span> <span class='ocrx_word' id='word_1_523' title='bbox 291 4721 418 4770; x_wconf 71' lang='lat' dir='ltr'><strong>bominem</strong></span> <span class='ocrx_word' id='word_1_524' title='bbox 435 4734 461 4769; x_wconf 85' lang='grc' dir='ltr'><strong>ιι</strong></span> <span class='ocrx_word' id='word_1_525' title='bbox 478 4722 649 4771; x_wconf 67' lang='lat' dir='ltr'><strong>mortem</strong></span> <span class='ocrx_word' id='word_1_526' title='bbox 664 4719 700 4770; x_wconf 83' lang='lat' dir='ltr'><strong>u.</strong></span> <span class='ocrx_word' id='word_1_527' title='bbox 720 4719 792 4768; x_wconf 78' lang='lat' dir='ltr'><strong>Fert.</strong></span> <span class='ocrx_word' id='word_1_528' title='bbox 806 4718 873 4767; x_wconf 73' lang='lat' dir='ltr'><strong>bona</strong></span> <span class='ocrx_word' id='word_1_529' title='bbox 885 4715 935 4766; x_wconf 73' lang='lat' dir='ltr'><strong>otti</strong></span> <span class='ocrx_word' id='word_1_530' title='bbox 947 4729 1001 4765; x_wconf 86' lang='grc' dir='ltr'>ιιιι.</span> <span class='ocrx_word' id='word_1_531' title='bbox 1021 4715 1073 4766; x_wconf 84' lang='lat' dir='ltr'><strong>Oa.</strong></span> <span class='ocrx_word' id='word_1_532' title='bbox 1089 4741 1119 4753; x_wconf 93' lang='lat'>-</span> <span class='ocrx_word' id='word_1_533' title='bbox 1139 4716 1183 4767; x_wconf 85' lang='grc'><strong>36.</strong></span> <span class='ocrx_word' id='word_1_534' title='bbox 1202 4719 1303 4768; x_wconf 76' lang='lat' dir='ltr'><strong>nullom</strong></span> <span class='ocrx_word' id='word_1_535' title='bbox 1315 4719 1361 4769; x_wconf 80' lang='lat' dir='ltr'><strong>bl:</strong></span> <span class='ocrx_word' id='word_1_536' title='bbox 1380 4718 1454 4768; x_wconf 80' lang='lat' dir='ltr'><strong>nullo</strong></span> 
     </span>
     <span class='ocr_line' id='line_1_49' title="bbox 133 4785 1454 4854; baseline 0.001 -15"><span class='ocrx_word' id='word_1_537' title='bbox 133 4790 171 4848; x_wconf 76' lang='lat' dir='ltr'><strong>li,</strong></span> <span class='ocrx_word' id='word_1_538' title='bbox 190 4804 244 4839; x_wconf 86' lang='lat' dir='ltr'><strong>non</strong></span> <span class='ocrx_word' id='word_1_539' title='bbox 260 4792 300 4850; x_wconf 89' lang='lat' dir='ltr'><strong>(ut</strong></span> <span class='ocrx_word' id='word_1_540' title='bbox 318 4790 376 4840; x_wconf 85' lang='lat' dir='ltr'><strong>Lib.</strong></span> <span class='ocrx_word' id='word_1_541' title='bbox 396 4790 455 4839; x_wconf 83' lang='lat' dir='ltr'><strong>Xll.</strong></span> <span class='ocrx_word' id='word_1_542' title='bbox 477 4805 520 4853; x_wconf 88' lang='lat' dir='ltr'><strong>ep.</strong></span> <span class='ocrx_word' id='word_1_543' title='bbox 539 4791 583 4840; x_wconf 77' lang='lat' dir='ltr'><strong>at.</strong></span> <span class='ocrx_word' id='word_1_544' title='bbox 602 4787 632 4853; x_wconf 68' lang='grc'><strong>6.</strong></span> <span class='ocrx_word' id='word_1_545' title='bbox 652 4786 691 4854; x_wconf 92' lang='grc'><strong>3.)</strong></span> <span class='ocrx_word' id='word_1_546' title='bbox 716 4788 873 4838; x_wconf 84' lang='lat' dir='ltr'><strong>Lambinus.</strong></span> <span class='ocrx_word' id='word_1_547' title='bbox 897 4808 927 4823; x_wconf 91' lang='lat'><strong>-·</strong></span> <span class='ocrx_word' id='word_1_548' title='bbox 964 4785 1008 4838; x_wconf 83' lang='grc'><strong>33.</strong></span> <span class='ocrx_word' id='word_1_549' title='bbox 1025 4788 1166 4849; x_wconf 78' lang='lat' dir='ltr'><strong>potuissem</strong></span> <span class='ocrx_word' id='word_1_550' title='bbox 1185 4787 1222 4839; x_wconf 86' lang='lat' dir='ltr'><strong>bl.</strong></span> <span class='ocrx_word' id='word_1_551' title='bbox 1249 4814 1281 4822; x_wconf 90' lang='lat'>-</span> <span class='ocrx_word' id='word_1_552' title='bbox 1318 4788 1363 4839; x_wconf 80' lang='lat' dir='ltr'><strong>ta.</strong></span> <span class='ocrx_word' id='word_1_553' title='bbox 1384 4791 1454 4852; x_wconf 80' lang='lat' dir='ltr'><strong>optt-</strong></span> 
     </span>
     <span class='ocr_line' id='line_1_50' title="bbox 132 4861 576 4924; baseline 0.002 -14"><span class='ocrx_word' id='word_1_554' title='bbox 132 4873 188 4910; x_wconf 85' lang='grc' dir='ltr'>ιιιιιι</span> <span class='ocrx_word' id='word_1_555' title='bbox 205 4874 256 4911; x_wconf 78' lang='lat' dir='ltr'><strong>esse</strong></span> <span class='ocrx_word' id='word_1_556' title='bbox 273 4861 318 4912; x_wconf 84' lang='lat' dir='ltr'><strong>ltl:</strong></span> <span class='ocrx_word' id='word_1_557' title='bbox 346 4873 398 4912; x_wconf 84' lang='grc' dir='ltr'>ιιιι</span> <span class='ocrx_word' id='word_1_558' title='bbox 416 4862 528 4924; x_wconf 78' lang='lat' dir='ltr'><strong>optimus</strong></span> <span class='ocrx_word' id='word_1_559' title='bbox 546 4861 576 4911; x_wconf 79' lang='lat' dir='ltr'><strong>u.</strong></span> 
     </span>
    </p>
   </div>
   <div class='ocr_carea' id='block_1_5' title="bbox 0 0 1632 5400">
    <p class='ocr_par' dir='ltr' id='par_1_5' title="bbox 0 0 1632 5400">
     <span class='ocr_line' id='line_1_51' title="bbox 0 0 1632 5400; baseline 0 0"><span class='ocrx_word' id='word_1_560' title='bbox 0 0 1632 5400; x_wconf 95' lang='lat' dir='ltr'><strong> </strong></span> 
     </span>
    </p>
   </div>
  </div>
 </body>
</html>
