<?xml version="1.0" encoding="UTF-8"?>
<!DOCTYPE html PUBLIC "-//W3C//DTD XHTML 1.0 Transitional//EN"
    "http://www.w3.org/TR/xhtml1/DTD/xhtml1-transitional.dtd">
<html xmlns="http://www.w3.org/1999/xhtml" xml:lang="en" lang="en">
 <head>
  <title>
</title>
<meta http-equiv="Content-Type" content="text/html;charset=utf-8" />
  <meta name='ocr-system' content='tesseract 3.04.00' />
  <meta name='ocr-capabilities' content='ocr_page ocr_carea ocr_par ocr_line ocrx_word'/>
</head>
<body>
  <div class='ocr_page' id='page_1' title='image "./operaquaesupers06halmgoog_0030.png"; bbox 0 0 3256 5400; ppageno 0'>
   <div class='ocr_carea' id='block_1_1' title="bbox 153 232 239 288">
    <p class='ocr_par' dir='ltr' id='par_1_1' title="bbox 153 232 239 288">
     <span class='ocr_line' id='line_1_1' title="bbox 153 232 239 288; baseline 0 -2"><span class='ocrx_word' id='word_1_1' title='bbox 153 232 239 288; x_wconf 63' lang='lat' dir='ltr'>mv</span> 
     </span>
    </p>
   </div>
   <div class='ocr_carea' id='block_1_2' title="bbox 153 375 1486 575">
    <p class='ocr_par' dir='ltr' id='par_1_2' title="bbox 153 375 1486 575">
     <span class='ocr_line' id='line_1_2' title="bbox 154 375 1486 474; baseline -0.001 -24"><span class='ocrx_word' id='word_1_2' title='bbox 154 379 264 452; x_wconf 78' lang='grc'><strong>5116</strong></span> <span class='ocrx_word' id='word_1_3' title='bbox 286 375 440 472; x_wconf 89' lang='lat' dir='ltr'>quoque]</span> <span class='ocrx_word' id='word_1_4' title='bbox 462 399 592 473; x_wconf 73' lang='lat' dir='ltr'>quoquc</span> <span class='ocrx_word' id='word_1_5' title='bbox 612 398 680 448; x_wconf 89' lang='lat' dir='ltr'>me.</span> <span class='ocrx_word' id='word_1_6' title='bbox 718 379 829 448; x_wconf 83' lang='lat' dir='ltr'><strong>Recte</strong></span> <span class='ocrx_word' id='word_1_7' title='bbox 849 376 882 445; x_wconf 85' lang='grc'>11.</span> <span class='ocrx_word' id='word_1_8' title='bbox 895 379 918 446; x_wconf 92' lang='grc'>1.</span> <span class='ocrx_word' id='word_1_9' title='bbox 937 378 1011 447; x_wconf 87' lang='lat' dir='ltr'>Md.</span> <span class='ocrx_word' id='word_1_10' title='bbox 1024 379 1088 448; x_wconf 84' lang='lat' dir='ltr'>Vb.</span> <span class='ocrx_word' id='word_1_11' title='bbox 1109 399 1197 473; x_wconf 74' lang='lat' dir='ltr'>moe</span> <span class='ocrx_word' id='word_1_12' title='bbox 1219 400 1275 449; x_wconf 87' lang='lat' dir='ltr'>me</span> <span class='ocrx_word' id='word_1_13' title='bbox 1300 385 1332 448; x_wconf 80' lang='lat' dir='ltr'>ir</span> <span class='ocrx_word' id='word_1_14' title='bbox 1355 401 1486 474; x_wconf 80' lang='lat' dir='ltr'>quoque</span> 
     </span>
     <span class='ocr_line' id='line_1_3' title="bbox 153 483 1484 575; baseline -0.001 -20"><span class='ocrx_word' id='word_1_15' title='bbox 153 489 320 555; x_wconf 73' lang='lat' dir='ltr'><strong><em>audiente</em></strong></span> <span class='ocrx_word' id='word_1_16' title='bbox 350 488 506 572; x_wconf 79' lang='lat' dir='ltr'>dicebat3</span> <span class='ocrx_word' id='word_1_17' title='bbox 542 488 577 552; x_wconf 88' lang='lat' dir='ltr'>in</span> <span class='ocrx_word' id='word_1_18' title='bbox 604 483 669 552; x_wconf 89' lang='lat' dir='ltr'>hoc</span> <span class='ocrx_word' id='word_1_19' title='bbox 697 485 840 570; x_wconf 91' lang='lat' dir='ltr'>imperiti</span> <span class='ocrx_word' id='word_1_20' title='bbox 867 502 941 551; x_wconf 90' lang='lat' dir='ltr'>cum</span> <span class='ocrx_word' id='word_1_21' title='bbox 974 484 1170 575; x_wconf 77' lang='lat' dir='ltr'>haererent,</span> <span class='ocrx_word' id='word_1_22' title='bbox 1203 488 1484 571; x_wconf 87' lang='lat' dir='ltr'>transposuerunt</span> 
     </span>
    </p>
   </div>
   <div class='ocr_carea' id='block_1_3' title="bbox 73 588 1564 4829">
    <p class='ocr_par' dir='ltr' id='par_1_3' title="bbox 73 588 1486 3173">
     <span class='ocr_line' id='line_1_4' title="bbox 152 588 1485 678; baseline -0.001 -19"><span class='ocrx_word' id='word_1_23' title='bbox 152 592 319 661; x_wconf 84' lang='lat' dir='ltr'>vocabula</span> <span class='ocrx_word' id='word_1_24' title='bbox 341 591 478 678; x_wconf 86' lang='lat' dir='ltr'>partim,</span> <span class='ocrx_word' id='word_1_25' title='bbox 499 592 537 655; x_wconf 93' lang='lat' dir='ltr'>ut</span> <span class='ocrx_word' id='word_1_26' title='bbox 558 588 659 656; x_wconf 86' lang='lat' dir='ltr'>habet</span> <span class='ocrx_word' id='word_1_27' title='bbox 684 588 773 675; x_wconf 73' lang='lat' dir='ltr'>Eri,</span> <span class='ocrx_word' id='word_1_28' title='bbox 807 589 926 673; x_wconf 90' lang='lat' dir='ltr'>partim</span> <span class='ocrx_word' id='word_1_29' title='bbox 948 607 1021 656; x_wconf 92' lang='lat' dir='ltr'>cum</span> <span class='ocrx_word' id='word_1_30' title='bbox 1042 589 1124 657; x_wconf 82' lang='lat' dir='ltr'>Ern.</span> <span class='ocrx_word' id='word_1_31' title='bbox 1145 607 1187 657; x_wconf 90' lang='lat' dir='ltr'>ac</span> <span class='ocrx_word' id='word_1_32' title='bbox 1207 591 1377 677; x_wconf 86' lang='lat' dir='ltr'>plerisque</span> <span class='ocrx_word' id='word_1_33' title='bbox 1398 590 1485 658; x_wconf 80' lang='lat' dir='ltr'>Eldd.</span> 
     </span>
     <span class='ocr_line' id='line_1_5' title="bbox 151 683 1486 784; baseline -0.001 -21"><span class='ocrx_word' id='word_1_34' title='bbox 151 695 217 763; x_wconf 82' lang='lat' dir='ltr'>Est</span> <span class='ocrx_word' id='word_1_35' title='bbox 238 697 342 784; x_wconf 80' lang='lat' dir='ltr'>igitur</span> <span class='ocrx_word' id='word_1_36' title='bbox 361 693 403 762; x_wconf 89' lang='lat' dir='ltr'>N.</span> <span class='ocrx_word' id='word_1_37' title='bbox 422 690 460 760; x_wconf 99' lang='grc'>2.</span> <span class='ocrx_word' id='word_1_38' title='bbox 486 722 529 738; x_wconf 90' lang='grc'>-</span> <span class='ocrx_word' id='word_1_39' title='bbox 563 687 600 759; x_wconf 90' lang='grc'>9.</span> <span class='ocrx_word' id='word_1_40' title='bbox 622 688 683 758; x_wconf 89' lang='lat'>10.</span> <span class='ocrx_word' id='word_1_41' title='bbox 704 683 995 774; x_wconf 85' lang='lat' dir='ltr'>conservandum]</span> <span class='ocrx_word' id='word_1_42' title='bbox 1025 695 1301 760; x_wconf 74' lang='lat' dir='ltr'>concremandum</span> <span class='ocrx_word' id='word_1_43' title='bbox 1321 692 1362 761; x_wconf 93' lang='grc' dir='ltr'>Ν.</span> <span class='ocrx_word' id='word_1_44' title='bbox 1384 693 1419 760; x_wconf 91' lang='grc'>1.</span> <span class='ocrx_word' id='word_1_45' title='bbox 1441 726 1486 743; x_wconf 92' lang='lat'>-</span> 
     </span>
     <span class='ocr_line' id='line_1_6' title="bbox 153 788 1484 886; baseline -0.002 -17"><span class='ocrx_word' id='word_1_46' title='bbox 153 799 216 869; x_wconf 89' lang='lat'>10.</span> <span class='ocrx_word' id='word_1_47' title='bbox 237 788 366 884; x_wconf 86' lang='lat' dir='ltr'>patris]</span> <span class='ocrx_word' id='word_1_48' title='bbox 388 802 427 864; x_wconf 83' lang='lat' dir='ltr'>iu</span> <span class='ocrx_word' id='word_1_49' title='bbox 448 801 565 883; x_wconf 74' lang='lat' dir='ltr'>putria</span> <span class='ocrx_word' id='word_1_50' title='bbox 586 797 753 881; x_wconf 89' lang='lat' dir='ltr'>scriptura</span> <span class='ocrx_word' id='word_1_51' title='bbox 774 793 848 863; x_wconf 93' lang='lat' dir='ltr'>Md.</span> <span class='ocrx_word' id='word_1_52' title='bbox 864 795 960 862; x_wconf 82' lang='lat' dir='ltr'>falsa.</span> <span class='ocrx_word' id='word_1_53' title='bbox 984 826 1026 839; x_wconf 88' lang='lat'><em>-</em></span> <span class='ocrx_word' id='word_1_54' title='bbox 1055 800 1157 883; x_wconf 87' lang='lat' dir='ltr'>utque</span> <span class='ocrx_word' id='word_1_55' title='bbox 1178 798 1234 864; x_wconf 87' lang='lat' dir='ltr'>avi</span> <span class='ocrx_word' id='word_1_56' title='bbox 1255 797 1377 866; x_wconf 90' lang='lat' dir='ltr'>iudicio</span> <span class='ocrx_word' id='word_1_57' title='bbox 1399 818 1484 886; x_wconf 88' lang='lat' dir='ltr'>pro-</span> 
     </span>
     <span class='ocr_line' id='line_1_7' title="bbox 150 893 1484 992; baseline -0.002 -19"><span class='ocrx_word' id='word_1_58' title='bbox 150 893 272 985; x_wconf 86' lang='lat' dir='ltr'>batos]</span> <span class='ocrx_word' id='word_1_59' title='bbox 294 896 355 969; x_wconf 88' lang='lat' dir='ltr'>Sic</span> <span class='ocrx_word' id='word_1_60' title='bbox 376 918 459 966; x_wconf 87' lang='lat' dir='ltr'>sane</span> <span class='ocrx_word' id='word_1_61' title='bbox 481 900 554 965; x_wconf 80' lang='lat' dir='ltr'>Eri.</span> <span class='ocrx_word' id='word_1_62' title='bbox 576 918 637 986; x_wconf 93' lang='lat' dir='ltr'>pro</span> <span class='ocrx_word' id='word_1_63' title='bbox 652 917 770 966; x_wconf 88' lang='lat' dir='ltr'>manco</span> <span class='ocrx_word' id='word_1_64' title='bbox 784 899 858 967; x_wconf 88' lang='lat' dir='ltr'>Md.</span> <span class='ocrx_word' id='word_1_65' title='bbox 872 902 1039 986; x_wconf 88' lang='lat' dir='ltr'>scriptura</span> <span class='ocrx_word' id='word_1_66' title='bbox 1054 905 1158 991; x_wconf 84' lang='lat' dir='ltr'>utque</span> <span class='ocrx_word' id='word_1_67' title='bbox 1171 902 1299 969; x_wconf 80' lang='grc'><strong>16111611</strong></span> <span class='ocrx_word' id='word_1_68' title='bbox 1313 903 1460 991; x_wconf 82' lang='lat' dir='ltr'>probato</span> <span class='ocrx_word' id='word_1_69' title='bbox 1469 926 1484 992; x_wconf 82' lang='lat'>‚-</span> 
     </span>
     <span class='ocr_line' id='line_1_8' title="bbox 149 1003 1482 1093; baseline 0.003 -21"><span class='ocrx_word' id='word_1_70' title='bbox 149 1009 186 1074; x_wconf 89' lang='lat' dir='ltr'>in</span> <span class='ocrx_word' id='word_1_71' title='bbox 208 1024 273 1092; x_wconf 92' lang='lat' dir='ltr'>qua</span> <span class='ocrx_word' id='word_1_72' title='bbox 295 1009 354 1071; x_wconf 88' lang='lat' dir='ltr'>aci</span> <span class='ocrx_word' id='word_1_73' title='bbox 375 1007 516 1091; x_wconf 91' lang='lat' dir='ltr'>propter</span> <span class='ocrx_word' id='word_1_74' title='bbox 537 1004 663 1070; x_wconf 78' lang='lat' dir='ltr'>similes</span> <span class='ocrx_word' id='word_1_75' title='bbox 685 1003 806 1070; x_wconf 87' lang='lat' dir='ltr'>ductus</span> <span class='ocrx_word' id='word_1_76' title='bbox 826 1004 889 1070; x_wconf 89' lang='lat' dir='ltr'>litt.</span> <span class='ocrx_word' id='word_1_77' title='bbox 908 1023 952 1070; x_wconf 90' lang='lat' dir='ltr'>ue</span> <span class='ocrx_word' id='word_1_78' title='bbox 968 1009 1006 1070; x_wconf 88' lang='lat' dir='ltr'>iu</span> <span class='ocrx_word' id='word_1_79' title='bbox 1028 1005 1144 1090; x_wconf 87' lang='lat' dir='ltr'>periit:</span> <span class='ocrx_word' id='word_1_80' title='bbox 1165 1004 1226 1071; x_wconf 88' lang='lat' dir='ltr'>aed</span> <span class='ocrx_word' id='word_1_81' title='bbox 1248 1006 1364 1093; x_wconf 82' lang='lat' dir='ltr'>facile,</span> <span class='ocrx_word' id='word_1_82' title='bbox 1386 1009 1482 1075; x_wconf 90' lang='lat' dir='ltr'>immo</span> 
     </span>
     <span class='ocr_line' id='line_1_9' title="bbox 149 1100 1483 1194; baseline 0.001 -16"><span class='ocrx_word' id='word_1_83' title='bbox 149 1111 377 1178; x_wconf 76' lang='lat' dir='ltr'>necessarlum</span> <span class='ocrx_word' id='word_1_84' title='bbox 400 1111 474 1175; x_wconf 89' lang='lat' dir='ltr'>erat</span> <span class='ocrx_word' id='word_1_85' title='bbox 495 1109 777 1194; x_wconf 86' lang='lat' dir='ltr'>supplementum:</span> <span class='ocrx_word' id='word_1_86' title='bbox 799 1108 840 1174; x_wconf 91' lang='lat' dir='ltr'>N.</span> <span class='ocrx_word' id='word_1_87' title='bbox 854 1106 890 1175; x_wconf 83' lang='lat'>4.</span> <span class='ocrx_word' id='word_1_88' title='bbox 903 1138 945 1153; x_wconf 88' lang='lat'><em>-</em></span> <span class='ocrx_word' id='word_1_89' title='bbox 970 1104 1033 1175; x_wconf 87' lang='grc'>12.</span> <span class='ocrx_word' id='word_1_90' title='bbox 1057 1109 1164 1193; x_wconf 87' lang='lat' dir='ltr'>patria</span> <span class='ocrx_word' id='word_1_91' title='bbox 1184 1100 1279 1192; x_wconf 90' lang='lat' dir='ltr'>eius]</span> <span class='ocrx_word' id='word_1_92' title='bbox 1301 1105 1361 1179; x_wconf 88' lang='lat' dir='ltr'>Sic</span> <span class='ocrx_word' id='word_1_93' title='bbox 1383 1114 1483 1179; x_wconf 88' lang='lat' dir='ltr'>etiam</span> 
     </span>
     <span class='ocr_line' id='line_1_10' title="bbox 149 1209 1483 1299; baseline 0.003 -18"><span class='ocrx_word' id='word_1_94' title='bbox 149 1213 223 1281; x_wconf 83' lang='lat' dir='ltr'>Eri.</span> <span class='ocrx_word' id='word_1_95' title='bbox 252 1232 315 1299; x_wconf 95' lang='lat' dir='ltr'>pro</span> <span class='ocrx_word' id='word_1_96' title='bbox 348 1211 437 1278; x_wconf 84' lang='lat' dir='ltr'>falsa</span> <span class='ocrx_word' id='word_1_97' title='bbox 469 1212 637 1295; x_wconf 90' lang='lat' dir='ltr'>scriptura</span> <span class='ocrx_word' id='word_1_98' title='bbox 668 1209 742 1278; x_wconf 88' lang='lat' dir='ltr'>Md.</span> <span class='ocrx_word' id='word_1_99' title='bbox 765 1216 864 1298; x_wconf 85' lang='lat' dir='ltr'>putri</span> <span class='ocrx_word' id='word_1_100' title='bbox 894 1218 979 1279; x_wconf 83' lang='lat' dir='ltr'>eius.</span> <span class='ocrx_word' id='word_1_101' title='bbox 1028 1211 1230 1279; x_wconf 85' lang='lat' dir='ltr'>Necessaria</span> <span class='ocrx_word' id='word_1_102' title='bbox 1262 1216 1297 1279; x_wconf 89' lang='lat' dir='ltr'>ct</span> <span class='ocrx_word' id='word_1_103' title='bbox 1326 1215 1483 1285; x_wconf 82' lang='lat' dir='ltr'>facillima</span> 
     </span>
     <span class='ocr_line' id='line_1_11' title="bbox 151 1307 1483 1404; baseline 0.003 -19"><span class='ocrx_word' id='word_1_104' title='bbox 151 1315 356 1386; x_wconf 77' lang='lat' dir='ltr'>emendatio:</span> <span class='ocrx_word' id='word_1_105' title='bbox 378 1315 419 1383; x_wconf 91' lang='grc' dir='ltr'>Ν.</span> <span class='ocrx_word' id='word_1_106' title='bbox 435 1311 469 1379; x_wconf 94' lang='grc'>5.</span> <span class='ocrx_word' id='word_1_107' title='bbox 483 1343 526 1360; x_wconf 91' lang='lat'><em>-</em></span> <span class='ocrx_word' id='word_1_108' title='bbox 548 1313 610 1380; x_wconf 88' lang='lat'>14.</span> <span class='ocrx_word' id='word_1_109' title='bbox 632 1317 772 1381; x_wconf 87' lang='lat' dir='ltr'>senatus</span> <span class='ocrx_word' id='word_1_110' title='bbox 786 1307 964 1398; x_wconf 85' lang='lat' dir='ltr'>consulto]</span> <span class='ocrx_word' id='word_1_111' title='bbox 979 1320 1124 1383; x_wconf 80' lang='grc'><strong>16661111</strong></span> <span class='ocrx_word' id='word_1_112' title='bbox 1139 1316 1300 1404; x_wconf 63' lang='grc'><strong>66611116,</strong></span> <span class='ocrx_word' id='word_1_113' title='bbox 1321 1319 1397 1403; x_wconf 88' lang='lat' dir='ltr'>ipsa</span> <span class='ocrx_word' id='word_1_114' title='bbox 1410 1320 1483 1388; x_wconf 89' lang='lat' dir='ltr'>Md</span> 
     </span>
     <span class='ocr_line' id='line_1_12' title="bbox 149 1417 1482 1507; baseline 0.002 -17"><span class='ocrx_word' id='word_1_115' title='bbox 149 1422 331 1490; x_wconf 87' lang='lat' dir='ltr'>falsissima</span> <span class='ocrx_word' id='word_1_116' title='bbox 360 1420 543 1504; x_wconf 85' lang='lat' dir='ltr'>scripturo:</span> <span class='ocrx_word' id='word_1_117' title='bbox 580 1417 765 1484; x_wconf 87' lang='lat' dir='ltr'>huiusmodi</span> <span class='ocrx_word' id='word_1_118' title='bbox 792 1422 904 1485; x_wconf 83' lang='lat' dir='ltr'>eutem</span> <span class='ocrx_word' id='word_1_119' title='bbox 933 1439 1082 1506; x_wconf 80' lang='lat' dir='ltr'>errores,</span> <span class='ocrx_word' id='word_1_120' title='bbox 1116 1421 1171 1506; x_wconf 92' lang='lat' dir='ltr'>qui</span> <span class='ocrx_word' id='word_1_121' title='bbox 1200 1421 1235 1484; x_wconf 94' lang='lat' dir='ltr'>in</span> <span class='ocrx_word' id='word_1_122' title='bbox 1266 1441 1304 1488; x_wconf 88' lang='lat' dir='ltr'>se</span> <span class='ocrx_word' id='word_1_123' title='bbox 1336 1428 1482 1507; x_wconf 70' lang='lat' dir='ltr'>spectati</span> 
     </span>
     <span class='ocr_line' id='line_1_13' title="bbox 149 1519 1480 1613; baseline 0.003 -20"><span class='ocrx_word' id='word_1_124' title='bbox 149 1525 310 1593; x_wconf 86' lang='lat' dir='ltr'>levissimi</span> <span class='ocrx_word' id='word_1_125' title='bbox 324 1524 439 1609; x_wconf 86' lang='lat' dir='ltr'>utiquc</span> <span class='ocrx_word' id='word_1_126' title='bbox 456 1519 632 1608; x_wconf 86' lang='lat' dir='ltr'>videntur,</span> <span class='ocrx_word' id='word_1_127' title='bbox 654 1539 808 1613; x_wconf 82' lang='lat' dir='ltr'>magnum</span> <span class='ocrx_word' id='word_1_128' title='bbox 830 1522 874 1589; x_wconf 87' lang='lat' dir='ltr'>ud</span> <span class='ocrx_word' id='word_1_129' title='bbox 895 1528 1044 1590; x_wconf 88' lang='lat' dir='ltr'>nostram</span> <span class='ocrx_word' id='word_1_130' title='bbox 1066 1526 1267 1590; x_wconf 85' lang='lat' dir='ltr'>sententiam</span> <span class='ocrx_word' id='word_1_131' title='bbox 1289 1525 1480 1597; x_wconf 81' lang='lat' dir='ltr'>firmandam</span> 
     </span>
     <span class='ocr_line' id='line_1_14' title="bbox 149 1615 1481 1717; baseline 0.003 -23"><span class='ocrx_word' id='word_1_132' title='bbox 149 1627 283 1717; x_wconf 91' lang='lat' dir='ltr'>pondus</span> <span class='ocrx_word' id='word_1_133' title='bbox 304 1626 440 1693; x_wconf 89' lang='lat' dir='ltr'>habent.</span> <span class='ocrx_word' id='word_1_134' title='bbox 463 1652 503 1670; x_wconf 92' lang='lat'>-·</span> <span class='ocrx_word' id='word_1_135' title='bbox 536 1623 598 1690; x_wconf 93' lang='grc'>18.</span> <span class='ocrx_word' id='word_1_136' title='bbox 621 1625 699 1691; x_wconf 89' lang='lat' dir='ltr'>mihi</span> <span class='ocrx_word' id='word_1_137' title='bbox 719 1615 804 1708; x_wconf 88' lang='lat' dir='ltr'>rex]</span> <span class='ocrx_word' id='word_1_138' title='bbox 826 1645 893 1692; x_wconf 81' lang='lat' dir='ltr'>ree</span> <span class='ocrx_word' id='word_1_139' title='bbox 913 1626 1001 1694; x_wconf 84' lang='lat' dir='ltr'>milri</span> <span class='ocrx_word' id='word_1_140' title='bbox 1021 1628 1063 1694; x_wconf 93' lang='lat' dir='ltr'>N.</span> <span class='ocrx_word' id='word_1_141' title='bbox 1078 1625 1114 1694; x_wconf 81' lang='grc'>2.</span> <span class='ocrx_word' id='word_1_142' title='bbox 1136 1657 1179 1673; x_wconf 93' lang='grc'><strong>-</strong></span> <span class='ocrx_word' id='word_1_143' title='bbox 1213 1622 1276 1694; x_wconf 93' lang='grc'>19.</span> <span class='ocrx_word' id='word_1_144' title='bbox 1297 1649 1399 1713; x_wconf 86' lang='lat' dir='ltr'>posse</span> <span class='ocrx_word' id='word_1_145' title='bbox 1420 1624 1481 1715; x_wconf 89' lang='lat' dir='ltr'>se]</span> 
     </span>
     <span class='ocr_line' id='line_1_15' title="bbox 150 1719 1480 1829; baseline 0.002 -30"><span class='ocrx_word' id='word_1_146' title='bbox 150 1750 251 1821; x_wconf 81' lang='lat' dir='ltr'>porse</span> <span class='ocrx_word' id='word_1_147' title='bbox 272 1729 313 1798; x_wconf 98' lang='grc' dir='ltr'>Ν.</span> <span class='ocrx_word' id='word_1_148' title='bbox 329 1728 365 1795; x_wconf 87' lang='grc'>1.</span> <span class='ocrx_word' id='word_1_149' title='bbox 388 1758 428 1776; x_wconf 89' lang='lat'><em>-</em></span> <span class='ocrx_word' id='word_1_150' title='bbox 461 1723 525 1796; x_wconf 97' lang='grc'>26.</span> <span class='ocrx_word' id='word_1_151' title='bbox 545 1719 642 1810; x_wconf 91' lang='lat' dir='ltr'>cum]</span> <span class='ocrx_word' id='word_1_152' title='bbox 666 1734 735 1820; x_wconf 75' lang='lat' dir='ltr'>qaut.</span> <span class='ocrx_word' id='word_1_153' title='bbox 774 1729 1011 1821; x_wconf 85' lang='grc' dir='ltr'><strong>Η166166116,</strong></span> <span class='ocrx_word' id='word_1_154' title='bbox 1046 1750 1131 1818; x_wconf 88' lang='lat' dir='ltr'>quae</span> <span class='ocrx_word' id='word_1_155' title='bbox 1152 1733 1265 1818; x_wconf 88' lang='lat' dir='ltr'>placet</span> <span class='ocrx_word' id='word_1_156' title='bbox 1286 1733 1480 1829; x_wconf 81' lang='lat' dir='ltr'>Wundero,</span> 
     </span>
     <span class='ocr_line' id='line_1_16' title="bbox 151 1833 1481 1927; baseline 0.002 -24"><span class='ocrx_word' id='word_1_157' title='bbox 151 1839 226 1904; x_wconf 87' lang='lat' dir='ltr'>orto</span> <span class='ocrx_word' id='word_1_158' title='bbox 241 1838 294 1901; x_wconf 91' lang='lat' dir='ltr'>est</span> <span class='ocrx_word' id='word_1_159' title='bbox 305 1853 324 1901; x_wconf 88' lang='lat' dir='ltr'>o</span> <span class='ocrx_word' id='word_1_160' title='bbox 336 1834 422 1901; x_wconf 89' lang='lat' dir='ltr'>male</span> <span class='ocrx_word' id='word_1_161' title='bbox 436 1834 608 1900; x_wconf 88' lang='lat' dir='ltr'>intellecto</span> <span class='ocrx_word' id='word_1_162' title='bbox 626 1833 822 1920; x_wconf 87' lang='lat' dir='ltr'>conpendio</span> <span class='ocrx_word' id='word_1_163' title='bbox 839 1833 914 1901; x_wconf 95' lang='lat' dir='ltr'>Md.</span> <span class='ocrx_word' id='word_1_164' title='bbox 932 1854 996 1925; x_wconf 83' lang='lat' dir='ltr'>quo</span> <span class='ocrx_word' id='word_1_165' title='bbox 1011 1853 1084 1902; x_wconf 90' lang='lat' dir='ltr'>cum</span> <span class='ocrx_word' id='word_1_166' title='bbox 1099 1837 1155 1902; x_wconf 90' lang='lat' dir='ltr'>lin.</span> <span class='ocrx_word' id='word_1_167' title='bbox 1171 1855 1232 1922; x_wconf 94' lang='lat' dir='ltr'>pro</span> <span class='ocrx_word' id='word_1_168' title='bbox 1248 1843 1421 1927; x_wconf 76' lang='lat' dir='ltr'>prroniemu</span> <span class='ocrx_word' id='word_1_169' title='bbox 1439 1880 1481 1892; x_wconf 90' lang='lat'>—</span> 
     </span>
     <span class='ocr_line' id='line_1_17' title="bbox 149 1928 1481 2021; baseline 0.003 -13"><span class='ocrx_word' id='word_1_170' title='bbox 149 1930 314 2021; x_wconf 84' lang='lat' dir='ltr'>nossent]</span> <span class='ocrx_word' id='word_1_171' title='bbox 344 1941 524 2006; x_wconf 71' lang='lat' dir='ltr'>treatment</span> <span class='ocrx_word' id='word_1_172' title='bbox 545 1936 586 2004; x_wconf 92' lang='grc' dir='ltr'>Ν.</span> <span class='ocrx_word' id='word_1_173' title='bbox 604 1935 639 2003; x_wconf 89' lang='grc'>1.</span> <span class='ocrx_word' id='word_1_174' title='bbox 662 1966 705 1982; x_wconf 91' lang='grc'>-</span> <span class='ocrx_word' id='word_1_175' title='bbox 736 1934 800 2004; x_wconf 86' lang='grc'>28.</span> <span class='ocrx_word' id='word_1_176' title='bbox 828 1928 1001 2019; x_wconf 84' lang='lat' dir='ltr'>Ciliciam]</span> <span class='ocrx_word' id='word_1_177' title='bbox 1031 1938 1181 2005; x_wconf 76' lang='lat' dir='ltr'>siciliam</span> <span class='ocrx_word' id='word_1_178' title='bbox 1209 1938 1249 2005; x_wconf 88' lang='lat' dir='ltr'>N.</span> <span class='ocrx_word' id='word_1_179' title='bbox 1272 1940 1305 2007; x_wconf 92' lang='grc'>1.</span> <span class='ocrx_word' id='word_1_180' title='bbox 1337 1971 1380 1987; x_wconf 90' lang='grc'><strong>-</strong></span> <span class='ocrx_word' id='word_1_181' title='bbox 1415 1940 1481 2012; x_wconf 84' lang='grc'>29.</span> 
     </span>
     <span class='ocr_line' id='line_1_18' title="bbox 150 2031 1482 2131; baseline 0.002 -19"><span class='ocrx_word' id='word_1_182' title='bbox 150 2033 389 2131; x_wconf 79' lang='lat' dir='ltr'>Cappadocia]</span> <span class='ocrx_word' id='word_1_183' title='bbox 423 2040 616 2125; x_wconf 80' lang='lat' dir='ltr'>capadocia</span> <span class='ocrx_word' id='word_1_184' title='bbox 647 2039 688 2106; x_wconf 90' lang='lat' dir='ltr'>N.</span> <span class='ocrx_word' id='word_1_185' title='bbox 718 2038 751 2105; x_wconf 91' lang='grc'>1.</span> <span class='ocrx_word' id='word_1_186' title='bbox 780 2031 941 2123; x_wconf 79' lang='lat' dir='ltr'>[Statimz</span> <span class='ocrx_word' id='word_1_187' title='bbox 975 2043 1146 2108; x_wconf 80' lang='lat' dir='ltr'>discerem</span> <span class='ocrx_word' id='word_1_188' title='bbox 1175 2062 1237 2128; x_wconf 87' lang='lat' dir='ltr'>pro</span> <span class='ocrx_word' id='word_1_189' title='bbox 1269 2046 1482 2115; x_wconf 77' lang='lat' dir='ltr'>discederem</span> 
     </span>
     <span class='ocr_line' id='line_1_19' title="bbox 149 2143 1482 2231; baseline 0.001 -14"><span class='ocrx_word' id='word_1_190' title='bbox 149 2144 337 2231; x_wconf 76' lang='lat' dir='ltr'>edilred,</span> <span class='ocrx_word' id='word_1_191' title='bbox 371 2162 485 2209; x_wconf 90' lang='lat' dir='ltr'>errore</span> <span class='ocrx_word' id='word_1_192' title='bbox 507 2145 574 2207; x_wconf 89' lang='lat' dir='ltr'>tam</span> <span class='ocrx_word' id='word_1_193' title='bbox 598 2143 792 2230; x_wconf 85' lang='lat' dir='ltr'>manifesto,</span> <span class='ocrx_word' id='word_1_194' title='bbox 824 2147 862 2209; x_wconf 93' lang='lat' dir='ltr'>ut</span> <span class='ocrx_word' id='word_1_195' title='bbox 884 2146 913 2210; x_wconf 85' lang='lat' dir='ltr'>is</span> <span class='ocrx_word' id='word_1_196' title='bbox 934 2147 968 2210; x_wconf 95' lang='lat' dir='ltr'>in</span> <span class='ocrx_word' id='word_1_197' title='bbox 990 2148 1140 2214; x_wconf 85' lang='lat' dir='ltr'>omnibus</span> <span class='ocrx_word' id='word_1_198' title='bbox 1162 2149 1235 2216; x_wconf 88' lang='lat' dir='ltr'>iere</span> <span class='ocrx_word' id='word_1_199' title='bbox 1261 2149 1343 2217; x_wconf 89' lang='lat' dir='ltr'>cdd.</span> <span class='ocrx_word' id='word_1_200' title='bbox 1365 2169 1482 2218; x_wconf 91' lang='lat' dir='ltr'>emen-</span> 
     </span>
     <span class='ocr_line' id='line_1_20' title="bbox 104 2237 1479 2343; baseline 0.004 -28"><span class='ocrx_word' id='word_1_201' title='bbox 104 2310 107 2315; x_wconf 88' lang='lat'><strong>.</strong></span> <span class='ocrx_word' id='word_1_202' title='bbox 149 2239 520 2330; x_wconf 79' lang='grc' dir='ltr'><strong>116161111Ν.5.)-</strong></span> <span class='ocrx_word' id='word_1_203' title='bbox 557 2243 622 2311; x_wconf 88' lang='grc'><strong>30.</strong></span> <span class='ocrx_word' id='word_1_204' title='bbox 648 2237 780 2332; x_wconf 87' lang='lat' dir='ltr'>paene]</span> <span class='ocrx_word' id='word_1_205' title='bbox 801 2266 916 2334; x_wconf 82' lang='lat' dir='ltr'>poercu</span> <span class='ocrx_word' id='word_1_206' title='bbox 937 2249 978 2315; x_wconf 96' lang='lat' dir='ltr'>N.</span> <span class='ocrx_word' id='word_1_207' title='bbox 997 2248 1031 2315; x_wconf 87' lang='lat'>1.</span> <span class='ocrx_word' id='word_1_208' title='bbox 1057 2289 1097 2301; x_wconf 91' lang='lat'><em>-</em></span> <span class='ocrx_word' id='word_1_209' title='bbox 1133 2271 1166 2338; x_wconf 88' lang='lat' dir='ltr'>p.</span> <span class='ocrx_word' id='word_1_210' title='bbox 1181 2253 1273 2319; x_wconf 87' lang='grc'><strong>455.</strong></span> <span class='ocrx_word' id='word_1_211' title='bbox 1295 2245 1479 2343; x_wconf 86' lang='lat' dir='ltr'>quemque]</span> 
     </span>
     <span class='ocr_line' id='line_1_21' title="bbox 148 2351 1480 2446; baseline 0.003 -25"><span class='ocrx_word' id='word_1_212' title='bbox 148 2374 250 2446; x_wconf 80' lang='lat' dir='ltr'>quem</span> <span class='ocrx_word' id='word_1_213' title='bbox 271 2358 317 2419; x_wconf 89' lang='lat' dir='ltr'>et.</span> <span class='ocrx_word' id='word_1_214' title='bbox 360 2352 434 2418; x_wconf 92' lang='lat' dir='ltr'>Nisi</span> <span class='ocrx_word' id='word_1_215' title='bbox 462 2368 506 2417; x_wconf 88' lang='lat' dir='ltr'>ex</span> <span class='ocrx_word' id='word_1_216' title='bbox 533 2369 623 2416; x_wconf 89' lang='lat' dir='ltr'>mero</span> <span class='ocrx_word' id='word_1_217' title='bbox 652 2354 705 2416; x_wconf 89' lang='lat' dir='ltr'>est</span> <span class='ocrx_word' id='word_1_218' title='bbox 730 2351 887 2422; x_wconf 81' lang='grc'><strong>61511111.</strong></span> <span class='ocrx_word' id='word_1_219' title='bbox 918 2353 1130 2420; x_wconf 82' lang='lat' dir='ltr'>referendum</span> <span class='ocrx_word' id='word_1_220' title='bbox 1154 2358 1217 2422; x_wconf 88' lang='lat' dir='ltr'>erit</span> <span class='ocrx_word' id='word_1_221' title='bbox 1238 2355 1281 2422; x_wconf 92' lang='lat' dir='ltr'>ad</span> <span class='ocrx_word' id='word_1_222' title='bbox 1303 2356 1344 2423; x_wconf 96' lang='lat' dir='ltr'>N.</span> <span class='ocrx_word' id='word_1_223' title='bbox 1359 2358 1411 2442; x_wconf 77' lang='grc'>5.,</span> <span class='ocrx_word' id='word_1_224' title='bbox 1442 2363 1480 2425; x_wconf 89' lang='grc'>61</span> 
     </span>
     <span class='ocr_line' id='line_1_22' title="bbox 148 2450 1480 2542; baseline -0.002 -14"><span class='ocrx_word' id='word_1_225' title='bbox 148 2462 198 2528; x_wconf 83' lang='grc'>116</span> <span class='ocrx_word' id='word_1_226' title='bbox 219 2458 394 2542; x_wconf 86' lang='lat' dir='ltr'>scripserit</span> <span class='ocrx_word' id='word_1_227' title='bbox 415 2455 571 2521; x_wconf 86' lang='lat' dir='ltr'>librarius</span> <span class='ocrx_word' id='word_1_228' title='bbox 589 2457 729 2539; x_wconf 92' lang='lat' dir='ltr'>propter</span> <span class='ocrx_word' id='word_1_229' title='bbox 742 2473 887 2540; x_wconf 88' lang='lat' dir='ltr'>sequens</span> <span class='ocrx_word' id='word_1_230' title='bbox 902 2462 938 2522; x_wconf 90' lang='lat' dir='ltr'>et</span> <span class='ocrx_word' id='word_1_231' title='bbox 952 2462 1059 2525; x_wconf 75' lang='lat' dir='ltr'>cuius.</span> <span class='ocrx_word' id='word_1_232' title='bbox 1082 2487 1123 2499; x_wconf 92' lang='lat'><em>-</em></span> <span class='ocrx_word' id='word_1_233' title='bbox 1146 2456 1181 2523; x_wconf 92' lang='grc'><strong>3.</strong></span> <span class='ocrx_word' id='word_1_234' title='bbox 1203 2450 1375 2541; x_wconf 87' lang='lat' dir='ltr'>liberarit]</span> <span class='ocrx_word' id='word_1_235' title='bbox 1391 2460 1480 2528; x_wconf 88' lang='lat' dir='ltr'>lide-</span> 
     </span>
     <span class='ocr_line' id='line_1_23' title="bbox 148 2553 1480 2652; baseline 0.001 -22"><span class='ocrx_word' id='word_1_236' title='bbox 148 2567 249 2630; x_wconf 87' lang='lat' dir='ltr'>raret</span> <span class='ocrx_word' id='word_1_237' title='bbox 269 2562 437 2647; x_wconf 89' lang='lat' dir='ltr'>scriptura</span> <span class='ocrx_word' id='word_1_238' title='bbox 458 2559 537 2624; x_wconf 90' lang='lat' dir='ltr'>item</span> <span class='ocrx_word' id='word_1_239' title='bbox 557 2557 632 2625; x_wconf 89' lang='lat' dir='ltr'>Md.</span> <span class='ocrx_word' id='word_1_240' title='bbox 647 2588 689 2602; x_wconf 95' lang='lat'>-</span> <span class='ocrx_word' id='word_1_241' title='bbox 711 2556 748 2624; x_wconf 88' lang='grc'>4.</span> <span class='ocrx_word' id='word_1_242' title='bbox 770 2561 888 2644; x_wconf 86' lang='lat' dir='ltr'>putavi</span> <span class='ocrx_word' id='word_1_243' title='bbox 910 2564 948 2626; x_wconf 91' lang='lat' dir='ltr'>ut</span> <span class='ocrx_word' id='word_1_244' title='bbox 969 2553 1227 2652; x_wconf 77' lang='lat' dir='ltr'>intelligeretis]</span> <span class='ocrx_word' id='word_1_245' title='bbox 1242 2562 1273 2629; x_wconf 79' lang='lat' dir='ltr'>lll</span> <span class='ocrx_word' id='word_1_246' title='bbox 1288 2567 1480 2632; x_wconf 83' lang='lat' dir='ltr'>necessaria</span> 
     </span>
     <span class='ocr_line' id='line_1_24' title="bbox 149 2650 1479 2758; baseline 0.001 -23"><span class='ocrx_word' id='word_1_247' title='bbox 149 2670 204 2735; x_wconf 91' lang='lat' dir='ltr'>est</span> <span class='ocrx_word' id='word_1_248' title='bbox 225 2663 457 2733; x_wconf 76' lang='lat' dir='ltr'>emendatione</span> <span class='ocrx_word' id='word_1_249' title='bbox 477 2663 542 2727; x_wconf 89' lang='lat' dir='ltr'>iam</span> <span class='ocrx_word' id='word_1_250' title='bbox 563 2663 598 2727; x_wconf 94' lang='lat' dir='ltr'>in</span> <span class='ocrx_word' id='word_1_251' title='bbox 614 2659 783 2728; x_wconf 82' lang='grc'><strong>11161114.</strong></span> <span class='ocrx_word' id='word_1_252' title='bbox 799 2665 834 2728; x_wconf 89' lang='grc'>61</span> <span class='ocrx_word' id='word_1_253' title='bbox 852 2662 887 2728; x_wconf 76' lang='lat'>5.</span> <span class='ocrx_word' id='word_1_254' title='bbox 930 2650 1133 2732; x_wconf 75' lang='lat' dir='ltr'>EMcdlceo</span> <span class='ocrx_word' id='word_1_255' title='bbox 1146 2666 1271 2735; x_wconf 85' lang='lat' dir='ltr'>excidit</span> <span class='ocrx_word' id='word_1_256' title='bbox 1283 2671 1325 2736; x_wconf 85' lang='lat' dir='ltr'>ut</span> <span class='ocrx_word' id='word_1_257' title='bbox 1339 2671 1479 2758; x_wconf 91' lang='lat' dir='ltr'>propter</span> 
     </span>
     <span class='ocr_line' id='line_1_25' title="bbox 148 2764 1480 2861; baseline 0.001 -22"><span class='ocrx_word' id='word_1_258' title='bbox 148 2773 267 2839; x_wconf 89' lang='lat' dir='ltr'>literas</span> <span class='ocrx_word' id='word_1_259' title='bbox 288 2766 532 2854; x_wconf 79' lang='lat' dir='ltr'>praecedentes</span> <span class='ocrx_word' id='word_1_260' title='bbox 551 2771 599 2833; x_wconf 88' lang='lat' dir='ltr'>ui.</span> <span class='ocrx_word' id='word_1_261' title='bbox 640 2764 733 2833; x_wconf 78' lang='lat' dir='ltr'>Ecce</span> <span class='ocrx_word' id='word_1_262' title='bbox 753 2764 840 2833; x_wconf 89' lang='lat' dir='ltr'>idem</span> <span class='ocrx_word' id='word_1_263' title='bbox 860 2771 903 2834; x_wconf 84' lang='lat' dir='ltr'>ut</span> <span class='ocrx_word' id='word_1_264' title='bbox 922 2768 1020 2835; x_wconf 87' lang='lat' dir='ltr'>ubest</span> <span class='ocrx_word' id='word_1_265' title='bbox 1041 2769 1084 2836; x_wconf 84' lang='lat' dir='ltr'>ab</span> <span class='ocrx_word' id='word_1_266' title='bbox 1105 2767 1179 2836; x_wconf 83' lang='lat' dir='ltr'>Eri.</span> <span class='ocrx_word' id='word_1_267' title='bbox 1196 2773 1231 2837; x_wconf 91' lang='lat' dir='ltr'>et</span> <span class='ocrx_word' id='word_1_268' title='bbox 1246 2773 1425 2861; x_wconf 88' lang='lat' dir='ltr'>plerisque.</span> <span class='ocrx_word' id='word_1_269' title='bbox 1437 2803 1480 2819; x_wconf 87' lang='lat'><em>-</em></span> 
     </span>
     <span class='ocr_line' id='line_1_26' title="bbox 73 2860 1480 2954; baseline 0.003 -13"><span class='ocrx_word' id='word_1_270' title='bbox 73 2910 75 2915; x_wconf 58' lang='lat'>&lt;</span> <span class='ocrx_word' id='word_1_271' title='bbox 150 2869 188 2941; x_wconf 83' lang='lat'>6.</span> <span class='ocrx_word' id='word_1_272' title='bbox 210 2860 466 2953; x_wconf 82' lang='lat' dir='ltr'>Ariobarzane]</span> <span class='ocrx_word' id='word_1_273' title='bbox 495 2868 730 2937; x_wconf 80' lang='lat' dir='ltr'>ortodorlrune</span> <span class='ocrx_word' id='word_1_274' title='bbox 756 2868 798 2937; x_wconf 91' lang='lat' dir='ltr'>N.</span> <span class='ocrx_word' id='word_1_275' title='bbox 824 2869 859 2936; x_wconf 91' lang='lat'>1.</span> <span class='ocrx_word' id='word_1_276' title='bbox 887 2901 927 2915; x_wconf 92' lang='lat'><em>-</em></span> <span class='ocrx_word' id='word_1_277' title='bbox 964 2864 1000 2937; x_wconf 95' lang='grc'>7.</span> <span class='ocrx_word' id='word_1_278' title='bbox 1020 2863 1162 2954; x_wconf 88' lang='lat' dir='ltr'>videor]</span> <span class='ocrx_word' id='word_1_279' title='bbox 1189 2876 1355 2943; x_wconf 84' lang='lat' dir='ltr'>uidentur</span> <span class='ocrx_word' id='word_1_280' title='bbox 1381 2877 1422 2944; x_wconf 93' lang='grc' dir='ltr'>Ν.</span> <span class='ocrx_word' id='word_1_281' title='bbox 1445 2878 1480 2946; x_wconf 91' lang='grc'>1.</span> 
     </span>
     <span class='ocr_line' id='line_1_27' title="bbox 147 2968 1477 3066; baseline 0.001 -22"><span class='ocrx_word' id='word_1_282' title='bbox 147 2976 256 3044; x_wconf 82' lang='lat' dir='ltr'>Error</span> <span class='ocrx_word' id='word_1_283' title='bbox 276 2979 378 3043; x_wconf 86' lang='lat' dir='ltr'>natus</span> <span class='ocrx_word' id='word_1_284' title='bbox 399 2993 419 3042; x_wconf 91' lang='lat' dir='ltr'>e</span> <span class='ocrx_word' id='word_1_285' title='bbox 439 2994 475 3040; x_wconf 88' lang='lat' dir='ltr'>v.</span> <span class='ocrx_word' id='word_1_286' title='bbox 491 2972 647 3061; x_wconf 85' lang='lat' dir='ltr'>praeced.</span> <span class='ocrx_word' id='word_1_287' title='bbox 660 2978 773 3060; x_wconf 77' lang='grc'><strong>619611.</strong></span> <span class='ocrx_word' id='word_1_288' title='bbox 791 3003 832 3015; x_wconf 92' lang='grc'>-</span> <span class='ocrx_word' id='word_1_289' title='bbox 864 2971 899 3040; x_wconf 88' lang='lat'>8.</span> <span class='ocrx_word' id='word_1_290' title='bbox 914 2968 950 3039; x_wconf 94' lang='grc'>9.</span> <span class='ocrx_word' id='word_1_291' title='bbox 968 2970 1263 3066; x_wconf 82' lang='lat' dir='ltr'>diligentiamque]</span> <span class='ocrx_word' id='word_1_292' title='bbox 1287 2999 1407 3046; x_wconf 86' lang='grc'><strong>616.-</strong></span> <span class='ocrx_word' id='word_1_293' title='bbox 1441 2977 1477 3049; x_wconf 95' lang='grc'>9.</span> 
     </span>
     <span class='ocr_line' id='line_1_28' title="bbox 147 3070 1476 3173; baseline 0.002 -24"><span class='ocrx_word' id='word_1_294' title='bbox 147 3070 313 3161; x_wconf 85' lang='lat' dir='ltr'>salutem]</span> <span class='ocrx_word' id='word_1_295' title='bbox 327 3077 479 3147; x_wconf 80' lang='lat' dir='ltr'>sulutem</span> <span class='ocrx_word' id='word_1_296' title='bbox 493 3077 786 3173; x_wconf 76' lang='lat' dir='ltr'>dilipentiumque.</span> <span class='ocrx_word' id='word_1_297' title='bbox 830 3074 982 3165; x_wconf 88' lang='lat' dir='ltr'>Utraque</span> <span class='ocrx_word' id='word_1_298' title='bbox 993 3077 1078 3148; x_wconf 87' lang='lat' dir='ltr'>haec</span> <span class='ocrx_word' id='word_1_299' title='bbox 1089 3083 1142 3147; x_wconf 86' lang='lat' dir='ltr'>cst</span> <span class='ocrx_word' id='word_1_300' title='bbox 1155 3083 1263 3167; x_wconf 88' lang='lat' dir='ltr'>ipsius</span> <span class='ocrx_word' id='word_1_301' title='bbox 1276 3082 1349 3149; x_wconf 92' lang='lat' dir='ltr'>Md.</span> <span class='ocrx_word' id='word_1_302' title='bbox 1365 3085 1476 3152; x_wconf 90' lang='lat' dir='ltr'>lectio.</span> 
     </span>
    </p>

    <p class='ocr_par' dir='ltr' id='par_1_4' title="bbox 142 3172 1564 4829">
     <span class='ocr_line' id='line_1_29' title="bbox 222 3172 1476 3272; baseline 0.005 -23"><span class='ocrx_word' id='word_1_303' title='bbox 222 3184 296 3268; x_wconf 73' lang='lat' dir='ltr'>Ep.</span> <span class='ocrx_word' id='word_1_304' title='bbox 314 3181 350 3248; x_wconf 98' lang='grc'><strong>3.</strong></span> <span class='ocrx_word' id='word_1_305' title='bbox 373 3203 405 3269; x_wconf 96' lang='lat' dir='ltr'>p.</span> <span class='ocrx_word' id='word_1_306' title='bbox 424 3179 515 3248; x_wconf 88' lang='grc'><strong>455.</strong></span> <span class='ocrx_word' id='word_1_307' title='bbox 549 3180 582 3248; x_wconf 92' lang='grc'>1.</span> <span class='ocrx_word' id='word_1_308' title='bbox 603 3172 850 3271; x_wconf 74' lang='lat' dir='ltr'>Commageno]</span> <span class='ocrx_word' id='word_1_309' title='bbox 878 3201 957 3249; x_wconf 90' lang='lat' dir='ltr'>eum</span> <span class='ocrx_word' id='word_1_310' title='bbox 983 3201 1129 3272; x_wconf 80' lang='lat' dir='ltr'>maperco</span> <span class='ocrx_word' id='word_1_311' title='bbox 1151 3185 1193 3253; x_wconf 91' lang='lat' dir='ltr'>N.</span> <span class='ocrx_word' id='word_1_312' title='bbox 1212 3186 1246 3253; x_wconf 90' lang='lat'>1.</span> <span class='ocrx_word' id='word_1_313' title='bbox 1271 3217 1311 3232; x_wconf 91' lang='lat'><em>-</em></span> <span class='ocrx_word' id='word_1_314' title='bbox 1343 3188 1476 3257; x_wconf 74' lang='grc'><strong>4116-</strong></span> 
     </span>
     <span class='ocr_line' id='line_1_30' title="bbox 145 3276 1475 3384; baseline 0.005 -30"><span class='ocrx_word' id='word_1_315' title='bbox 145 3276 322 3376; x_wconf 89' lang='lat' dir='ltr'>phratem]</span> <span class='ocrx_word' id='word_1_316' title='bbox 344 3283 510 3371; x_wconf 80' lang='lat' dir='ltr'>eerfruten</span> <span class='ocrx_word' id='word_1_317' title='bbox 530 3285 570 3353; x_wconf 91' lang='lat' dir='ltr'>N.</span> <span class='ocrx_word' id='word_1_318' title='bbox 587 3283 623 3350; x_wconf 90' lang='lat'>1.</span> <span class='ocrx_word' id='word_1_319' title='bbox 648 3314 690 3326; x_wconf 94' lang='grc'>-</span> <span class='ocrx_word' id='word_1_320' title='bbox 726 3280 761 3350; x_wconf 88' lang='grc'>8.</span> <span class='ocrx_word' id='word_1_321' title='bbox 783 3304 881 3350; x_wconf 89' lang='lat' dir='ltr'>manu</span> <span class='ocrx_word' id='word_1_322' title='bbox 902 3279 1062 3369; x_wconf 86' lang='lat' dir='ltr'>venisse]</span> <span class='ocrx_word' id='word_1_323' title='bbox 1085 3294 1220 3358; x_wconf 76' lang='grc'><strong>6661116</strong></span> <span class='ocrx_word' id='word_1_324' title='bbox 1241 3311 1349 3360; x_wconf 82' lang='lat' dir='ltr'>murm</span> <span class='ocrx_word' id='word_1_325' title='bbox 1370 3292 1412 3361; x_wconf 93' lang='grc' dir='ltr'>Ν.</span> <span class='ocrx_word' id='word_1_326' title='bbox 1429 3291 1475 3384; x_wconf 86' lang='grc'><strong>3,</strong></span> 
     </span>
     <span class='ocr_line' id='line_1_31' title="bbox 148 3386 1564 3488; baseline 0.005 -30"><span class='ocrx_word' id='word_1_327' title='bbox 148 3393 202 3480; x_wconf 92' lang='lat' dir='ltr'>qui</span> <span class='ocrx_word' id='word_1_328' title='bbox 226 3390 308 3458; x_wconf 92' lang='lat' dir='ltr'>ordo</span> <span class='ocrx_word' id='word_1_329' title='bbox 331 3391 520 3480; x_wconf 83' lang='lat' dir='ltr'>elegantior</span> <span class='ocrx_word' id='word_1_330' title='bbox 541 3387 719 3455; x_wconf 90' lang='lat' dir='ltr'>videbatur</span> <span class='ocrx_word' id='word_1_331' title='bbox 740 3389 846 3454; x_wconf 88' lang='lat' dir='ltr'>Italis.</span> <span class='ocrx_word' id='word_1_332' title='bbox 869 3415 911 3429; x_wconf 90' lang='grc'>·-</span> <span class='ocrx_word' id='word_1_333' title='bbox 944 3386 981 3454; x_wconf 89' lang='grc'>7.</span> <span class='ocrx_word' id='word_1_334' title='bbox 1003 3391 1038 3455; x_wconf 94' lang='lat' dir='ltr'>in</span> <span class='ocrx_word' id='word_1_335' title='bbox 1061 3387 1329 3479; x_wconf 86' lang='lat' dir='ltr'>Cappadociam]</span> <span class='ocrx_word' id='word_1_336' title='bbox 1351 3403 1475 3465; x_wconf 83' lang='grc'><strong>1666-</strong></span> <span class='ocrx_word' id='word_1_337' title='bbox 1558 3472 1564 3488; x_wconf 31' lang='lat'><strong>¹</strong></span> 
     </span>
     <span class='ocr_line' id='line_1_32' title="bbox 145 3487 1476 3586; baseline 0.005 -24"><span class='ocrx_word' id='word_1_338' title='bbox 145 3497 333 3586; x_wconf 81' lang='lat' dir='ltr'>perdoctum</span> <span class='ocrx_word' id='word_1_339' title='bbox 358 3492 399 3559; x_wconf 92' lang='lat' dir='ltr'>N.</span> <span class='ocrx_word' id='word_1_340' title='bbox 421 3491 455 3558; x_wconf 89' lang='lat'>1.</span> <span class='ocrx_word' id='word_1_341' title='bbox 500 3487 656 3559; x_wconf 84' lang='lat' dir='ltr'>Ceterum</span> <span class='ocrx_word' id='word_1_342' title='bbox 687 3495 860 3557; x_wconf 87' lang='lat' dir='ltr'>correctus</span> <span class='ocrx_word' id='word_1_343' title='bbox 892 3495 945 3558; x_wconf 89' lang='lat' dir='ltr'>est</span> <span class='ocrx_word' id='word_1_344' title='bbox 977 3491 1033 3560; x_wconf 90' lang='lat' dir='ltr'>hic</span> <span class='ocrx_word' id='word_1_345' title='bbox 1062 3495 1172 3563; x_wconf 83' lang='lat' dir='ltr'>facilis</span> <span class='ocrx_word' id='word_1_346' title='bbox 1202 3497 1275 3563; x_wconf 92' lang='lat' dir='ltr'>Md.</span> <span class='ocrx_word' id='word_1_347' title='bbox 1295 3517 1404 3566; x_wconf 89' lang='lat' dir='ltr'>error:</span> <span class='ocrx_word' id='word_1_348' title='bbox 1436 3507 1476 3570; x_wconf 86' lang='lat' dir='ltr'>in</span> 
     </span>
     <span class='ocr_line' id='line_1_33' title="bbox 149 3585 1476 3694; baseline -0.003 -27"><span class='ocrx_word' id='word_1_349' title='bbox 149 3596 387 3688; x_wconf 73' lang='lat' dir='ltr'>Cappadocia.</span> <span class='ocrx_word' id='word_1_350' title='bbox 402 3627 442 3641; x_wconf 93' lang='lat'>-</span> <span class='ocrx_word' id='word_1_351' title='bbox 466 3596 502 3662; x_wconf 92' lang='grc'>8.</span> <span class='ocrx_word' id='word_1_352' title='bbox 517 3585 658 3677; x_wconf 86' lang='lat' dir='ltr'>nostra]</span> <span class='ocrx_word' id='word_1_353' title='bbox 673 3610 753 3659; x_wconf 88' lang='lat' dir='ltr'>meo</span> <span class='ocrx_word' id='word_1_354' title='bbox 766 3591 807 3658; x_wconf 92' lang='lat' dir='ltr'>N.</span> <span class='ocrx_word' id='word_1_355' title='bbox 821 3592 854 3659; x_wconf 89' lang='grc'>1.</span> <span class='ocrx_word' id='word_1_356' title='bbox 888 3590 948 3661; x_wconf 85' lang='lat' dir='ltr'>Sic</span> <span class='ocrx_word' id='word_1_357' title='bbox 965 3614 1086 3684; x_wconf 86' lang='lat' dir='ltr'>saepe,</span> <span class='ocrx_word' id='word_1_358' title='bbox 1102 3618 1187 3685; x_wconf 89' lang='lat' dir='ltr'>quae</span> <span class='ocrx_word' id='word_1_359' title='bbox 1200 3599 1346 3667; x_wconf 88' lang='lat' dir='ltr'>eiusdem</span> <span class='ocrx_word' id='word_1_360' title='bbox 1364 3606 1476 3694; x_wconf 84' lang='lat' dir='ltr'>signi.</span> 
     </span>
     <span class='ocr_line' id='line_1_34' title="bbox 146 3696 1473 3788; baseline 0.002 -17"><span class='ocrx_word' id='word_1_361' title='bbox 146 3702 314 3771; x_wconf 79' lang='lat' dir='ltr'>dicationis</span> <span class='ocrx_word' id='word_1_362' title='bbox 334 3699 553 3788; x_wconf 79' lang='lat' dir='ltr'>videbantur,</span> <span class='ocrx_word' id='word_1_363' title='bbox 575 3699 840 3786; x_wconf 86' lang='lat' dir='ltr'>permiscuerunt</span> <span class='ocrx_word' id='word_1_364' title='bbox 859 3698 995 3766; x_wconf 83' lang='lat' dir='ltr'>librarii.</span> <span class='ocrx_word' id='word_1_365' title='bbox 1013 3728 1054 3742; x_wconf 90' lang='grc'>-·</span> <span class='ocrx_word' id='word_1_366' title='bbox 1086 3701 1147 3769; x_wconf 91' lang='grc'>11.</span> <span class='ocrx_word' id='word_1_367' title='bbox 1172 3707 1208 3769; x_wconf 89' lang='grc'>61</span> <span class='ocrx_word' id='word_1_368' title='bbox 1230 3696 1350 3787; x_wconf 83' lang='lat' dir='ltr'>exist]</span> <span class='ocrx_word' id='word_1_369' title='bbox 1369 3714 1473 3778; x_wconf 75' lang='lat' dir='ltr'>cetri.</span> 
     </span>
     <span class='ocr_line' id='line_1_35' title="bbox 147 3795 1541 3892; baseline 0.002 -20"><span class='ocrx_word' id='word_1_370' title='bbox 147 3808 190 3876; x_wconf 90' lang='lat' dir='ltr'>N.</span> <span class='ocrx_word' id='word_1_371' title='bbox 204 3805 240 3872; x_wconf 93' lang='grc'>3.</span> <span class='ocrx_word' id='word_1_372' title='bbox 259 3835 299 3849; x_wconf 93' lang='lat'>-</span> <span class='ocrx_word' id='word_1_373' title='bbox 324 3795 564 3885; x_wconf 77' lang='grc'><strong>1366111161]</strong></span> <span class='ocrx_word' id='word_1_374' title='bbox 583 3823 644 3868; x_wconf 84' lang='grc'><strong>611.</strong></span> <span class='ocrx_word' id='word_1_375' title='bbox 650 3853 661 3892; x_wconf 84' lang='grc'><strong>,</strong></span> <span class='ocrx_word' id='word_1_376' title='bbox 684 3801 1058 3888; x_wconf 79' lang='lat' dir='ltr'>quiasupervacaneum</span> <span class='ocrx_word' id='word_1_377' title='bbox 1069 3805 1248 3872; x_wconf 88' lang='lat' dir='ltr'>videbatur</span> <span class='ocrx_word' id='word_1_378' title='bbox 1262 3808 1303 3874; x_wconf 94' lang='lat' dir='ltr'>N.</span> <span class='ocrx_word' id='word_1_379' title='bbox 1321 3809 1357 3874; x_wconf 84' lang='grc'><strong>3.</strong></span> <span class='ocrx_word' id='word_1_380' title='bbox 1375 3842 1417 3857; x_wconf 94' lang='lat'>-·</span> <span class='ocrx_word' id='word_1_381' title='bbox 1432 3815 1473 3880; x_wconf 88' lang='lat' dir='ltr'>ln</span> <span class='ocrx_word' id='word_1_382' title='bbox 1536 3806 1541 3816; x_wconf 84' lang='lat'><em>&#39;</em></span> 
     </span>
     <span class='ocr_line' id='line_1_36' title="bbox 145 3905 1473 3998; baseline 0.002 -19"><span class='ocrx_word' id='word_1_383' title='bbox 145 3911 219 3979; x_wconf 77' lang='lat' dir='ltr'>Eri.</span> <span class='ocrx_word' id='word_1_384' title='bbox 238 3911 411 3976; x_wconf 85' lang='lat' dir='ltr'>correctus</span> <span class='ocrx_word' id='word_1_385' title='bbox 433 3912 486 3974; x_wconf 91' lang='lat' dir='ltr'>est</span> <span class='ocrx_word' id='word_1_386' title='bbox 507 3910 704 3994; x_wconf 81' lang='lat' dir='ltr'>perspicuus</span> <span class='ocrx_word' id='word_1_387' title='bbox 725 3924 820 3972; x_wconf 90' lang='lat' dir='ltr'>error</span> <span class='ocrx_word' id='word_1_388' title='bbox 840 3905 913 3972; x_wconf 87' lang='lat' dir='ltr'>Md.</span> <span class='ocrx_word' id='word_1_389' title='bbox 932 3907 1055 3975; x_wconf 83' lang='lat' dir='ltr'>debuit</span> <span class='ocrx_word' id='word_1_390' title='bbox 1076 3928 1114 3975; x_wconf 83' lang='grc'>16</span> <span class='ocrx_word' id='word_1_391' title='bbox 1135 3914 1224 3998; x_wconf 84' lang='lat' dir='ltr'>tum,</span> <span class='ocrx_word' id='word_1_392' title='bbox 1248 3931 1342 3997; x_wconf 86' lang='lat' dir='ltr'>quem</span> <span class='ocrx_word' id='word_1_393' title='bbox 1361 3919 1473 3983; x_wconf 87' lang='lat' dir='ltr'>tamen</span> 
     </span>
     <span class='ocr_line' id='line_1_37' title="bbox 144 4009 1480 4095; baseline 0.004 -14"><span class='ocrx_word' id='word_1_394' title='bbox 144 4016 285 4082; x_wconf 90' lang='lat' dir='ltr'>servant</span> <span class='ocrx_word' id='word_1_395' title='bbox 320 4011 401 4081; x_wconf 82' lang='lat' dir='ltr'>edd.</span> <span class='ocrx_word' id='word_1_396' title='bbox 429 4030 450 4077; x_wconf 89' lang='lat' dir='ltr'>a</span> <span class='ocrx_word' id='word_1_397' title='bbox 478 4009 665 4077; x_wconf 85' lang='lat' dir='ltr'>Benedicto</span> <span class='ocrx_word' id='word_1_398' title='bbox 697 4010 820 4077; x_wconf 89' lang='lat' dir='ltr'>collati.</span> <span class='ocrx_word' id='word_1_399' title='bbox 863 4011 1016 4077; x_wconf 88' lang='lat' dir='ltr'>Pertinet</span> <span class='ocrx_word' id='word_1_400' title='bbox 1049 4011 1113 4080; x_wconf 87' lang='lat' dir='ltr'>hoc</span> <span class='ocrx_word' id='word_1_401' title='bbox 1146 4010 1189 4079; x_wconf 89' lang='lat' dir='ltr'>ad</span> <span class='ocrx_word' id='word_1_402' title='bbox 1221 4016 1261 4082; x_wconf 92' lang='lat' dir='ltr'>N.</span> <span class='ocrx_word' id='word_1_403' title='bbox 1282 4015 1316 4082; x_wconf 89' lang='grc'>5.</span> <span class='ocrx_word' id='word_1_404' title='bbox 1336 4049 1377 4062; x_wconf 86' lang='lat'><em>-</em></span> <span class='ocrx_word' id='word_1_405' title='bbox 1410 4016 1480 4095; x_wconf 81' lang='lat'>16.</span> 
     </span>
     <span class='ocr_line' id='line_1_38' title="bbox 144 4108 1470 4203; baseline 0.002 -16"><span class='ocrx_word' id='word_1_406' title='bbox 144 4108 353 4198; x_wconf 85' lang='lat' dir='ltr'>huiusmodi]</span> <span class='ocrx_word' id='word_1_407' title='bbox 383 4117 559 4183; x_wconf 86' lang='lat' dir='ltr'>eiusmodi.</span> <span class='ocrx_word' id='word_1_408' title='bbox 601 4113 1027 4200; x_wconf 77' lang='grc' dir='ltr'><strong>1111161161616Μ11.-</strong></span> <span class='ocrx_word' id='word_1_409' title='bbox 1062 4113 1124 4183; x_wconf 88' lang='grc'>17.</span> <span class='ocrx_word' id='word_1_410' title='bbox 1152 4121 1268 4185; x_wconf 86' lang='grc'><strong>166616</strong></span> <span class='ocrx_word' id='word_1_411' title='bbox 1295 4112 1378 4203; x_wconf 89' lang='lat' dir='ltr'>vix]</span> <span class='ocrx_word' id='word_1_412' title='bbox 1408 4128 1470 4189; x_wconf 81' lang='lat' dir='ltr'>oisc</span> 
     </span>
     <span class='ocr_line' id='line_1_39' title="bbox 144 4216 1470 4311; baseline 0.002 -22"><span class='ocrx_word' id='word_1_413' title='bbox 144 4228 263 4290; x_wconf 87' lang='lat' dir='ltr'>tenere</span> <span class='ocrx_word' id='word_1_414' title='bbox 284 4221 327 4287; x_wconf 91' lang='lat' dir='ltr'>N.</span> <span class='ocrx_word' id='word_1_415' title='bbox 348 4217 384 4286; x_wconf 88' lang='grc'>3.</span> <span class='ocrx_word' id='word_1_416' title='bbox 427 4216 585 4288; x_wconf 82' lang='lat' dir='ltr'>Ordinem</span> <span class='ocrx_word' id='word_1_417' title='bbox 607 4218 714 4311; x_wconf 78' lang='lat' dir='ltr'>magis</span> <span class='ocrx_word' id='word_1_418' title='bbox 734 4219 867 4286; x_wconf 86' lang='lat' dir='ltr'>sollium</span> <span class='ocrx_word' id='word_1_419' title='bbox 890 4221 1058 4304; x_wconf 83' lang='lat' dir='ltr'>praetulit.</span> <span class='ocrx_word' id='word_1_420' title='bbox 1103 4220 1230 4288; x_wconf 84' lang='lat' dir='ltr'>Deinde</span> <span class='ocrx_word' id='word_1_421' title='bbox 1258 4224 1330 4290; x_wconf 80' lang='lat' dir='ltr'>Eri.</span> <span class='ocrx_word' id='word_1_422' title='bbox 1351 4231 1470 4293; x_wconf 89' lang='lat' dir='ltr'>contra</span> 
     </span>
     <span class='ocr_line' id='line_1_40' title="bbox 142 4321 1469 4417; baseline 0.002 -23"><span class='ocrx_word' id='word_1_423' title='bbox 142 4324 233 4413; x_wconf 82' lang='lat' dir='ltr'>Md,</span> <span class='ocrx_word' id='word_1_424' title='bbox 255 4324 316 4392; x_wconf 86' lang='lat' dir='ltr'>sed</span> <span class='ocrx_word' id='word_1_425' title='bbox 330 4326 432 4411; x_wconf 88' lang='lat' dir='ltr'>male,</span> <span class='ocrx_word' id='word_1_426' title='bbox 454 4326 519 4390; x_wconf 88' lang='lat' dir='ltr'>etsi</span> <span class='ocrx_word' id='word_1_427' title='bbox 540 4325 669 4409; x_wconf 89' lang='lat' dir='ltr'>recepit</span> <span class='ocrx_word' id='word_1_428' title='bbox 689 4321 787 4412; x_wconf 75' lang='lat' dir='ltr'>Em,</span> <span class='ocrx_word' id='word_1_429' title='bbox 807 4329 980 4411; x_wconf 81' lang='lat' dir='ltr'>possimus</span> <span class='ocrx_word' id='word_1_430' title='bbox 1001 4343 1062 4410; x_wconf 92' lang='lat' dir='ltr'>pro</span> <span class='ocrx_word' id='word_1_431' title='bbox 1082 4344 1274 4413; x_wconf 79' lang='lat' dir='ltr'>possumus.</span> <span class='ocrx_word' id='word_1_432' title='bbox 1318 4329 1469 4417; x_wconf 87' lang='lat' dir='ltr'>Denique</span> 
     </span>
     <span class='ocr_line' id='line_1_41' title="bbox 142 4425 1468 4523; baseline 0.001 -25"><span class='ocrx_word' id='word_1_433' title='bbox 142 4430 230 4498; x_wconf 90' lang='lat' dir='ltr'>idem</span> <span class='ocrx_word' id='word_1_434' title='bbox 251 4428 384 4496; x_wconf 81' lang='lat' dir='ltr'>foedum</span> <span class='ocrx_word' id='word_1_435' title='bbox 406 4446 552 4496; x_wconf 86' lang='lat' dir='ltr'>errorem</span> <span class='ocrx_word' id='word_1_436' title='bbox 572 4425 647 4493; x_wconf 90' lang='lat' dir='ltr'>Md.</span> <span class='ocrx_word' id='word_1_437' title='bbox 667 4430 710 4493; x_wconf 85' lang='lat' dir='ltr'>ui</span> <span class='ocrx_word' id='word_1_438' title='bbox 722 4461 744 4480; x_wconf 91' lang='lat'>-</span> <span class='ocrx_word' id='word_1_439' title='bbox 758 4460 780 4480; x_wconf 88' lang='lat'><strong>·</strong></span> <span class='ocrx_word' id='word_1_440' title='bbox 799 4431 969 4519; x_wconf 81' lang='lat' dir='ltr'>terremus,</span> <span class='ocrx_word' id='word_1_441' title='bbox 996 4447 1092 4514; x_wconf 88' lang='lat' dir='ltr'>quem</span> <span class='ocrx_word' id='word_1_442' title='bbox 1113 4431 1206 4495; x_wconf 92' lang='lat' dir='ltr'>multi</span> <span class='ocrx_word' id='word_1_443' title='bbox 1221 4430 1303 4498; x_wconf 87' lang='lat' dir='ltr'><strong>Cdd.</strong></span> <span class='ocrx_word' id='word_1_444' title='bbox 1317 4438 1468 4523; x_wconf 83' lang='lat' dir='ltr'>servant,</span> 
     </span>
     <span class='ocr_line' id='line_1_42' title="bbox 143 4529 1468 4623; baseline -0.002 -19"><span class='ocrx_word' id='word_1_445' title='bbox 143 4534 292 4604; x_wconf 82' lang='lat' dir='ltr'>correxit</span> <span class='ocrx_word' id='word_1_446' title='bbox 313 4535 347 4598; x_wconf 92' lang='lat' dir='ltr'>ln</span> <span class='ocrx_word' id='word_1_447' title='bbox 369 4537 568 4600; x_wconf 74' lang='lat' dir='ltr'>teneamus:</span> <span class='ocrx_word' id='word_1_448' title='bbox 591 4530 655 4596; x_wconf 90' lang='lat' dir='ltr'>nial</span> <span class='ocrx_word' id='word_1_449' title='bbox 673 4531 785 4617; x_wconf 86' lang='lat' dir='ltr'>potius</span> <span class='ocrx_word' id='word_1_450' title='bbox 800 4547 819 4597; x_wconf 97' lang='grc'>6</span> <span class='ocrx_word' id='word_1_451' title='bbox 833 4529 942 4597; x_wconf 91' lang='lat' dir='ltr'>Nonio</span> <span class='ocrx_word' id='word_1_452' title='bbox 965 4531 1141 4623; x_wconf 81' lang='lat' dir='ltr'>legendum</span> <span class='ocrx_word' id='word_1_453' title='bbox 1163 4538 1335 4602; x_wconf 88' lang='lat' dir='ltr'>tueamur.</span> <span class='ocrx_word' id='word_1_454' title='bbox 1379 4537 1468 4602; x_wconf 87' lang='lat' dir='ltr'>Pos-</span> 
     </span>
     <span class='ocr_line' id='line_1_43' title="bbox 142 4632 1468 4727; baseline -0.008 -20"><span class='ocrx_word' id='word_1_455' title='bbox 142 4659 214 4709; x_wconf 85' lang='lat' dir='ltr'>sum</span> <span class='ocrx_word' id='word_1_456' title='bbox 237 4637 412 4725; x_wconf 86' lang='lat' dir='ltr'>persequi,</span> <span class='ocrx_word' id='word_1_457' title='bbox 434 4634 548 4703; x_wconf 88' lang='lat' dir='ltr'>eodcn</span> <span class='ocrx_word' id='word_1_458' title='bbox 570 4651 653 4701; x_wconf 87' lang='lat' dir='ltr'>sana</span> <span class='ocrx_word' id='word_1_459' title='bbox 675 4635 815 4726; x_wconf 84' lang='lat' dir='ltr'>eventu,</span> <span class='ocrx_word' id='word_1_460' title='bbox 843 4632 932 4702; x_wconf 89' lang='lat' dir='ltr'>hanc</span> <span class='ocrx_word' id='word_1_461' title='bbox 953 4637 1164 4720; x_wconf 86' lang='lat' dir='ltr'>plurimorum</span> <span class='ocrx_word' id='word_1_462' title='bbox 1186 4655 1351 4727; x_wconf 85' lang='lat' dir='ltr'>errorum,</span> <span class='ocrx_word' id='word_1_463' title='bbox 1380 4659 1468 4725; x_wconf 90' lang='lat' dir='ltr'>pon.</span> 
     </span>
     <span class='ocr_line' id='line_1_44' title="bbox 144 4736 1468 4829; baseline -0.001 -17"><span class='ocrx_word' id='word_1_464' title='bbox 144 4760 256 4812; x_wconf 88' lang='lat' dir='ltr'>carum</span> <span class='ocrx_word' id='word_1_465' title='bbox 278 4741 521 4810; x_wconf 86' lang='lat' dir='ltr'>correctionum</span> <span class='ocrx_word' id='word_1_466' title='bbox 542 4736 786 4825; x_wconf 61' lang='lat' dir='ltr'>recensionem</span> <span class='ocrx_word' id='word_1_467' title='bbox 806 4737 869 4807; x_wconf 82' lang='lat' dir='ltr'>aed</span> <span class='ocrx_word' id='word_1_468' title='bbox 889 4740 986 4807; x_wconf 83' lang='lat' dir='ltr'>nimis</span> <span class='ocrx_word' id='word_1_469' title='bbox 1006 4740 1143 4828; x_wconf 85' lang='lat' dir='ltr'>putidus</span> <span class='ocrx_word' id='word_1_470' title='bbox 1165 4743 1218 4807; x_wconf 89' lang='lat' dir='ltr'>est</span> <span class='ocrx_word' id='word_1_471' title='bbox 1239 4741 1347 4829; x_wconf 85' lang='lat' dir='ltr'>labor3</span> <span class='ocrx_word' id='word_1_472' title='bbox 1381 4763 1468 4829; x_wconf 92' lang='lat' dir='ltr'>quo-</span> 
     </span>
    </p>
   </div>
   <div class='ocr_carea' id='block_1_4' title="bbox 143 4840 1468 4934">
    <p class='ocr_par' dir='ltr' id='par_1_5' title="bbox 143 4840 1468 4934">
     <span class='ocr_line' id='line_1_45' title="bbox 143 4840 1468 4934; baseline -0.003 -12"><span class='ocrx_word' id='word_1_473' title='bbox 143 4848 235 4922; x_wconf 84' lang='lat' dir='ltr'>circo</span> <span class='ocrx_word' id='word_1_474' title='bbox 263 4846 298 4916; x_wconf 91' lang='lat' dir='ltr'>tn</span> <span class='ocrx_word' id='word_1_475' title='bbox 324 4845 378 4919; x_wconf 85' lang='lat' dir='ltr'>his</span> <span class='ocrx_word' id='word_1_476' title='bbox 405 4845 513 4917; x_wconf 84' lang='lat' dir='ltr'>tribus</span> <span class='ocrx_word' id='word_1_477' title='bbox 538 4840 628 4933; x_wconf 81' lang='lat' dir='ltr'>lipp·</span> <span class='ocrx_word' id='word_1_478' title='bbox 644 4841 833 4916; x_wconf 78' lang='grc'><strong>1616111161.</strong></span> <span class='ocrx_word' id='word_1_479' title='bbox 867 4840 1030 4934; x_wconf 79' lang='lat' dir='ltr'>Plerique</span> <span class='ocrx_word' id='word_1_480' title='bbox 1051 4846 1115 4916; x_wconf 87' lang='lat' dir='ltr'>lom</span> <span class='ocrx_word' id='word_1_481' title='bbox 1135 4863 1262 4915; x_wconf 88' lang='lat' dir='ltr'>mecum</span> <span class='ocrx_word' id='word_1_482' title='bbox 1282 4847 1468 4918; x_wconf 84' lang='lat' dir='ltr'>sentientes</span> 
     </span>
    </p>
   </div>
   <div class='ocr_carea' id='block_1_5' title="bbox 0 0 1632 5400">
    <p class='ocr_par' dir='ltr' id='par_1_6' title="bbox 0 0 1632 5400">
     <span class='ocr_line' id='line_1_46' title="bbox 0 0 1632 5400; baseline 0 2"><span class='ocrx_word' id='word_1_483' title='bbox 0 0 1632 5400; x_wconf 95' lang='lat' dir='ltr'> </span> 
     </span>
    </p>
   </div>
  </div>
 </body>
</html>
