3256 5400
612 230 687 294 uu.
707 230 749 295 X.
790 232 850 294 ΕΡ.
874 231 902 293 1.
925 231 956 294 2.
976 232 1008 297 3.
1411 237 1469 300 165

151 383 224 448 tiam
247 383 342 449 dere
364 381 488 470 publica
509 385 627 459 dicere,
668 386 724 451 ubi
745 407 796 452 me
817 396 849 451 et
872 387 984 452 melius
1005 397 1036 452 et
1057 389 1186 475 propius
1208 389 1335 455 audiant
1356 390 1467 456 armati

151 499 246 564 quam
267 489 437 545 senatores.
481 485 511 545 2.
535 483 734 566 Quapropter
755 482 787 544 iu
808 478 938 563 privatis
956 479 1051 545 rebus
1073 482 1190 547 nullum
1205 504 1308 573 neque
1330 483 1469 549 officium

152 593 254 657 neque
276 571 412 637 studium
434 593 540 637 meum
561 573 767 649 desiderabis;
799 594 839 637 ne
861 572 891 636 in
913 571 1046 658 publicis
1068 575 1212 661 quidem,
1246 576 1271 642 si
1294 578 1370 664 quid
1391 578 1467 653 erit,

153 663 184 729 in
205 686 268 751 quo
302 686 352 729 me
385 664 535 731 interesse
556 687 681 732 necesse
703 667 758 740 sit,
787 686 924 752 unquam
949 666 1060 742 deero,
1083 690 1121 732 ne
1143 691 1213 734 cum
1236 671 1376 755 periculo
1398 670 1469 757 qui·

153 758 223 823 dem
247 779 333 830 meo,
357 757 498 844 dignitati
520 768 601 826 tuae.
643 764 679 825 ln
700 761 739 827 iis
760 769 864 825 autem
883 757 994 835 rebus,
1017 783 1097 849 quae
1113 763 1329 842 nihilominus,
1353 775 1387 831 ut
1407 786 1491 851 egon

151 849 265 923 absim,
299 849 410 916 confici
438 861 600 938 poterunt,
633 862 706 938 peto
732 875 750 918 a
778 865 826 925 te,
857 862 892 919 ut
920 874 970 917 me
999 855 1152 920 rationem
1181 856 1298 925 habere
1332 859 1410 925 velis
1436 869 1468 926 et

151 943 257 1009 salutis
278 957 308 1011 et
330 945 486 1029 dignitatis
507 966 604 1012 meae.

621 1089 679 1150 111.
723 1087 770 1170 (Α.
797 1088 829 1151 u.
853 1089 884 1152 c.
906 1086 992 1169 710.)

623 1209 767 1274 CICERO
788 1210 941 1273 PLANCO
965 1211 996 1273 S.

237 1325 263 1384 ῖ.
286 1323 362 1385 Cum
385 1317 486 1404 ipsum
508 1318 657 1384 Furnium
679 1340 737 1405 per
760 1340 794 1385 se
816 1319 879 1384 vidi
894 1317 1114 1396 libentissime,
1136 1331 1203 1386 tum
1225 1322 1285 1388 hoc
1307 1324 1462 1402 libentius,
1477 1343 1504 1382 ¹⁰

149 1414 234 1500 quod
258 1414 342 1478 illum
371 1412 501 1478 audiens
531 1423 559 1478 tc
587 1412 716 1478 videbar
743 1413 862 1478 audire.
905 1418 981 1477 Nam
1004 1424 1034 1478 el
1056 1414 1087 1479 in
1110 1435 1145 1479 re
1168 1417 1294 1481 militari
1317 1418 1464 1486 virtutem

149 1517 181 1570 et
211 1508 241 1571 in
270 1506 510 1571 nrlrninistranda
539 1506 700 1593 provincia
739 1505 888 1571 iustitiam
919 1515 950 1571 ct
970 1508 1002 1572 in
1024 1507 1109 1572 omni
1131 1530 1248 1594 genere
1269 1513 1466 1598 prudentiam

148 1600 224 1665 mihi
257 1611 341 1665 tuam
369 1600 517 1686 exposuit
543 1612 573 1665 et
600 1610 762 1687 praeterea
790 1598 867 1665 mihi
888 1617 951 1664 non
974 1605 1112 1685 ignotam
1134 1601 1166 1666 in
1186 1606 1413 1672 consuetudine
1434 1619 1465 1674 et

148 1693 354 1759 familiaritate
377 1693 559 1760 suavitatem
582 1704 667 1759 tuam
689 1692 845 1767 adiunxit,
869 1702 1032 1777 praeterea
1056 1716 1208 1761 summam
1231 1718 1306 1781 erga
1329 1721 1363 1764 se
1385 1701 1464 1767 libe·

147 1786 310 1853 ralitatem.
355 1793 444 1865 Quae
465 1788 569 1852 omnia
592 1787 666 1851 mihi
690 1785 839 1867 iucunda,
863 1785 923 1849 hoc
944 1795 1120 1852 extremum
1136 1788 1230 1853 etiam
1248 1803 1371 1876 gratum
1394 1794 1463 1860 luit.
1477 1807 1502 1846 ¹³

147 1886 178 1947 2.
201 1886 286 1965 Ego,
307 1882 435 1956 Plance,
459 1880 715 1946 necessitudinem
737 1879 935 1944 constitutam
955 1879 1049 1945 habui
1070 1902 1141 1947 cum
1163 1882 1258 1948 domo
1275 1897 1375 1953 vestra
1393 1898 1465 1954 ante

147 1975 305 2059 aliquanto
328 1995 421 2059 quam
445 1984 477 2039 tu
500 1985 589 2039 natus
610 1996 659 2046 es,
681 1993 820 2037 amorem
843 1981 946 2037 autem
969 1994 1043 2057 erga
1068 1984 1097 2040 te
1119 1974 1159 2040 ab
1181 1975 1307 2042 ineunte
1328 1982 1464 2067 pueritia

148 2079 215 2143 tua;
238 2065 420 2132 confirmata
442 2068 502 2132 iam
525 2076 644 2139 aetate,
667 2065 907 2131 familiaritatem
928 2087 1000 2131 cum
1021 2068 1125 2133 studio
1147 2091 1236 2143 meo,
1259 2081 1324 2138 tum
1347 2074 1463 2141 iudicio

149 2171 201 2228 tuo
231 2161 438 2226 constitutam.
495 2161 551 2226 liis
579 2161 617 2226 de
639 2160 740 2225 causis
761 2159 949 2225 mirabiliter
969 2160 1060 2226 faveo
1082 2161 1222 2248 dignitati
1246 2173 1336 2242 tuae,
1369 2190 1464 2255 quam

148 2254 221 2319 milri
245 2264 346 2319 tecum
369 2264 471 2321 statuo
501 2252 617 2319 debere
639 2275 707 2318 esse
735 2274 944 2318 communem.
1002 2255 1114 2319 Omnia
1135 2278 1256 2321 summa
1278 2270 1463 2327 consecutus
1473 2273 1500 2309 ²⁰

147 2368 196 2420 es,
223 2348 338 2413 virtulo
361 2348 456 2421 duce,
489 2348 602 2413 comite
625 2347 766 2422 [ortuum
801 2366 900 2431 eaque
922 2367 956 2410 es
977 2345 1108 2432 adeptus
1129 2348 1324 2424 adolescens,
1358 2353 1464 2420 multis

147 2439 369 2515 invidentibus,
391 2463 470 2529 quos
487 2441 613 2526 ingenio
626 2439 842 2524 industriaque
863 2438 993 2523 fregisti.
1035 2444 1122 2505 Nunc
1144 2463 1194 2506 me
1216 2443 1462 2513 amantissimum

146 2537 210 2607 tui,
239 2534 354 2599 nemini
381 2534 616 2609 concedentem,
651 2532 704 2618 qui
726 2530 781 2596 tibi
803 2540 955 2596 vetustate
977 2533 1214 2600 necessitudinis
1239 2537 1345 2621 potior
1365 2538 1463 2623 possit

145 2649 229 2700 esse,
263 2629 289 2693 si
322 2629 444 2703 audies,
481 2649 606 2694 omnem
634 2625 690 2692 tibi
717 2624 857 2709 reliquae
889 2624 971 2688 vitae
1001 2624 1181 2709 dignitatem
1209 2648 1249 2692 ex
1271 2630 1391 2715 optimo
1413 2632 1460 2698 rei

144 2720 286 2807 publicae
308 2732 388 2788 statu
410 2723 563 2810 acquires.
606 2725 636 2786 3.
658 2719 725 2784 Scis
746 2717 889 2804 prolecto
910 2754 950 2764 —
974 2718 1049 2783 nihil
1071 2724 1154 2784 enim
1175 2729 1206 2785 te
1228 2720 1337 2805 lugere
1359 2723 1496 2809 potuite

144 2847 183 2857 -
207 2814 303 2880 luisse
325 2816 482 2904 quoddam
506 2826 644 2902 tempus,
680 2833 751 2878 cum
773 2810 915 2878 homines
937 2811 1152 2877 existimarent
1172 2821 1203 2879 te
1226 2814 1318 2879 nimis
1340 2819 1461 2883 servire

144 2908 352 2991 temporibus;
387 2909 471 2997 quod
502 2931 561 2994 ego
584 2927 710 2994 quoquc
732 2904 961 2980 existimarem,
996 2915 1025 2971 te
1047 2906 1073 2971 si
1095 2927 1148 2980 ea,
1179 2929 1260 2992 quae
1282 2909 1460 2994 patiebare,

143 3000 280 3086 probare
302 3002 396 3068 etiam
417 3002 597 3069 arbitrarer.
641 2998 703 3065 Sed
724 3021 795 3063 cum
817 2997 1040 3083 intelligerem,
1063 2999 1138 3087 quid
1160 3000 1309 3075 sentires,
1332 3011 1362 3066 te
1377 3001 1462 3069 arbi-

143 3093 250 3159 trabar
273 3094 393 3168 videre,
430 3094 505 3181 quid
527 3114 657 3181 posses..
700 3096 787 3156 Nunc
808 3090 866 3154 alia
888 3090 969 3156 ratio
991 3100 1051 3157 est:
1080 3092 1220 3157 omnium
1243 3115 1349 3159 rerum
1371 3105 1460 3162 tuum

143 3187 292 3252 iudicium
315 3199 361 3253 cst
377 3187 470 3275 idque
483 3187 628 3253 liberum.
672 3185 785 3251 Consul
805 3206 839 3249 es
854 3183 1047 3268 designatus,
1070 3186 1188 3271 optima
1203 3195 1316 3260 aetate,
1339 3204 1497 3255 summa⁸⁰

143 3281 335 3368 eloquentia,
358 3284 493 3360 maxima
514 3282 649 3348 orbitate
670 3279 717 3344 rei
737 3278 882 3365 publicae
897 3273 1038 3344 'virorum
1055 3279 1172 3343 talium.
1216 3280 1379 3357 lncumbe,
1402 3304 1460 3370 per

143 3375 219 3440 deos
236 3377 439 3442 immortalesl
463 3377 494 3441 in
509 3399 579 3441 eam
594 3394 701 3440 curam
717 3382 749 3437 et
764 3372 1001 3457 cogitationem,
1023 3393 1105 3457 quae
1119 3371 1176 3437 tibi
1191 3394 1344 3438 summam
1360 3374 1460 3460 digni-

143 3478 236 3534 tatem
259 3479 289 3534 et
311 3471 441 3555 gloriam
463 3470 583 3534 afferat.
625 3473 709 3534 Unus
731 3478 834 3533 autem
857 3479 919 3541 cst,
942 3467 1002 3533 hoc
1023 3469 1206 3554 praesertim
1222 3479 1379 3553 tempore,
1403 3489 1460 3554 per

142 3571 188 3626 tot
214 3583 312 3627 annuos
344 3584 379 3627 re
411 3560 535 3649 publica
557 3562 723 3636 devexata,
760 3560 974 3647 reipublicae
1003 3560 1082 3626 bene
1104 3562 1262 3646 gerundae
1288 3583 1397 3626 cursus
1418 3561 1458 3626 ad

142 3654 284 3741 gloriam.
327 3660 357 3722 1.
379 3660 464 3722 llaec
484 3678 592 3722 amore
615 3657 711 3741 magis
734 3655 885 3741 impulsus
907 3654 1071 3720 scribenda
1099 3655 1138 3719 ad
1161 3664 1191 3719 te
1220 3653 1340 3742 putavi,
1364 3670 1497 3739 quam³⁵

142 3770 205 3834 quo
228 3756 257 3813 te
280 3748 452 3814 arbitrarer
473 3750 598 3816 monitis
619 3758 649 3814 et
671 3749 844 3835 praeceptis
866 3769 970 3834 egere.
1014 3747 1156 3813 Sciebam
1179 3752 1262 3812 enim
1284 3768 1323 3811 ex
1347 3745 1458 3811 iisdem

142 3851 172 3906 te
204 3842 280 3907 haec
308 3843 434 3908 haurire
464 3843 616 3916 lontibus,
646 3865 686 3907 ex
714 3842 828 3929 quibus
861 3843 928 3928 ipse
963 3841 1138 3906 hauseram.
1197 3843 1302 3918 Quare
1329 3839 1456 3904 modum

141 3934 262 4000 faciam.
305 3941 391 4001 Nunc
413 3945 529 4003 tanturn
552 3936 787 4022 significandum
809 3936 928 4021 putavi,
951 3944 985 4000 ut
1005 3935 1111 4021 potius
1128 3954 1267 4000 amorem
1284 3933 1339 3997 tibi
1354 3944 1458 3998 osten-

141 4028 249 4093 derem
273 4052 393 4104 meum,
416 4053 508 4116 quam
531 4041 722 4096 ostentarem
743 4029 951 4115 prudentiam.
1001 4033 1140 4101 lntcrea,
1163 4049 1243 4114 quac
1264 4026 1304 4091 ad
1325 4026 1455 4110 dignita-

142 4132 203 4187 tem
226 4133 309 4189 luam
332 4125 489 4210 pertinere
511 4122 706 4196 arbitrabor,
728 4122 867 4188 studiose
888 4122 1116 4209 diligenterque
1137 4120 1265 4187 curabo.
1467 4139 1498 4181 ro

209 4340 235 4388 1.
254 4338 343 4403 neque]
363 4354 441 4404 aequo
459 4340 496 4391 Μ.
518 4364 548 4376 -
584 4339 611 4390 d.
631 4344 735 4390 necessit
754 4340 791 4391 M.
814 4364 842 4375 -
880 4340 907 4390 6.
924 4346 1048 4401 poterunt
1068 4339 1162 4388 liresd.
1183 4339 1294 4387 tertius:
1313 4345 1398 4400 potest
1418 4338 1455 4398 lii,

137 4416 247 4471 possiunt
267 4410 296 4459 Ε.
319 4434 346 4443 -
368 4411 409 4459 13.
428 4419 452 4461 et
470 4411 534 4459 mili
551 4416 660 4460 erectore
681 4411 803 4461 Ernestio
816 4409 966 4459 Schiitzius.
980 4409 1051 4457 Pori.
1066 4416 1090 4458 et
1102 4411 1256 4469 praesertim
1267 4409 1341 4457 mint.
1360 4409 1411 4458 On.
1425 4430 1456 4442 -

140 4478 183 4527 tt.
202 4492 303 4528 summu
320 4479 358 4529 Μ.
392 4503 421 4514 -
460 4481 502 4528 1¹1.
522 4481 740 4531 cauteriati.
773 4505 804 4517 -
842 4482 884 4531 19.
904 4481 1073 4528 constitutam
1094 4492 1156 4527 cum
1175 4478 1259 4528 Codd.
1280 4477 1382 4540 aliquot
1401 4477 1454 4526 del.

140 4548 294 4608 Beugetius.
315 4551 385 4600 uon.
411 4551 438 4598 iu
457 4563 489 4599 eo
516 4550 580 4600 latet
603 4551 691 4600 simite
710 4551 818 4614 aliquod
839 4549 1017 4607 vombulum,
1046 4549 1128 4598 veluti
1146 4549 1332 4597 cumuniolam.
1352 4546 1403 4597 On.
1425 4571 1455 4582 -

139 4619 182 4668 10.
200 4619 289 4669 debere
315 4633 365 4669 ease
383 4634 540 4670 commrtnem
565 4621 623 4670 Vb:
655 4621 747 4670 iubere
764 4635 815 4670 esse
833 4633 990 4668 communem
1011 4618 1054 4677 Μ,
1085 4619 1178 4668 naim
1195 4631 1354 4667 communem
1373 4617 1402 4665 li.
1425 4641 1455 4653 -

140 4688 182 4737 29.
211 4691 282 4738 ratio
307 4696 343 4739 est
373 4693 488 4738 omnious
514 4704 617 4739 reritm:
643 4698 715 4740 tuum
742 4692 864 4739 iudicium
893 4689 1035 4738 Victorius.
1066 4713 1095 4724 -
1133 4688 1175 4737 31.
1202 4688 1327 4737 ulomaiu
1352 4687 1455 4748 Repeti.

141 4757 233 4808 lauru
256 4783 285 4793 -
322 4760 493 4822 reipublicae
511 4760 571 4809 benc
588 4763 718 4825 parandae
736 4761 779 4810 lii:
809 4774 838 4809 rc
854 4758 958 4822 publicu
976 4757 1036 4807 liene
1053 4759 1166 4822 petendu
1186 4758 1217 4808 11.
1239 4781 1266 4792 -
1303 4756 1346 4806 36.
1368 4763 1392 4805 te
1410 4770 1458 4805 ur·

140 4827 254 4879 bitrorer
271 4828 315 4879 M:
336 4830 482 4880 arbitrarer
501 4837 525 4879 te
544 4830 573 4879 li.
