3256 5400
167 243 232 308 lac
665 237 726 301 ΕΡ.
746 239 800 301 llll
821 237 993 301 ATTlCUM

168 399 300 473 debent,
335 418 398 462 non
426 394 571 461 desinunt
602 393 755 460 invidere.
813 391 874 458 Sed
905 401 1008 456 tamen
1036 390 1150 456 modici
1179 390 1296 456 luimus
1318 396 1491 465 ὑποθέσει,

166 503 203 561 ut
230 492 350 577 scripsi.
392 489 517 554 Erimus
545 487 725 560 uberiores,
763 493 788 553 si
817 499 849 552 et
875 486 927 550 ille
955 484 1090 551 libenter
1116 486 1248 570 accipiet
1269 495 1300 550 et
1321 487 1344 550 ii
1365 486 1490 551 subrin-

168 597 295 674 gentur,
329 583 383 671 qui
415 583 519 648 villam
546 604 598 646 mc
624 583 755 648 moleste
784 581 889 646 lerunt
919 579 1053 655 habere,
1089 601 1172 666 quae
1194 580 1294 645 Catuli
1315 579 1442 652 luerat,
1471 602 1489 645 a

167 685 271 747 Vettio
293 700 344 743 me
366 677 479 741 emisse
500 696 564 740 non
585 676 756 760 cogitant;,
770 677 825 761 qui
847 674 974 739 domum
997 684 1110 757 negant
1131 673 1309 757 oportuisse
1330 694 1381 737 me
1403 673 1489 739 aedi-

144 771 279 846 slicare,
302 771 438 835 vendere
459 770 546 834 aiunt
567 771 755 855 oportuisse.
800 768 862 833 Sed
883 767 960 854 quid
981 766 1020 832 ad
1042 767 1124 832 hocl
1154 767 1203 842 si,
1231 767 1345 853 quibus
1366 779 1489 833 senten·

166 867 218 931 tiis
239 866 321 940 dixi,
350 862 436 952 quod
458 871 489 927 et
510 863 570 948 ipsi
592 861 776 948 probarent,
798 860 902 927 laetati
923 870 996 926 sunt
1016 871 1119 926 tamen
1142 882 1192 925 me
1214 870 1323 925 contra
1344 861 1488 945 Pompeii

165 958 355 1024 voluntatem
377 956 518 1022 dixisset
552 956 646 1022 Finis.
690 954 752 1020 Sed
774 955 938 1041 quoniam,
961 955 1016 1042 qui
1037 955 1113 1020 nihil
1134 963 1282 1041 possunt,
1315 954 1336 1018 ii
1359 976 1409 1018 me
1432 976 1488 1020 no-

165 1052 233 1117 lunt
247 1072 362 1126 amare,
379 1050 489 1123 demus
511 1069 651 1135 operam,
673 1058 709 1114 ut
729 1048 769 1114 ab
791 1050 839 1123 iis,
862 1048 916 1134 qui
934 1058 1081 1135 possunt,
1105 1048 1281 1132 diligamur.
1324 1053 1354 1112 3.
1376 1049 1485 1113 Dices:

164 1144 277 1209 vellem
304 1143 500 1230 iampridem.
544 1143 616 1208 Scio
643 1152 673 1207 te
699 1142 852 1218 voluisse,
885 1152 917 1207 et
944 1164 994 1208 me
1023 1143 1144 1208 asinum
1173 1162 1356 1226 germanum
1377 1142 1486 1215 luisse.

51 1272 53 1274 ·
128 1262 155 1302 n
165 1237 227 1304 Sed
249 1238 311 1303 iam
333 1247 454 1323 tempus
476 1246 523 1303 est
544 1257 595 1301 me
616 1236 719 1322 ipsum
741 1257 759 1301 a
781 1257 832 1301 me
853 1237 968 1311 amari.
991 1235 1116 1323 quando
1137 1236 1176 1301 ab
1198 1235 1259 1301 illis
1281 1235 1368 1300 nullo
1389 1234 1486 1300 modo

163 1353 303 1420 possum.
357 1336 493 1397 Domum
521 1351 623 1394 meam
651 1329 737 1417 quod
764 1329 879 1396 crebro
911 1331 1036 1404 invisis,
1073 1339 1121 1395 est
1142 1329 1219 1396 milri
1240 1328 1330 1393 valde
1352 1336 1485 1413 gratum.

163 1427 318 1493 viaticum
340 1424 498 1511 Crassipes
516 1422 678 1510 praeripit
721 1423 829 1489 Tude
851 1423 900 1490 via
923 1433 1008 1489 recta
1029 1427 1063 1488 in
1084 1423 1204 1489 hortos.
1247 1421 1380 1489 Videtur
1401 1443 1486 1486 corn-

162 1518 288 1586 modius
309 1519 349 1584 ad
371 1529 416 1585 te:
438 1516 589 1604 postridie
611 1517 741 1595 scilicet;
764 1517 840 1604 quid
861 1518 943 1583 enim
965 1524 1040 1583 tuat
1062 1516 1125 1583 Sed
1145 1515 1327 1581 viderimus.
1369 1514 1486 1580 Biblio-

162 1611 285 1681 thccam
306 1610 384 1677 mili
406 1611 451 1677 tui
471 1611 642 1697 pinxerunt
663 1610 897 1677 constructione
919 1620 950 1676 et
970 1609 1099 1699 sillybis.
1141 1614 1205 1677 Eos
1226 1610 1321 1676 velim
1344 1608 1462 1675 laudes.

127 1786 153 1826 a
642 1769 1003 1851 macoma

639 1892 781 1957 cronno
803 1893 947 1957 nrnco
970 1895 1002 1956 s,

247 2019 276 2080 1.
296 2019 343 2080 Ile
371 2012 503 2078 Lentulo
533 2011 650 2077 scilicet
676 2013 721 2077 sic
747 2010 831 2085 sero,
868 2020 904 2077 ut
930 2010 1042 2076 debeo.
1092 2011 1203 2077 Virum
1225 2010 1343 2078 bonum
1367 2024 1398 2080 et
1418 2035 1485 2080 ma-

160 2129 255 2195 gnum
277 2106 435 2173 hominem
467 2116 497 2170 et
524 2105 558 2170 in
580 2125 700 2170 summa
726 2104 939 2189 magnitudine
961 2103 1057 2169 animi
1078 2104 1174 2169 multa
1196 2105 1385 2174 humanitate
1407 2118 1484 2174 tem·

160 2210 303 2288 peratum
330 2199 542 2286 perdidimus;
579 2219 699 2285 nosque
730 2198 813 2262 malo
834 2197 946 2262 solatio
968 2197 1024 2263 sed
1044 2199 1195 2263 nonnullo
1217 2208 1321 2264 tamen
1343 2203 1484 2267 consola-

122 2317 247 2374 „mnr,
285 2294 371 2381 quod
399 2293 497 2379 ipsius
524 2296 626 2358 vicem
655 2291 783 2356 minim
810 2290 973 2366 dolemus,
1000 2312 1063 2355 non
1089 2300 1125 2356 ut
1149 2291 1292 2358 Saufeius
1314 2303 1345 2358 et
1366 2296 1482 2374 vestri;

159 2390 256 2455 immo
285 2387 413 2453 hercule
442 2386 516 2473 quia
545 2385 590 2450 sic
618 2383 741 2450 amabat
763 2384 912 2469 patriam,
948 2392 984 2449 ut
1004 2383 1082 2448 mihi
1103 2384 1209 2471 aliquo
1231 2385 1365 2453 deorum
1386 2388 1483 2454 bene·

158 2481 231 2548 licio
252 2480 397 2546 videatur
427 2501 468 2546 ex
496 2478 565 2544 eius
585 2476 730 2543 incendio
752 2498 822 2542 esse
844 2487 980 2563 ereptus.
1034 2482 1111 2542 Nam
1133 2477 1209 2564 quid
1230 2478 1353 2546 foedius
1375 2493 1482 2548 nostra

159 2577 237 2652 vita,
259 2576 428 2663 praecipue
449 2579 541 2638 mea‘t
576 2577 654 2637 Nam
676 2580 710 2636 tu
731 2571 874 2657 quidem,
903 2571 961 2637 etsi
983 2592 1017 2638 es
1038 2581 1149 2637 natura
1171 2576 1349 2651 πολιτικός,
1379 2584 1482 2641 tamen

158 2668 274 2734 nullam
296 2667 392 2733 habes
413 2666 575 2752 propriam
596 2665 795 2731 servitutem:
818 2666 1015 2745 lcommuni
1045 2664 1153 2731 fueris.
1196 2672 1329 2733 Nonne't
1362 2671 1392 2732 2.
1415 2673 1481 2753 Ego

120 2783 254 2841 avere,
287 2761 361 2848 qui,
397 2760 423 2825 si
445 2758 620 2844 loquorde
642 2757 842 2844 republica,
872 2757 958 2843 quod
980 2768 1121 2843 oportet,
1150 2759 1292 2838 insanus;
1330 2762 1372 2836 si,
1395 2760 1481 2848 quod

158 2876 238 2942 opus
260 2864 323 2929 est,
354 2864 464 2919 servus
492 2852 670 2930 existim0r3
705 2852 730 2916 si
754 2860 859 2927 taceo,
883 2872 1052 2938 oppressus
1075 2863 1106 2917 et
1127 2864 1250 2940 captus;
1283 2876 1347 2940 quo
1370 2855 1481 2920 dolore

156 2939 226 3015 es'se
248 2948 371 3015 debeol
396 2950 467 3024 Quo
490 2967 558 3010 sum
581 2945 713 3019 scilicet,
750 2944 810 3009 hoc
832 2945 926 3009 etiam
947 2945 1089 3020 acriore,
1112 2948 1199 3034 quod
1221 2970 1259 3013 ne
1282 2948 1390 3014 dolere
1412 2949 1480 3035 qui-

156 3043 228 3108 dem
249 3063 393 3129 possum,
416 3049 534 3105 utnon
556 3043 696 3123 ingratus
717 3038 837 3103 videar.
881 3036 986 3116 Quidl
1009 3043 1035 3104 si
1058 3061 1180 3106 cessare
1202 3042 1297 3107 libeat
1318 3051 1350 3106 et
1369 3042 1401 3107 in
1423 3041 1480 3106 otii

155 3145 282 3223 portum
310 3135 504 3218 confugeret
547 3132 772 3218 Nequidquam.
815 3136 915 3197 immo
944 3132 1038 3197 etiam
1065 3134 1098 3199 in
1119 3133 1236 3201 bellum
1258 3145 1288 3201 et
1310 3142 1342 3202 in
1363 3140 1479 3201 castrat

118 3233 239 3314 atErgo
269 3228 387 3294 erimus
416 3231 554 3300 ὀπαδοί,
587 3226 642 3312 qui
680 3237 774 3309 ταγοὶ
807 3245 875 3291 esse
904 3225 1083 3292 noluimus?
1131 3230 1183 3295 Sic
1214 3229 1389 3296 laciendum
1422 3239 1479 3296 cst.

140 3322 225 3403 ‘Tibi
255 3321 339 3387 enim
356 3320 432 3407 ipsi
454 3356 493 3368 -
525 3319 576 3384 cui
596 3319 721 3405 ,utinam
744 3340 869 3406 semper
889 3320 1079 3406 paruisseml
1105 3359 1143 3372 -
1165 3328 1210 3388 sic
1231 3323 1325 3390 video
1347 3325 1480 3411 placere.

223 3544 249 3594 1.
280 3542 446 3594 Assocncr
469 3540 516 3598 Μ,
548 3534 712 3590 ἀποθεωσει
739 3540 772 3590 a.
804 3566 833 3578 -
871 3540 898 3589 2.
932 3548 961 3590 ut
986 3543 1135 3604 scripsimus
1159 3543 1292 3593 uberiores
1309 3544 1355 3595 ltl.
1385 3570 1417 3580 -
1447 3544 1480 3595 'lt

152 3614 250 3667 Mltlll.
272 3637 302 3648 -
321 3614 487 3675 mbripenrur
504 3609 551 3666 Μ,
576 3609 748 3674 subrepentes·
766 3610 788 3658 l.
809 3633 842 3648 -
869 3606 897 3659 li.
917 3625 936 3660 o
956 3612 1041 3662 Vettio
1057 3625 1097 3661 me
1115 3613 1203 3664 aarum
1221 3627 1282 3663 cum
1305 3614 1346 3663 YZ
1367 3614 1477 3664 Bosiucz

152 3700 170 3735 o
199 3685 281 3734 Vettio
305 3685 393 3733 enatare
420 3694 482 3730 cnm
507 3678 620 3740 Maleap.
649 3680 733 3728 Codd.
761 3680 797 3738 E,
825 3687 872 3730 cut
891 3683 969 3730 etlam
992 3683 1081 3730 eantare
1098 3682 1171 3731 Mul.
1192 3707 1225 3720 -
1259 3697 1299 3732 mc
1317 3698 1372 3733 om.
1392 3685 1424 3734 R.
1446 3708 1477 3720 -

151 3755 179 3805 5.
199 3750 238 3816 St]
256 3754 299 3802 aad
319 3751 391 3803 Mill.
413 3749 586 3810 (Emendavit
604 3746 694 3809 Pius.)
715 3773 745 3784 -
782 3750 808 3798 ’1.
828 3749 903 3798 Finis
922 3749 1004 3814 (quod
1023 3750 1109 3800 estin
1129 3752 1194 3802 Cdd.
1214 3753 1287 3802 Boaii
1306 3760 1332 3803 et
1348 3753 1402 3810 Ml)
1421 3766 1477 3803 om.

151 3815 218 3875 ll'et
236 3822 413 3880 Schuetzius,
432 3823 492 3885 patr
508 3821 543 3868 sit
562 3817 705 3868 Graevius.
725 3842 756 3854 -
793 3816 928 3882 quonium]
947 3822 1052 3884 quondo
1071 3820 1093 3870 l.
1112 3846 1147 3855 -
1182 3823 1209 3871 lt
1226 3823 1320 3874 nolum
1340 3823 1406 3887 (om.
1425 3821 1478 3883 me)

151 3895 227 3946 1.-
262 3894 289 3943 9.
315 3905 355 3942 me
381 3897 423 3940 art
447 3903 509 3938 natm
538 3902 628 3951 peram
654 3902 770 3937 manum.
797 3889 888 3951 [curet
906 3891 960 3939 iem
978 3891 1020 3951 M,
1050 3905 1099 3941 me.
1136 3892 1184 3942 Ast
1200 3895 1353 3958 nupiperam
1369 3907 1478 3943 monum

149 3965 236 4028 soleae
275 3964 333 4013 lom
351 3962 387 4020 ll,
405 3973 455 4010 mc.
492 3959 539 4008 Art
556 3971 620 4006 num
637 3971 727 4021 peram
744 3959 873 4007 monum?
898 3961 996 4024 subael.
1034 3961 1092 4009 lom
1116 3961 1138 4010 1.
1176 3962 1366 4018 (Emendatum
1384 3970 1426 4014 est
1445 3976 1477 4013 ex

150 4035 193 4090 Υ.)
214 4059 245 4069 -
282 4032 327 4082 ta.
349 4027 397 4093 Tu}
420 4029 505 4077 Tullia
524 4026 692 4076 Schuetzius·
714 4052 743 4063 -
781 4029 948 4078 commodius.
984 4030 1024 4079 Ad
1043 4037 1067 4081 te
1083 4033 1213 4093 postridie
1232 4034 1263 4082 n.
1285 4060 1313 4070 -
1352 4034 1396 4084 tc.
1417 4047 1478 4083 con-

149 4099 300 4165 remotione]
321 4101 388 4152 Cum
407 4098 574 4159 llerzbergto
594 4097 685 4145 malim
704 4099 895 4148 contrictione.
933 4098 987 4149 Clr.
1007 4100 1078 4150 Plin.
1101 4102 1147 4161 13,
1166 4102 1210 4152 26.
1230 4101 1346 4154 Martial.
1367 4103 1411 4164 14,
1430 4104 1475 4153 37.

149 4173 200 4224 οι.
233 4199 264 4208 -
300 4171 398 4235 sillybis
416 4168 531 4219 Graevio
551 4172 664 4216 auctore
682 4165 853 4217 Schuetzius:
872 4171 906 4217 rit
926 4169 993 4232 tybla
1012 4170 1118 4232 pem,
1144 4173 1247 4236 sillybis
1267 4173 1326 4232 ΜΕ,
1346 4176 1369 4222 ri
1386 4173 1477 4223 acribia

148 4243 207 4293 let
225 4256 295 4292 corr.
315 4242 361 4300 M,
391 4241 428 4288 rte
454 4246 482 4288 tu
508 4236 579 4287 iubes
597 4237 630 4286 u.
652 4262 680 4273 -
720 4236 762 4285 ta.
781 4235 919 4300 nonnullo]
938 4253 992 4288 non
1009 4240 1093 4290 multo
1110 4240 1184 4291 Mlti.
1222 4241 1416 4304 (Emendatum
1435 4248 1478 4293 est

52 4336 54 4344 ν
147 4327 178 4363 cx
206 4312 271 4364 Cod.
299 4307 443 4372 Memmii.)
463 4332 496 4343 -
531 4307 575 4355 20·
602 4307 695 4355 varra
720 4304 782 4365 Ml,
806 4310 905 4357 nostris
923 4310 953 4357 lt.
977 4332 1005 4343 -
1043 4309 1088 4359 21.
1107 4312 1187 4360 immo
1205 4311 1317 4376 laculo]
1335 4313 1477 4364 mehercule

146 4383 222 4434 Mlti.
260 4380 450 4441 (Emendatum
482 4391 513 4428 er
539 4376 584 4430 Y.)
615 4402 647 4412 -
682 4376 747 4424 mill
763 4377 865 4441 aliquid
882 4391 971 4428 corum
989 4379 1011 4427 B
1029 4384 1056 4428 et
1074 4394 1115 4442 pr.
1135 4381 1181 4438 M,
1212 4383 1277 4432 mill
1295 4397 1384 4434 eorum
1402 4395 1475 4433 corr.

146 4451 186 4502 M.
218 4475 249 4488 -
285 4451 329 4501 22.
359 4455 474 4512 ereptum
501 4446 533 4496 ll.
554 4465 587 4480 -
622 4445 665 4496 Sl.
683 4448 897 4508 proprlnmom.
917 4448 939 4497 1.
959 4473 988 4484 -
1026 4450 1150 4499 virtutem
1169 4450 1243 4500 Mltl.
1282 4448 1477 4514 (Emendatam

145 4537 176 4573 ex
197 4536 252 4585 mg.
273 4520 435 4572 Cratandri.t
452 4541 480 4552 -
511 4518 639 4566 communi
656 4517 746 4580 parte
767 4517 874 4566 Nonne?
894 4517 962 4567 Mil:
983 4521 1221 4584 commentaturus
1238 4525 1346 4573 nonne?
1365 4524 1388 4582 l,
1408 4538 1476 4573 com·

144 4595 217 4644 muni
228 4593 323 4655 [meria
334 4591 437 4639 nominc
448 4592 559 4637 auctore
569 4585 616 4635 Pio
627 4586 658 4635 Ε.
673 4610 702 4624 ·-
723 4585 767 4636 27.
786 4587 855 4651 quod
866 4587 953 4637 dolare
963 4587 985 4637 a
997 4594 1024 4637 et
1038 4603 1079 4653 pr.
1095 4587 1134 4649 M,
1152 4593 1223 4655 quod
1241 4593 1332 4643 dolore
1350 4592 1372 4642 1.
1392 4590 1476 4656 (quod

144 4678 176 4713 ne
192 4656 278 4712 dolere
296 4674 365 4710 corr.
386 4656 436 4719 M.)
470 4681 498 4692 -
547 4654 590 4705 28.
610 4670 665 4705 non
687 4657 717 4704 ln
741 4662 766 4705 tc
783 4658 905 4720 tnprotur
923 4658 959 4707 ltl
978 4663 1005 4708 et
1023 4672 1063 4720 pr.
1083 4661 1122 4710 Μ.
1151 4685 1183 4694 -
1221 4662 1282 4713 libet
1301 4663 1338 4713 ltl
1356 4668 1384 4713 et
1402 4677 1474 4714 corr.

145 4734 182 4785 Μ,
201 4725 234 4769 ’.-
252 4732 296 4782 ⁴29.
317 4728 453 4795 eonplc'pcre
470 4727 493 4778 l.
513 4748 544 4762 -
567 4727 649 4776 Immo
667 4739 722 4775 om.
743 4725 774 4776 ll.
796 4750 826 4763 -
853 4727 896 4777 30.
916 4722 1034 4791 ὀπαδοί]
1053 4728 1165 4780 ΟΠΛΟΙ
1180 4731 1229 4792 M,
1249 4731 1367 4784 οπλιται
1380 4733 1420 4782 ll.
1443 4759 1473 4771 -

145 4799 241 4870 ταγοὶ]
261 4799 369 4853 Tarta
391 4797 432 4859 Μ,
465 4797 551 4862 topotl
575 4796 607 4846 u.
631 4817 665 4832 -
699 4795 830 4847 voluimus
853 4797 886 4848 R.
918 4821 949 4833 -
987 4799 1185 4863 [ostendenti.
1212 4827 1247 4836 —
1282 4803 1326 4853 31.
1351 4800 1404 4867 cul]
1426 4805 1473 4868 pol
1556 4862 1597 4906 a

145 4888 185 4936 pr.
205 4873 242 4924 M·
