<?xml version="1.0" encoding="UTF-8"?>
<!DOCTYPE html PUBLIC "-//W3C//DTD XHTML 1.0 Transitional//EN"
    "http://www.w3.org/TR/xhtml1/DTD/xhtml1-transitional.dtd">
<html xmlns="http://www.w3.org/1999/xhtml" xml:lang="en" lang="en">
 <head>
  <title>
</title>
<meta http-equiv="Content-Type" content="text/html;charset=utf-8" />
  <meta name='ocr-system' content='tesseract 3.04.00' />
  <meta name='ocr-capabilities' content='ocr_page ocr_carea ocr_par ocr_line ocrx_word'/>
</head>
<body>
  <div class='ocr_page' id='page_1' title='image "./operaquaesupers06halmgoog_0126.png"; bbox 0 0 3256 5400; ppageno 0'>
   <div class='ocr_carea' id='block_1_1' title="bbox 177 229 1070 296">
    <p class='ocr_par' dir='ltr' id='par_1_1' title="bbox 177 229 1070 296">
     <span class='ocr_line' id='line_1_1' title="bbox 177 229 1070 296; baseline -0.003 0"><span class='ocrx_word' id='word_1_1' title='bbox 177 237 217 296; x_wconf 79' lang='lat'><strong>56</strong></span> <span class='ocrx_word' id='word_1_2' title='bbox 609 229 885 293; x_wconf 74' lang='lat' dir='ltr'><strong>El‘lSTOLAthl</strong></span> <span class='ocrx_word' id='word_1_3' title='bbox 906 230 958 292; x_wconf 78' lang='lat' dir='ltr'><strong>AD</strong></span> <span class='ocrx_word' id='word_1_4' title='bbox 979 230 1070 294; x_wconf 75' lang='grc' dir='ltr'><strong>ΕΔΜ.</strong></span> 
     </span>
    </p>
   </div>
   <div class='ocr_carea' id='block_1_2' title="bbox 140 383 1503 1877">
    <p class='ocr_par' dir='ltr' id='par_1_2' title="bbox 175 383 1500 753">
     <span class='ocr_line' id='line_1_2' title="bbox 175 383 1498 474; baseline 0 -21"><span class='ocrx_word' id='word_1_5' title='bbox 175 388 308 454; x_wconf 90' lang='lat' dir='ltr'><strong>fortasse</strong></span> <span class='ocrx_word' id='word_1_6' title='bbox 336 386 543 452; x_wconf 68' lang='lat' dir='ltr'><strong>arbitraretur</strong></span> <span class='ocrx_word' id='word_1_7' title='bbox 570 406 621 448; x_wconf 89' lang='lat' dir='ltr'><strong>me</strong></span> <span class='ocrx_word' id='word_1_8' title='bbox 650 383 729 448; x_wconf 87' lang='lat' dir='ltr'><strong>hanc</strong></span> <span class='ocrx_word' id='word_1_9' title='bbox 757 407 825 449; x_wconf 89' lang='lat' dir='ltr'><strong>rem</strong></span> <span class='ocrx_word' id='word_1_10' title='bbox 853 384 1008 470; x_wconf 76' lang='lat' dir='ltr'><strong>publicam</strong></span> <span class='ocrx_word' id='word_1_11' title='bbox 1038 408 1101 451; x_wconf 91' lang='lat' dir='ltr'><strong>non</strong></span> <span class='ocrx_word' id='word_1_12' title='bbox 1129 396 1255 472; x_wconf 86' lang='lat' dir='ltr'><strong>putare,</strong></span> <span class='ocrx_word' id='word_1_13' title='bbox 1289 388 1315 454; x_wconf 89' lang='lat' dir='ltr'><strong>si</strong></span> <span class='ocrx_word' id='word_1_14' title='bbox 1344 397 1498 474; x_wconf 84' lang='lat' dir='ltr'><strong>perpetuo</strong></span> 
     </span>
     <span class='ocr_line' id='line_1_3' title="bbox 176 478 1500 553; baseline 0 -6"><span class='ocrx_word' id='word_1_15' title='bbox 176 492 327 547; x_wconf 90' lang='lat' dir='ltr'><strong>tacerem:</strong></span> <span class='ocrx_word' id='word_1_16' title='bbox 356 480 478 545; x_wconf 88' lang='lat' dir='ltr'><strong>modice</strong></span> <span class='ocrx_word' id='word_1_17' title='bbox 501 478 560 542; x_wconf 90' lang='lat' dir='ltr'><strong>hoc</strong></span> <span class='ocrx_word' id='word_1_18' title='bbox 582 478 692 543; x_wconf 88' lang='lat' dir='ltr'><strong>faciam</strong></span> <span class='ocrx_word' id='word_1_19' title='bbox 714 479 883 543; x_wconf 90' lang='lat' dir='ltr'><strong>autetiam</strong></span> <span class='ocrx_word' id='word_1_20' title='bbox 905 481 986 545; x_wconf 88' lang='lat' dir='ltr'><strong>iutra</strong></span> <span class='ocrx_word' id='word_1_21' title='bbox 1008 479 1152 553; x_wconf 90' lang='lat' dir='ltr'><strong>modum,</strong></span> <span class='ocrx_word' id='word_1_22' title='bbox 1175 491 1210 546; x_wconf 90' lang='grc' dir='ltr'><strong>ιιι</strong></span> <span class='ocrx_word' id='word_1_23' title='bbox 1231 489 1263 545; x_wconf 92' lang='lat' dir='ltr'><strong>et</strong></span> <span class='ocrx_word' id='word_1_24' title='bbox 1283 481 1367 547; x_wconf 89' lang='lat' dir='ltr'><strong>illins</strong></span> <span class='ocrx_word' id='word_1_25' title='bbox 1390 482 1500 547; x_wconf 91' lang='lat' dir='ltr'><strong>volun-</strong></span> 
     </span>
     <span class='ocr_line' id='line_1_4' title="bbox 175 572 1500 659; baseline 0 -18"><span class='ocrx_word' id='word_1_26' title='bbox 175 577 230 642; x_wconf 91' lang='lat' dir='ltr'><strong>tati</strong></span> <span class='ocrx_word' id='word_1_27' title='bbox 251 584 283 641; x_wconf 93' lang='lat' dir='ltr'><strong>et</strong></span> <span class='ocrx_word' id='word_1_28' title='bbox 303 576 381 639; x_wconf 85' lang='lat' dir='ltr'><strong>meis</strong></span> <span class='ocrx_word' id='word_1_29' title='bbox 403 572 513 638; x_wconf 91' lang='lat' dir='ltr'><strong>studiis</strong></span> <span class='ocrx_word' id='word_1_30' title='bbox 534 572 679 636; x_wconf 81' lang='lat' dir='ltr'><strong>serviam.</strong></span> <span class='ocrx_word' id='word_1_31' title='bbox 722 577 815 646; x_wconf 82' lang='lat' dir='ltr'><strong>Nam,</strong></span> <span class='ocrx_word' id='word_1_32' title='bbox 838 573 897 638; x_wconf 89' lang='lat' dir='ltr'><strong>etsi</strong></span> <span class='ocrx_word' id='word_1_33' title='bbox 919 594 937 637; x_wconf 90' lang='lat' dir='ltr'><strong>a</strong></span> <span class='ocrx_word' id='word_1_34' title='bbox 959 573 1061 659; x_wconf 88' lang='lat' dir='ltr'><strong>prima</strong></span> <span class='ocrx_word' id='word_1_35' title='bbox 1082 583 1181 638; x_wconf 88' lang='lat' dir='ltr'><strong>aetate</strong></span> <span class='ocrx_word' id='word_1_36' title='bbox 1203 595 1253 640; x_wconf 92' lang='lat' dir='ltr'><strong>me</strong></span> <span class='ocrx_word' id='word_1_37' title='bbox 1275 575 1378 640; x_wconf 91' lang='lat' dir='ltr'><strong>omnis</strong></span> <span class='ocrx_word' id='word_1_38' title='bbox 1397 597 1449 640; x_wconf 90' lang='lat' dir='ltr'><strong>ars</strong></span> <span class='ocrx_word' id='word_1_39' title='bbox 1469 586 1500 640; x_wconf 90' lang='lat' dir='ltr'><strong>et</strong></span> 
     </span>
     <span class='ocr_line' id='line_1_5' title="bbox 175 665 1499 753; baseline -0.002 -16"><span class='ocrx_word' id='word_1_40' title='bbox 175 668 317 737; x_wconf 91' lang='lat' dir='ltr'><strong>doctrina</strong></span> <span class='ocrx_word' id='word_1_41' title='bbox 338 665 476 732; x_wconf 88' lang='lat' dir='ltr'><strong>liberalis</strong></span> <span class='ocrx_word' id='word_1_42' title='bbox 497 675 530 731; x_wconf 93' lang='lat' dir='ltr'><strong>et</strong></span> <span class='ocrx_word' id='word_1_43' title='bbox 554 665 690 731; x_wconf 83' lang='lat' dir='ltr'><strong>maxime</strong></span> <span class='ocrx_word' id='word_1_44' title='bbox 717 665 916 753; x_wconf 76' lang='lat' dir='ltr'><strong>philosophia</strong></span> <span class='ocrx_word' id='word_1_45' title='bbox 937 666 1118 743; x_wconf 90' lang='lat' dir='ltr'><strong>delectavit,</strong></span> <span class='ocrx_word' id='word_1_46' title='bbox 1154 676 1257 733; x_wconf 86' lang='lat' dir='ltr'><strong>tamen</strong></span> <span class='ocrx_word' id='word_1_47' title='bbox 1280 668 1342 735; x_wconf 86' lang='lat' dir='ltr'><strong>hoe</strong></span> <span class='ocrx_word' id='word_1_48' title='bbox 1362 669 1499 735; x_wconf 91' lang='lat' dir='ltr'><strong>studium</strong></span> 
     </span>
    </p>

    <p class='ocr_par' dir='ltr' id='par_1_3' title="bbox 151 759 1500 1223">
     <span class='ocr_line' id='line_1_6' title="bbox 151 759 1499 850; baseline 0.001 -22"><span class='ocrx_word' id='word_1_49' title='bbox 151 761 315 850; x_wconf 80' lang='lat' dir='ltr'><strong>aquotidie</strong></span> <span class='ocrx_word' id='word_1_50' title='bbox 336 760 540 846; x_wconf 76' lang='lat' dir='ltr'><strong>ingravescit,</strong></span> <span class='ocrx_word' id='word_1_51' title='bbox 569 759 666 827; x_wconf 93' lang='lat' dir='ltr'><strong>credo</strong></span> <span class='ocrx_word' id='word_1_52' title='bbox 697 770 729 825; x_wconf 94' lang='lat' dir='ltr'><strong>et</strong></span> <span class='ocrx_word' id='word_1_53' title='bbox 757 762 866 850; x_wconf 77' lang='lat' dir='ltr'><strong>aetatis</strong></span> <span class='ocrx_word' id='word_1_54' title='bbox 894 762 1073 828; x_wconf 88' lang='lat' dir='ltr'><strong>maturitate</strong></span> <span class='ocrx_word' id='word_1_55' title='bbox 1100 762 1140 826; x_wconf 90' lang='lat' dir='ltr'><strong>ad</strong></span> <span class='ocrx_word' id='word_1_56' title='bbox 1169 762 1367 848; x_wconf 82' lang='lat' dir='ltr'><strong>prudentiam</strong></span> <span class='ocrx_word' id='word_1_57' title='bbox 1398 771 1431 829; x_wconf 91' lang='lat' dir='ltr'><strong>et</strong></span> <span class='ocrx_word' id='word_1_58' title='bbox 1450 763 1499 830; x_wconf 85' lang='lat' dir='ltr'><strong>his</strong></span> 
     </span>
     <span class='ocr_line' id='line_1_7' title="bbox 175 853 1499 942; baseline 0.001 -20"><span class='ocrx_word' id='word_1_59' title='bbox 175 865 352 942; x_wconf 87' lang='lat' dir='ltr'><strong>temporum</strong></span> <span class='ocrx_word' id='word_1_60' title='bbox 373 854 472 929; x_wconf 91' lang='lat' dir='ltr'><strong>vitiis,</strong></span> <span class='ocrx_word' id='word_1_61' title='bbox 492 863 529 920; x_wconf 91' lang='lat' dir='ltr'><strong>ut</strong></span> <span class='ocrx_word' id='word_1_62' title='bbox 549 853 633 919; x_wconf 90' lang='lat' dir='ltr'><strong>nulla</strong></span> <span class='ocrx_word' id='word_1_63' title='bbox 655 876 706 920; x_wconf 89' lang='lat' dir='ltr'><strong>res</strong></span> <span class='ocrx_word' id='word_1_64' title='bbox 727 854 786 919; x_wconf 90' lang='lat' dir='ltr'><strong>alia</strong></span> <span class='ocrx_word' id='word_1_65' title='bbox 807 856 913 920; x_wconf 87' lang='lat' dir='ltr'><strong>levare</strong></span> <span class='ocrx_word' id='word_1_66' title='bbox 935 856 1073 921; x_wconf 92' lang='lat' dir='ltr'><strong>animum</strong></span> <span class='ocrx_word' id='word_1_67' title='bbox 1096 855 1249 921; x_wconf 90' lang='lat' dir='ltr'><strong>molestiis</strong></span> <span class='ocrx_word' id='word_1_68' title='bbox 1267 857 1376 942; x_wconf 83' lang='lat' dir='ltr'><strong>possit</strong></span> <span class='ocrx_word' id='word_1_69' title='bbox 1421 861 1499 924; x_wconf 82' lang='grc' dir='ltr'><strong>5.Α</strong></span> 
     </span>
     <span class='ocr_line' id='line_1_8' title="bbox 174 947 1500 1038; baseline 0.001 -22"><span class='ocrx_word' id='word_1_70' title='bbox 174 949 364 1038; x_wconf 80' lang='lat' dir='ltr'><strong>qno&#39;studio</strong></span> <span class='ocrx_word' id='word_1_71' title='bbox 385 957 416 1013; x_wconf 90' lang='lat' dir='ltr'><strong>te</strong></span> <span class='ocrx_word' id='word_1_72' title='bbox 438 947 552 1014; x_wconf 89' lang='lat' dir='ltr'><strong>abduci</strong></span> <span class='ocrx_word' id='word_1_73' title='bbox 574 947 706 1032; x_wconf 88' lang='lat' dir='ltr'><strong>negotiis</strong></span> <span class='ocrx_word' id='word_1_74' title='bbox 728 948 867 1034; x_wconf 81' lang='lat' dir='ltr'><strong>intelligo</strong></span> <span class='ocrx_word' id='word_1_75' title='bbox 889 969 930 1015; x_wconf 83' lang='lat' dir='ltr'><strong>ex</strong></span> <span class='ocrx_word' id='word_1_76' title='bbox 952 950 1014 1015; x_wconf 88' lang='lat' dir='ltr'><strong>tuis</strong></span> <span class='ocrx_word' id='word_1_77' title='bbox 1028 949 1156 1027; x_wconf 89' lang='lat' dir='ltr'><strong>litteris;</strong></span> <span class='ocrx_word' id='word_1_78' title='bbox 1179 949 1235 1016; x_wconf 89' lang='lat' dir='ltr'><strong>sed</strong></span> <span class='ocrx_word' id='word_1_79' title='bbox 1257 959 1361 1015; x_wconf 87' lang='lat' dir='ltr'><strong>tamen</strong></span> <span class='ocrx_word' id='word_1_80' title='bbox 1381 949 1500 1037; x_wconf 89' lang='lat' dir='ltr'><strong>aliquid</strong></span> 
     </span>
     <span class='ocr_line' id='line_1_9' title="bbox 174 1041 1499 1130; baseline 0.002 -21"><span class='ocrx_word' id='word_1_81' title='bbox 174 1043 237 1110; x_wconf 90' lang='lat' dir='ltr'><strong>iam</strong></span> <span class='ocrx_word' id='word_1_82' title='bbox 258 1053 366 1109; x_wconf 90' lang='lat' dir='ltr'><strong>noctes</strong></span> <span class='ocrx_word' id='word_1_83' title='bbox 399 1052 429 1108; x_wconf 90' lang='lat' dir='ltr'><strong>te</strong></span> <span class='ocrx_word' id='word_1_84' title='bbox 460 1041 661 1108; x_wconf 86' lang='lat' dir='ltr'><strong>adiuvabant.</strong></span> <span class='ocrx_word' id='word_1_85' title='bbox 719 1042 847 1108; x_wconf 87' lang='lat' dir='ltr'><strong>Servius</strong></span> <span class='ocrx_word' id='word_1_86' title='bbox 875 1052 946 1108; x_wconf 92' lang='lat' dir='ltr'><strong>tuus</strong></span> <span class='ocrx_word' id='word_1_87' title='bbox 976 1042 1027 1109; x_wconf 88' lang='lat' dir='ltr'><strong>vel</strong></span> <span class='ocrx_word' id='word_1_88' title='bbox 1048 1044 1153 1130; x_wconf 90' lang='lat' dir='ltr'><strong>potius</strong></span> <span class='ocrx_word' id='word_1_89' title='bbox 1176 1054 1284 1109; x_wconf 90' lang='lat' dir='ltr'><strong>noster</strong></span> <span class='ocrx_word' id='word_1_90' title='bbox 1306 1065 1429 1110; x_wconf 91' lang='lat' dir='ltr'><strong>summa</strong></span> <span class='ocrx_word' id='word_1_91' title='bbox 1449 1068 1499 1112; x_wconf 89' lang='lat' dir='ltr'><strong>me</strong></span> 
     </span>
     <span class='ocr_line' id='line_1_10' title="bbox 174 1134 1500 1223; baseline 0.002 -20"><span class='ocrx_word' id='word_1_92' title='bbox 174 1137 373 1203; x_wconf 88' lang='lat' dir='ltr'><strong>observantia</strong></span> <span class='ocrx_word' id='word_1_93' title='bbox 394 1136 484 1201; x_wconf 87' lang='lat' dir='ltr'><strong>colit:</strong></span> <span class='ocrx_word' id='word_1_94' title='bbox 506 1137 596 1201; x_wconf 92' lang='lat' dir='ltr'><strong>cuius</strong></span> <span class='ocrx_word' id='word_1_95' title='bbox 617 1156 676 1220; x_wconf 89' lang='lat' dir='ltr'><strong>ego</strong></span> <span class='ocrx_word' id='word_1_96' title='bbox 699 1156 770 1200; x_wconf 90' lang='lat' dir='ltr'><strong>cum</strong></span> <span class='ocrx_word' id='word_1_97' title='bbox 792 1136 877 1201; x_wconf 93' lang='lat' dir='ltr'><strong>omui</strong></span> <span class='ocrx_word' id='word_1_98' title='bbox 900 1134 1056 1222; x_wconf 85' lang='lat' dir='ltr'><strong>probitate</strong></span> <span class='ocrx_word' id='word_1_99' title='bbox 1078 1158 1262 1223; x_wconf 87' lang='lat' dir='ltr'><strong>summaque</strong></span> <span class='ocrx_word' id='word_1_100' title='bbox 1285 1139 1411 1213; x_wconf 88' lang='lat' dir='ltr'><strong>virtute,</strong></span> <span class='ocrx_word' id='word_1_101' title='bbox 1434 1149 1500 1205; x_wconf 90' lang='lat' dir='ltr'><strong>tum</strong></span> 
     </span>
    </p>

    <p class='ocr_par' dir='ltr' id='par_1_4' title="bbox 140 1228 1503 1691">
     <span class='ocr_line' id='line_1_11' title="bbox 140 1228 1502 1317; baseline 0.003 -22"><span class='ocrx_word' id='word_1_102' title='bbox 140 1257 165 1296; x_wconf 86' lang='grc' dir='ltr'><strong>ιι</strong></span> <span class='ocrx_word' id='word_1_103' title='bbox 174 1231 285 1298; x_wconf 85' lang='lat' dir='ltr'><strong>studiis</strong></span> <span class='ocrx_word' id='word_1_104' title='bbox 307 1231 510 1316; x_wconf 88' lang='lat' dir='ltr'><strong>doctrinaque</strong></span> <span class='ocrx_word' id='word_1_105' title='bbox 533 1228 680 1294; x_wconf 90' lang='lat' dir='ltr'><strong>delector.</strong></span> <span class='ocrx_word' id='word_1_106' title='bbox 734 1232 763 1293; x_wconf 92' lang='lat' dir='ltr'><strong>ls</strong></span> <span class='ocrx_word' id='word_1_107' title='bbox 785 1250 909 1296; x_wconf 92' lang='lat' dir='ltr'><strong>mecum</strong></span> <span class='ocrx_word' id='word_1_108' title='bbox 930 1251 1023 1317; x_wconf 88' lang='lat' dir='ltr'><strong>saepe</strong></span> <span class='ocrx_word' id='word_1_109' title='bbox 1052 1230 1091 1295; x_wconf 89' lang='lat' dir='ltr'><strong>de</strong></span> <span class='ocrx_word' id='word_1_110' title='bbox 1114 1239 1166 1296; x_wconf 93' lang='lat' dir='ltr'><strong>tua</strong></span> <span class='ocrx_word' id='word_1_111' title='bbox 1188 1231 1351 1297; x_wconf 89' lang='lat' dir='ltr'><strong>mansione</strong></span> <span class='ocrx_word' id='word_1_112' title='bbox 1372 1242 1427 1299; x_wconf 90' lang='lat' dir='ltr'><strong>aut</strong></span> <span class='ocrx_word' id='word_1_113' title='bbox 1447 1231 1502 1299; x_wconf 88' lang='lat' dir='ltr'><strong>de-</strong></span> 
     </span>
     <span class='ocr_line' id='line_1_12' title="bbox 175 1321 1501 1400; baseline 0.002 -9"><span class='ocrx_word' id='word_1_114' title='bbox 175 1325 316 1391; x_wconf 86' lang='lat' dir='ltr'><strong>cessione</strong></span> <span class='ocrx_word' id='word_1_115' title='bbox 344 1322 562 1389; x_wconf 87' lang='lat' dir='ltr'><strong>commuaicat.</strong></span> <span class='ocrx_word' id='word_1_116' title='bbox 612 1321 721 1387; x_wconf 79' lang='lat' dir='ltr'><strong>Adhuc</strong></span> <span class='ocrx_word' id='word_1_117' title='bbox 750 1322 781 1387; x_wconf 91' lang='lat' dir='ltr'><strong>in</strong></span> <span class='ocrx_word' id='word_1_118' title='bbox 811 1322 867 1387; x_wconf 87' lang='lat' dir='ltr'><strong>hac</strong></span> <span class='ocrx_word' id='word_1_119' title='bbox 894 1345 964 1389; x_wconf 79' lang='lat' dir='ltr'><strong>saun</strong></span> <span class='ocrx_word' id='word_1_120' title='bbox 992 1325 1159 1400; x_wconf 90' lang='lat' dir='ltr'><strong>sententia,</strong></span> <span class='ocrx_word' id='word_1_121' title='bbox 1196 1324 1274 1389; x_wconf 92' lang='lat' dir='ltr'><strong>nihil</strong></span> <span class='ocrx_word' id='word_1_122' title='bbox 1294 1335 1330 1390; x_wconf 96' lang='lat' dir='ltr'><strong>ut</strong></span> <span class='ocrx_word' id='word_1_123' title='bbox 1351 1324 1501 1393; x_wconf 88' lang='lat' dir='ltr'><strong>faciamus</strong></span> 
     </span>
     <span class='ocr_line' id='line_1_13' title="bbox 175 1415 1503 1505; baseline 0.003 -22"><span class='ocrx_word' id='word_1_124' title='bbox 175 1419 235 1484; x_wconf 87' lang='lat' dir='ltr'><strong>nisi</strong></span> <span class='ocrx_word' id='word_1_125' title='bbox 256 1418 342 1505; x_wconf 92' lang='lat' dir='ltr'><strong>quod</strong></span> <span class='ocrx_word' id='word_1_126' title='bbox 363 1417 498 1482; x_wconf 78' lang='lat' dir='ltr'><strong>manime</strong></span> <span class='ocrx_word' id='word_1_127' title='bbox 513 1420 627 1482; x_wconf 85' lang='lat' dir='ltr'><strong>Caesar</strong></span> <span class='ocrx_word' id='word_1_128' title='bbox 647 1415 727 1481; x_wconf 91' lang='lat' dir='ltr'><strong>velle</strong></span> <span class='ocrx_word' id='word_1_129' title='bbox 751 1415 902 1485; x_wconf 89' lang='lat' dir='ltr'><strong>videatur.</strong></span> <span class='ocrx_word' id='word_1_130' title='bbox 946 1424 1008 1483; x_wconf 85' lang='lat' dir='ltr'><strong>Res</strong></span> <span class='ocrx_word' id='word_1_131' title='bbox 1029 1426 1101 1483; x_wconf 89' lang='lat' dir='ltr'><strong>sunt</strong></span> <span class='ocrx_word' id='word_1_132' title='bbox 1122 1416 1295 1493; x_wconf 89' lang='lat' dir='ltr'><strong>eiusmodi,</strong></span> <span class='ocrx_word' id='word_1_133' title='bbox 1316 1429 1368 1495; x_wconf 91' lang='lat' dir='ltr'><strong>ut,</strong></span> <span class='ocrx_word' id='word_1_134' title='bbox 1391 1420 1420 1484; x_wconf 88' lang='lat' dir='ltr'><strong>si</strong></span> <span class='ocrx_word' id='word_1_135' title='bbox 1440 1425 1503 1487; x_wconf 82' lang='lat' dir='ltr'><strong>Ro-</strong></span> 
     </span>
     <span class='ocr_line' id='line_1_14' title="bbox 176 1508 1503 1598; baseline 0.002 -21"><span class='ocrx_word' id='word_1_136' title='bbox 176 1533 245 1577; x_wconf 91' lang='lat' dir='ltr'><strong>mae</strong></span> <span class='ocrx_word' id='word_1_137' title='bbox 273 1512 330 1592; x_wconf 79' lang='lat' dir='ltr'><strong>sis,</strong></span> <span class='ocrx_word' id='word_1_138' title='bbox 358 1510 436 1576; x_wconf 91' lang='lat' dir='ltr'><strong>nihil</strong></span> <span class='ocrx_word' id='word_1_139' title='bbox 464 1508 517 1594; x_wconf 78' lang='lat' dir='ltr'><strong>[te]</strong></span> <span class='ocrx_word' id='word_1_140' title='bbox 553 1519 681 1596; x_wconf 91' lang='lat' dir='ltr'><strong>praeter</strong></span> <span class='ocrx_word' id='word_1_141' title='bbox 715 1518 785 1574; x_wconf 93' lang='lat' dir='ltr'><strong>tuos</strong></span> <span class='ocrx_word' id='word_1_142' title='bbox 814 1508 970 1576; x_wconf 85' lang='lat' dir='ltr'><strong>delectare</strong></span> <span class='ocrx_word' id='word_1_143' title='bbox 998 1511 1108 1598; x_wconf 80' lang='lat' dir='ltr'><strong>possit</strong></span> <span class='ocrx_word' id='word_1_144' title='bbox 1162 1517 1209 1577; x_wconf 88' lang='lat' dir='ltr'><strong>De</strong></span> <span class='ocrx_word' id='word_1_145' title='bbox 1236 1512 1390 1598; x_wconf 87' lang='lat' dir='ltr'><strong>reliquis,</strong></span> <span class='ocrx_word' id='word_1_146' title='bbox 1425 1512 1503 1579; x_wconf 86' lang='lat' dir='ltr'><strong>nihil</strong></span> 
     </span>
     <span class='ocr_line' id='line_1_15' title="bbox 176 1602 1503 1691; baseline 0.002 -22"><span class='ocrx_word' id='word_1_147' title='bbox 176 1605 288 1670; x_wconf 88' lang='lat' dir='ltr'><strong>melius</strong></span> <span class='ocrx_word' id='word_1_148' title='bbox 309 1605 378 1691; x_wconf 92' lang='lat' dir='ltr'><strong>ipso</strong></span> <span class='ocrx_word' id='word_1_149' title='bbox 401 1612 462 1681; x_wconf 88' lang='lat' dir='ltr'><strong>est;</strong></span> <span class='ocrx_word' id='word_1_150' title='bbox 494 1604 592 1669; x_wconf 89' lang='lat' dir='ltr'><strong>ceteri</strong></span> <span class='ocrx_word' id='word_1_151' title='bbox 614 1612 646 1668; x_wconf 92' lang='lat' dir='ltr'><strong>et</strong></span> <span class='ocrx_word' id='word_1_152' title='bbox 666 1611 770 1668; x_wconf 90' lang='lat' dir='ltr'><strong>cetera</strong></span> <span class='ocrx_word' id='word_1_153' title='bbox 791 1602 963 1679; x_wconf 90' lang='lat' dir='ltr'><strong>eiusmodi,</strong></span> <span class='ocrx_word' id='word_1_154' title='bbox 985 1614 1036 1678; x_wconf 92' lang='lat' dir='ltr'><strong>ut,</strong></span> <span class='ocrx_word' id='word_1_155' title='bbox 1058 1604 1085 1669; x_wconf 93' lang='lat' dir='ltr'><strong>si</strong></span> <span class='ocrx_word' id='word_1_156' title='bbox 1107 1604 1240 1669; x_wconf 89' lang='lat' dir='ltr'><strong>alterum</strong></span> <span class='ocrx_word' id='word_1_157' title='bbox 1254 1614 1503 1671; x_wconf 85' lang='lat' dir='ltr'><strong>utrumneoesse</strong></span> 
     </span>
    </p>

    <p class='ocr_par' dir='ltr' id='par_1_5' title="bbox 142 1696 1503 1877">
     <span class='ocr_line' id='line_1_16' title="bbox 142 1696 1503 1787; baseline -0.001 -22"><span class='ocrx_word' id='word_1_158' title='bbox 142 1725 167 1765; x_wconf 78' lang='lat' dir='ltr'><strong>ra</strong></span> <span class='ocrx_word' id='word_1_159' title='bbox 177 1699 231 1774; x_wconf 86' lang='lat' dir='ltr'><strong>sit,</strong></span> <span class='ocrx_word' id='word_1_160' title='bbox 253 1697 363 1762; x_wconf 92' lang='lat' dir='ltr'><strong>audire</strong></span> <span class='ocrx_word' id='word_1_161' title='bbox 385 1696 532 1763; x_wconf 83' lang='lat' dir='ltr'><strong>camelis</strong></span> <span class='ocrx_word' id='word_1_162' title='bbox 554 1718 649 1784; x_wconf 91' lang='lat' dir='ltr'><strong>quam</strong></span> <span class='ocrx_word' id='word_1_163' title='bbox 671 1696 790 1787; x_wconf 80' lang='lat' dir='ltr'><strong>videre.</strong></span> <span class='ocrx_word' id='word_1_164' title='bbox 833 1702 902 1763; x_wconf 87' lang='lat' dir='ltr'><strong>Hoc</strong></span> <span class='ocrx_word' id='word_1_165' title='bbox 923 1707 1066 1763; x_wconf 88' lang='lat' dir='ltr'><strong>nostrum</strong></span> <span class='ocrx_word' id='word_1_166' title='bbox 1087 1698 1255 1764; x_wconf 90' lang='lat' dir='ltr'><strong>consilium</strong></span> <span class='ocrx_word' id='word_1_167' title='bbox 1269 1697 1361 1764; x_wconf 91' lang='lat' dir='ltr'><strong>uobis</strong></span> <span class='ocrx_word' id='word_1_168' title='bbox 1373 1697 1503 1764; x_wconf 87' lang='lat' dir='ltr'><strong>minime</strong></span> 
     </span>
     <span class='ocr_line' id='line_1_17' title="bbox 176 1790 1254 1877; baseline 0.001 -20"><span class='ocrx_word' id='word_1_169' title='bbox 176 1790 346 1857; x_wconf 91' lang='lat' dir='ltr'><strong>iucundum</strong></span> <span class='ocrx_word' id='word_1_170' title='bbox 367 1799 431 1866; x_wconf 90' lang='lat' dir='ltr'><strong>est,</strong></span> <span class='ocrx_word' id='word_1_171' title='bbox 452 1791 508 1877; x_wconf 89' lang='lat' dir='ltr'><strong>qui</strong></span> <span class='ocrx_word' id='word_1_172' title='bbox 529 1800 559 1856; x_wconf 93' lang='lat' dir='ltr'><strong>te</strong></span> <span class='ocrx_word' id='word_1_173' title='bbox 582 1791 689 1856; x_wconf 89' lang='lat' dir='ltr'><strong>videre</strong></span> <span class='ocrx_word' id='word_1_174' title='bbox 712 1791 872 1877; x_wconf 88' lang='lat' dir='ltr'><strong>cupimns;</strong></span> <span class='ocrx_word' id='word_1_175' title='bbox 895 1790 949 1856; x_wconf 91' lang='lat' dir='ltr'><strong>sed</strong></span> <span class='ocrx_word' id='word_1_176' title='bbox 972 1792 1164 1858; x_wconf 90' lang='lat' dir='ltr'><strong>consulimus</strong></span> <span class='ocrx_word' id='word_1_177' title='bbox 1186 1791 1254 1858; x_wconf 87' lang='lat' dir='ltr'><strong>tibi.</strong></span> 
     </span>
    </p>
   </div>
   <div class='ocr_carea' id='block_1_3' title="bbox 626 1932 1049 2112">
    <p class='ocr_par' dir='ltr' id='par_1_6' title="bbox 626 1932 1049 2112">
     <span class='ocr_line' id='line_1_18' title="bbox 671 1932 1017 2014; baseline 0.003 -18"><span class='ocrx_word' id='word_1_178' title='bbox 671 1934 701 1996; x_wconf 91' lang='lat' dir='ltr'><strong>v.</strong></span> <span class='ocrx_word' id='word_1_179' title='bbox 745 1932 794 2014; x_wconf 78' lang='lat' dir='ltr'><strong>(n.</strong></span> <span class='ocrx_word' id='word_1_180' title='bbox 821 1935 853 1996; x_wconf 86' lang='lat' dir='ltr'><strong>u</strong></span> <span class='ocrx_word' id='word_1_181' title='bbox 876 1935 908 1997; x_wconf 84' lang='lat' dir='ltr'><strong>c.</strong></span> <span class='ocrx_word' id='word_1_182' title='bbox 931 1932 1017 2014; x_wconf 84' lang='lat' dir='ltr'><strong>roe.)</strong></span> 
     </span>
     <span class='ocr_line' id='line_1_19' title="bbox 626 2046 1049 2112; baseline 0.009 -4"><span class='ocrx_word' id='word_1_183' title='bbox 626 2046 789 2109; x_wconf 85' lang='lat' dir='ltr'><strong>saavms</strong></span> <span class='ocrx_word' id='word_1_184' title='bbox 811 2047 997 2111; x_wconf 83' lang='lat' dir='ltr'><strong>crenaoru</strong></span> <span class='ocrx_word' id='word_1_185' title='bbox 1017 2047 1049 2112; x_wconf 78' lang='lat' dir='ltr'><strong>s,</strong></span> 
     </span>
    </p>
   </div>
   <div class='ocr_carea' id='block_1_4' title="bbox 139 2163 1506 2725">
    <p class='ocr_par' dir='ltr' id='par_1_7' title="bbox 139 2163 1506 2725">
     <span class='ocr_line' id='line_1_20' title="bbox 262 2163 1503 2254; baseline 0 -21"><span class='ocrx_word' id='word_1_186' title='bbox 262 2173 290 2233; x_wconf 90' lang='lat' dir='ltr'><strong>t.</strong></span> <span class='ocrx_word' id='word_1_187' title='bbox 312 2170 518 2254; x_wconf 79' lang='lat' dir='ltr'><strong>Posteaquam</strong></span> <span class='ocrx_word' id='word_1_188' title='bbox 551 2163 627 2229; x_wconf 92' lang='lat' dir='ltr'><strong>mihi</strong></span> <span class='ocrx_word' id='word_1_189' title='bbox 655 2164 865 2230; x_wconf 88' lang='lat' dir='ltr'><strong>renuntiatum</strong></span> <span class='ocrx_word' id='word_1_190' title='bbox 896 2174 943 2230; x_wconf 91' lang='lat' dir='ltr'><strong>est</strong></span> <span class='ocrx_word' id='word_1_191' title='bbox 965 2165 1005 2231; x_wconf 94' lang='lat' dir='ltr'><strong>de</strong></span> <span class='ocrx_word' id='word_1_192' title='bbox 1026 2164 1115 2232; x_wconf 90' lang='lat' dir='ltr'><strong>obitu</strong></span> <span class='ocrx_word' id='word_1_193' title='bbox 1143 2166 1278 2243; x_wconf 86' lang='lat' dir='ltr'><strong>Tulliae,</strong></span> <span class='ocrx_word' id='word_1_194' title='bbox 1310 2166 1393 2233; x_wconf 88' lang='lat' dir='ltr'><strong>filiae</strong></span> <span class='ocrx_word' id='word_1_195' title='bbox 1415 2177 1503 2242; x_wconf 90' lang='lat' dir='ltr'><strong>tuae,</strong></span> 
     </span>
     <span class='ocr_line' id='line_1_21' title="bbox 139 2256 1504 2350; baseline -0.001 -21"><span class='ocrx_word' id='word_1_196' title='bbox 139 2281 250 2331; x_wconf 74' lang='lat' dir='ltr'><strong>eamne</strong></span> <span class='ocrx_word' id='word_1_197' title='bbox 271 2282 366 2346; x_wconf 88' lang='lat' dir='ltr'><strong>quam</strong></span> <span class='ocrx_word' id='word_1_198' title='bbox 387 2280 446 2346; x_wconf 94' lang='lat' dir='ltr'><strong>pro</strong></span> <span class='ocrx_word' id='word_1_199' title='bbox 468 2280 508 2325; x_wconf 92' lang='lat' dir='ltr'><strong>eo</strong></span> <span class='ocrx_word' id='word_1_200' title='bbox 529 2279 566 2324; x_wconf 86' lang='lat' dir='ltr'><strong>ac</strong></span> <span class='ocrx_word' id='word_1_201' title='bbox 587 2256 683 2323; x_wconf 90' lang='lat' dir='ltr'><strong>debui</strong></span> <span class='ocrx_word' id='word_1_202' title='bbox 704 2259 843 2344; x_wconf 91' lang='lat' dir='ltr'><strong>graviter</strong></span> <span class='ocrx_word' id='word_1_203' title='bbox 864 2259 1057 2346; x_wconf 87' lang='lat' dir='ltr'><strong>molesteque</strong></span> <span class='ocrx_word' id='word_1_204' title='bbox 1079 2259 1136 2325; x_wconf 93' lang='lat' dir='ltr'><strong>tuli</strong></span> <span class='ocrx_word' id='word_1_205' title='bbox 1158 2280 1420 2350; x_wconf 86' lang='lat' dir='ltr'><strong>communemque</strong></span> <span class='ocrx_word' id='word_1_206' title='bbox 1435 2283 1504 2328; x_wconf 86' lang='lat' dir='ltr'><strong>eam</strong></span> 
     </span>
     <span class='ocr_line' id='line_1_22' title="bbox 176 2352 1505 2442; baseline 0.003 -23"><span class='ocrx_word' id='word_1_207' title='bbox 176 2354 382 2420; x_wconf 84' lang='lat' dir='ltr'><strong>calamitatem</strong></span> <span class='ocrx_word' id='word_1_208' title='bbox 410 2352 605 2430; x_wconf 82' lang='lat' dir='ltr'><strong>existimavi;</strong></span> <span class='ocrx_word' id='word_1_209' title='bbox 640 2353 715 2438; x_wconf 89' lang='lat' dir='ltr'><strong>qui,</strong></span> <span class='ocrx_word' id='word_1_210' title='bbox 752 2352 779 2417; x_wconf 90' lang='lat' dir='ltr'><strong>si</strong></span> <span class='ocrx_word' id='word_1_211' title='bbox 807 2352 877 2417; x_wconf 89' lang='lat' dir='ltr'><strong>istic</strong></span> <span class='ocrx_word' id='word_1_212' title='bbox 904 2352 1080 2428; x_wconf 84' lang='lat' dir='ltr'><strong>affuissem,</strong></span> <span class='ocrx_word' id='word_1_213' title='bbox 1117 2374 1221 2442; x_wconf 87' lang='lat' dir='ltr'><strong>neque</strong></span> <span class='ocrx_word' id='word_1_214' title='bbox 1248 2354 1305 2421; x_wconf 91' lang='lat' dir='ltr'><strong>tibi</strong></span> <span class='ocrx_word' id='word_1_215' title='bbox 1333 2355 1505 2423; x_wconf 81' lang='lat' dir='ltr'><strong>defuissem</strong></span> 
     </span>
     <span class='ocr_line' id='line_1_23' title="bbox 176 2444 1505 2534; baseline 0.003 -22"><span class='ocrx_word' id='word_1_216' title='bbox 176 2468 347 2534; x_wconf 89' lang='lat' dir='ltr'><strong>coramque</strong></span> <span class='ocrx_word' id='word_1_217' title='bbox 368 2468 473 2513; x_wconf 89' lang='lat' dir='ltr'><strong>meum</strong></span> <span class='ocrx_word' id='word_1_218' title='bbox 495 2446 639 2512; x_wconf 93' lang='lat' dir='ltr'><strong>dolorem</strong></span> <span class='ocrx_word' id='word_1_219' title='bbox 661 2444 719 2511; x_wconf 91' lang='lat' dir='ltr'><strong>tibi</strong></span> <span class='ocrx_word' id='word_1_220' title='bbox 740 2445 957 2511; x_wconf 86' lang='lat' dir='ltr'><strong>declarassem.</strong></span> <span class='ocrx_word' id='word_1_221' title='bbox 999 2447 1066 2512; x_wconf 87' lang='lat' dir='ltr'><strong>Etsi</strong></span> <span class='ocrx_word' id='word_1_222' title='bbox 1086 2468 1185 2533; x_wconf 90' lang='lat' dir='ltr'><strong>genus</strong></span> <span class='ocrx_word' id='word_1_223' title='bbox 1207 2448 1268 2514; x_wconf 90' lang='lat' dir='ltr'><strong>hoc</strong></span> <span class='ocrx_word' id='word_1_224' title='bbox 1281 2449 1505 2516; x_wconf 87' lang='lat' dir='ltr'><strong>consolationis</strong></span> 
     </span>
     <span class='ocr_line' id='line_1_24' title="bbox 176 2539 1506 2629; baseline 0.002 -22"><span class='ocrx_word' id='word_1_225' title='bbox 176 2543 327 2610; x_wconf 87' lang='lat' dir='ltr'><strong>miserum</strong></span> <span class='ocrx_word' id='word_1_226' title='bbox 349 2551 442 2629; x_wconf 89' lang='lat' dir='ltr'><strong>atque</strong></span> <span class='ocrx_word' id='word_1_227' title='bbox 463 2539 613 2605; x_wconf 92' lang='lat' dir='ltr'><strong>acerbum</strong></span> <span class='ocrx_word' id='word_1_228' title='bbox 634 2547 696 2613; x_wconf 90' lang='lat' dir='ltr'><strong>est,</strong></span> <span class='ocrx_word' id='word_1_229' title='bbox 718 2549 885 2625; x_wconf 90' lang='lat' dir='ltr'><strong>propterea</strong></span> <span class='ocrx_word' id='word_1_230' title='bbox 905 2539 994 2624; x_wconf 92' lang='lat' dir='ltr'><strong>quia,</strong></span> <span class='ocrx_word' id='word_1_231' title='bbox 1017 2561 1075 2626; x_wconf 93' lang='lat' dir='ltr'><strong>per</strong></span> <span class='ocrx_word' id='word_1_232' title='bbox 1096 2563 1177 2628; x_wconf 86' lang='lat' dir='ltr'><strong>quos</strong></span> <span class='ocrx_word' id='word_1_233' title='bbox 1199 2564 1236 2607; x_wconf 91' lang='lat' dir='ltr'><strong>ea</strong></span> <span class='ocrx_word' id='word_1_234' title='bbox 1258 2543 1389 2609; x_wconf 89' lang='lat' dir='ltr'><strong>confieri</strong></span> <span class='ocrx_word' id='word_1_235' title='bbox 1411 2542 1506 2609; x_wconf 88' lang='lat' dir='ltr'><strong>debet</strong></span> 
     </span>
     <span class='ocr_line' id='line_1_25' title="bbox 177 2622 1506 2725; baseline -0.002 -21"><span class='ocrx_word' id='word_1_236' title='bbox 177 2638 373 2725; x_wconf 86' lang='lat' dir='ltr'><strong>propinquos</strong></span> <span class='ocrx_word' id='word_1_237' title='bbox 395 2656 431 2700; x_wconf 91' lang='lat' dir='ltr'><strong>ac</strong></span> <span class='ocrx_word' id='word_1_238' title='bbox 451 2634 635 2707; x_wconf 88' lang='lat' dir='ltr'><strong>familiares,</strong></span> <span class='ocrx_word' id='word_1_239' title='bbox 658 2633 681 2697; x_wconf 92' lang='lat' dir='ltr'><strong>ii</strong></span> <span class='ocrx_word' id='word_1_240' title='bbox 702 2633 762 2719; x_wconf 90' lang='lat' dir='ltr'><strong>ipsi</strong></span> <span class='ocrx_word' id='word_1_241' title='bbox 776 2633 846 2719; x_wconf 91' lang='lat' dir='ltr'><strong>pari</strong></span> <span class='ocrx_word' id='word_1_242' title='bbox 860 2632 1004 2697; x_wconf 87' lang='lat' dir='ltr'><strong>molestia</strong></span> <span class='ocrx_word' id='word_1_243' title='bbox 1019 2622 1197 2700; x_wconf 80' lang='lat' dir='ltr'><strong>afficiuirtnr</strong></span> <span class='ocrx_word' id='word_1_244' title='bbox 1213 2657 1317 2722; x_wconf 90' lang='lat' dir='ltr'><strong>aeque</strong></span> <span class='ocrx_word' id='word_1_245' title='bbox 1331 2637 1399 2702; x_wconf 90' lang='lat' dir='ltr'><strong>sine</strong></span> <span class='ocrx_word' id='word_1_246' title='bbox 1414 2635 1506 2701; x_wconf 91' lang='lat' dir='ltr'><strong>lacri-</strong></span> 
     </span>
    </p>
   </div>
   <div class='ocr_carea' id='block_1_5' title="bbox 141 2727 1510 4405">
    <p class='ocr_par' dir='ltr' id='par_1_8' title="bbox 141 2727 1510 4405">
     <span class='ocr_line' id='line_1_26' title="bbox 141 2727 1506 2813; baseline -0.004 -14"><span class='ocrx_word' id='word_1_247' title='bbox 141 2731 238 2800; x_wconf 67' lang='lat' dir='ltr'><strong>samis</strong></span> <span class='ocrx_word' id='word_1_248' title='bbox 259 2729 364 2795; x_wconf 91' lang='lat' dir='ltr'><strong>multis</strong></span> <span class='ocrx_word' id='word_1_249' title='bbox 385 2729 419 2794; x_wconf 90' lang='lat' dir='ltr'><strong>id</strong></span> <span class='ocrx_word' id='word_1_250' title='bbox 439 2728 548 2793; x_wconf 85' lang='lat' dir='ltr'><strong>conari</strong></span> <span class='ocrx_word' id='word_1_251' title='bbox 568 2735 713 2813; x_wconf 88' lang='lat' dir='ltr'><strong>possunt,</strong></span> <span class='ocrx_word' id='word_1_252' title='bbox 743 2727 788 2791; x_wconf 89' lang='lat' dir='ltr'><strong>uti</strong></span> <span class='ocrx_word' id='word_1_253' title='bbox 810 2727 908 2811; x_wconf 89' lang='lat' dir='ltr'><strong>magis</strong></span> <span class='ocrx_word' id='word_1_254' title='bbox 929 2727 992 2813; x_wconf 90' lang='lat' dir='ltr'><strong>ipsi</strong></span> <span class='ocrx_word' id='word_1_255' title='bbox 1013 2727 1179 2792; x_wconf 90' lang='lat' dir='ltr'><strong>videantur</strong></span> <span class='ocrx_word' id='word_1_256' title='bbox 1201 2730 1337 2796; x_wconf 92' lang='lat' dir='ltr'><strong>aliorum</strong></span> <span class='ocrx_word' id='word_1_257' title='bbox 1362 2730 1506 2795; x_wconf 87' lang='lat' dir='ltr'><strong>consola·</strong></span> 
     </span>
     <span class='ocr_line' id='line_1_27' title="bbox 179 2818 1505 2910; baseline -0.002 -21"><span class='ocrx_word' id='word_1_258' title='bbox 179 2825 264 2889; x_wconf 90' lang='lat' dir='ltr'><strong>tione</strong></span> <span class='ocrx_word' id='word_1_259' title='bbox 284 2823 427 2908; x_wconf 80' lang='lat' dir='ltr'><strong>indigere</strong></span> <span class='ocrx_word' id='word_1_260' title='bbox 449 2842 543 2908; x_wconf 92' lang='lat' dir='ltr'><strong>quam</strong></span> <span class='ocrx_word' id='word_1_261' title='bbox 564 2820 633 2885; x_wconf 89' lang='lat' dir='ltr'><strong>aliis</strong></span> <span class='ocrx_word' id='word_1_262' title='bbox 654 2840 748 2906; x_wconf 89' lang='lat' dir='ltr'><strong>posse</strong></span> <span class='ocrx_word' id='word_1_263' title='bbox 770 2840 861 2885; x_wconf 91' lang='lat' dir='ltr'><strong>suum</strong></span> <span class='ocrx_word' id='word_1_264' title='bbox 881 2818 1021 2886; x_wconf 86' lang='lat' dir='ltr'><strong>officium</strong></span> <span class='ocrx_word' id='word_1_265' title='bbox 1043 2829 1220 2906; x_wconf 82' lang='lat' dir='ltr'><strong>praestare3</strong></span> <span class='ocrx_word' id='word_1_266' title='bbox 1242 2832 1346 2887; x_wconf 91' lang='lat' dir='ltr'><strong>tamen</strong></span> <span class='ocrx_word' id='word_1_267' title='bbox 1369 2844 1450 2910; x_wconf 91' lang='lat' dir='ltr'><strong>quae</strong></span> <span class='ocrx_word' id='word_1_268' title='bbox 1472 2827 1505 2888; x_wconf 90' lang='lat' dir='ltr'><strong>in</strong></span> 
     </span>
     <span class='ocr_line' id='line_1_28' title="bbox 179 2913 1504 3004; baseline -0.002 -21"><span class='ocrx_word' id='word_1_269' title='bbox 179 2917 356 3004; x_wconf 88' lang='lat' dir='ltr'><strong>praesentia</strong></span> <span class='ocrx_word' id='word_1_270' title='bbox 375 2918 408 2981; x_wconf 93' lang='lat' dir='ltr'><strong>in</strong></span> <span class='ocrx_word' id='word_1_271' title='bbox 430 2924 567 2981; x_wconf 90' lang='lat' dir='ltr'><strong>mentem</strong></span> <span class='ocrx_word' id='word_1_272' title='bbox 589 2914 666 2978; x_wconf 89' lang='lat' dir='ltr'><strong>mihi</strong></span> <span class='ocrx_word' id='word_1_273' title='bbox 688 2923 856 2991; x_wconf 89' lang='lat' dir='ltr'><strong>venerunt,</strong></span> <span class='ocrx_word' id='word_1_274' title='bbox 895 2913 1023 2979; x_wconf 91' lang='lat' dir='ltr'><strong>decrevi</strong></span> <span class='ocrx_word' id='word_1_275' title='bbox 1051 2914 1142 2980; x_wconf 86' lang='lat' dir='ltr'><strong>brevi</strong></span> <span class='ocrx_word' id='word_1_276' title='bbox 1169 2916 1209 2981; x_wconf 94' lang='lat' dir='ltr'><strong>ad</strong></span> <span class='ocrx_word' id='word_1_277' title='bbox 1231 2925 1261 2982; x_wconf 89' lang='lat' dir='ltr'><strong>te</strong></span> <span class='ocrx_word' id='word_1_278' title='bbox 1283 2913 1504 3004; x_wconf 85' lang='lat' dir='ltr'><strong>perscribere:</strong></span> 
     </span>
     <span class='ocr_line' id='line_1_29' title="bbox 180 3007 1506 3098; baseline -0.001 -23"><span class='ocrx_word' id='word_1_279' title='bbox 180 3032 243 3076; x_wconf 92' lang='lat' dir='ltr'><strong>non</strong></span> <span class='ocrx_word' id='word_1_280' title='bbox 264 3031 328 3098; x_wconf 91' lang='lat' dir='ltr'><strong>quo</strong></span> <span class='ocrx_word' id='word_1_281' title='bbox 350 3031 387 3075; x_wconf 89' lang='lat' dir='ltr'><strong>ea</strong></span> <span class='ocrx_word' id='word_1_282' title='bbox 415 3019 445 3074; x_wconf 93' lang='lat' dir='ltr'><strong>te</strong></span> <span class='ocrx_word' id='word_1_283' title='bbox 475 3008 586 3093; x_wconf 75' lang='lat' dir='ltr'><strong>fingere</strong></span> <span class='ocrx_word' id='word_1_284' title='bbox 615 3007 808 3081; x_wconf 84' lang='lat' dir='ltr'><strong>existimem,</strong></span> <span class='ocrx_word' id='word_1_285' title='bbox 845 3007 901 3073; x_wconf 92' lang='lat' dir='ltr'><strong>sed</strong></span> <span class='ocrx_word' id='word_1_286' title='bbox 927 3009 1014 3095; x_wconf 94' lang='lat' dir='ltr'><strong>quod</strong></span> <span class='ocrx_word' id='word_1_287' title='bbox 1041 3008 1173 3074; x_wconf 85' lang='lat' dir='ltr'><strong>forsitan</strong></span> <span class='ocrx_word' id='word_1_288' title='bbox 1195 3009 1307 3076; x_wconf 92' lang='lat' dir='ltr'><strong>dolore</strong></span> <span class='ocrx_word' id='word_1_289' title='bbox 1337 3008 1506 3096; x_wconf 84' lang='lat' dir='ltr'><strong>impeditus</strong></span> 
     </span>
     <span class='ocr_line' id='line_1_30' title="bbox 180 3100 1505 3190; baseline -0.001 -21"><span class='ocrx_word' id='word_1_290' title='bbox 180 3105 283 3169; x_wconf 89' lang='lat' dir='ltr'><strong>minus</strong></span> <span class='ocrx_word' id='word_1_291' title='bbox 304 3124 342 3168; x_wconf 91' lang='lat' dir='ltr'><strong>ea</strong></span> <span class='ocrx_word' id='word_1_292' title='bbox 362 3102 543 3190; x_wconf 85' lang='lat' dir='ltr'><strong>perspicias.</strong></span> <span class='ocrx_word' id='word_1_293' title='bbox 586 3105 617 3167; x_wconf 76' lang='lat'><strong>2.</strong></span> <span class='ocrx_word' id='word_1_294' title='bbox 640 3100 725 3179; x_wconf 88' lang='lat' dir='ltr'><strong>Quid</strong></span> <span class='ocrx_word' id='word_1_295' title='bbox 746 3109 808 3174; x_wconf 88' lang='lat' dir='ltr'><strong>est,</strong></span> <span class='ocrx_word' id='word_1_296' title='bbox 831 3102 916 3187; x_wconf 91' lang='lat' dir='ltr'><strong>quod</strong></span> <span class='ocrx_word' id='word_1_297' title='bbox 939 3110 1025 3167; x_wconf 89' lang='lat' dir='ltr'><strong>tanto</strong></span> <span class='ocrx_word' id='word_1_298' title='bbox 1048 3123 1144 3188; x_wconf 90' lang='lat' dir='ltr'><strong>opere</strong></span> <span class='ocrx_word' id='word_1_299' title='bbox 1166 3112 1198 3167; x_wconf 93' lang='lat' dir='ltr'><strong>te</strong></span> <span class='ocrx_word' id='word_1_300' title='bbox 1220 3114 1419 3170; x_wconf 89' lang='lat' dir='ltr'><strong>commoveat</strong></span> <span class='ocrx_word' id='word_1_301' title='bbox 1433 3112 1505 3168; x_wconf 89' lang='lat' dir='ltr'><strong>tuus</strong></span> 
     </span>
     <span class='ocr_line' id='line_1_31' title="bbox 143 3191 1503 3282; baseline 0 -18"><span class='ocrx_word' id='word_1_302' title='bbox 143 3197 273 3269; x_wconf 74' lang='lat' dir='ltr'><strong>sodolor</strong></span> <span class='ocrx_word' id='word_1_303' title='bbox 292 3196 479 3261; x_wconf 76' lang='lat' dir='ltr'><strong>intestinus?</strong></span> <span class='ocrx_word' id='word_1_304' title='bbox 501 3195 626 3279; x_wconf 85' lang='lat' dir='ltr'><strong>Cogita,</strong></span> <span class='ocrx_word' id='word_1_305' title='bbox 648 3191 911 3281; x_wconf 89' lang='lat' dir='ltr'><strong>quemadmodum</strong></span> <span class='ocrx_word' id='word_1_306' title='bbox 934 3194 1035 3261; x_wconf 90' lang='lat' dir='ltr'><strong>adhuc</strong></span> <span class='ocrx_word' id='word_1_307' title='bbox 1057 3196 1181 3262; x_wconf 86' lang='lat' dir='ltr'><strong>fortuna</strong></span> <span class='ocrx_word' id='word_1_308' title='bbox 1202 3196 1367 3262; x_wconf 88' lang='lat' dir='ltr'><strong>nobiscum</strong></span> <span class='ocrx_word' id='word_1_309' title='bbox 1389 3195 1503 3282; x_wconf 87' lang='lat' dir='ltr'><strong>egerit:</strong></span> 
     </span>
     <span class='ocr_line' id='line_1_32' title="bbox 181 3285 1507 3377; baseline -0.001 -21"><span class='ocrx_word' id='word_1_310' title='bbox 181 3312 218 3357; x_wconf 90' lang='lat' dir='ltr'><strong>ea</strong></span> <span class='ocrx_word' id='word_1_311' title='bbox 239 3289 331 3357; x_wconf 85' lang='lat' dir='ltr'><strong>nobis</strong></span> <span class='ocrx_word' id='word_1_312' title='bbox 352 3298 459 3375; x_wconf 91' lang='lat' dir='ltr'><strong>erepta</strong></span> <span class='ocrx_word' id='word_1_313' title='bbox 480 3309 565 3362; x_wconf 89' lang='lat' dir='ltr'><strong>esse,</strong></span> <span class='ocrx_word' id='word_1_314' title='bbox 598 3309 678 3374; x_wconf 91' lang='lat' dir='ltr'><strong>quae</strong></span> <span class='ocrx_word' id='word_1_315' title='bbox 700 3285 880 3353; x_wconf 89' lang='lat' dir='ltr'><strong>hominibus</strong></span> <span class='ocrx_word' id='word_1_316' title='bbox 901 3310 965 3354; x_wconf 93' lang='lat' dir='ltr'><strong>non</strong></span> <span class='ocrx_word' id='word_1_317' title='bbox 986 3289 1090 3354; x_wconf 93' lang='lat' dir='ltr'><strong>minus</strong></span> <span class='ocrx_word' id='word_1_318' title='bbox 1112 3311 1206 3377; x_wconf 90' lang='lat' dir='ltr'><strong>quam</strong></span> <span class='ocrx_word' id='word_1_319' title='bbox 1227 3290 1321 3356; x_wconf 91' lang='lat' dir='ltr'><strong>liberi</strong></span> <span class='ocrx_word' id='word_1_320' title='bbox 1342 3311 1416 3357; x_wconf 87' lang='lat' dir='ltr'><strong>cara</strong></span> <span class='ocrx_word' id='word_1_321' title='bbox 1438 3310 1507 3355; x_wconf 86' lang='lat' dir='ltr'><strong>esse</strong></span> 
     </span>
     <span class='ocr_line' id='line_1_33' title="bbox 181 3380 1507 3469; baseline -0.002 -19"><span class='ocrx_word' id='word_1_322' title='bbox 181 3382 309 3458; x_wconf 89' lang='lat' dir='ltr'><strong>dehent,</strong></span> <span class='ocrx_word' id='word_1_323' title='bbox 331 3383 479 3469; x_wconf 91' lang='lat' dir='ltr'><strong>patriam,</strong></span> <span class='ocrx_word' id='word_1_324' title='bbox 501 3382 710 3455; x_wconf 88' lang='lat' dir='ltr'><strong>honestatem,</strong></span> <span class='ocrx_word' id='word_1_325' title='bbox 741 3380 939 3467; x_wconf 88' lang='lat' dir='ltr'><strong>dignitatem,</strong></span> <span class='ocrx_word' id='word_1_326' title='bbox 963 3381 1099 3448; x_wconf 89' lang='lat' dir='ltr'><strong>honores</strong></span> <span class='ocrx_word' id='word_1_327' title='bbox 1121 3405 1241 3450; x_wconf 89' lang='lat' dir='ltr'><strong>omnes.</strong></span> <span class='ocrx_word' id='word_1_328' title='bbox 1283 3388 1353 3450; x_wconf 87' lang='lat' dir='ltr'><strong>Hoc</strong></span> <span class='ocrx_word' id='word_1_329' title='bbox 1373 3404 1439 3449; x_wconf 90' lang='lat' dir='ltr'><strong>uno</strong></span> <span class='ocrx_word' id='word_1_330' title='bbox 1460 3384 1507 3448; x_wconf 90' lang='lat' dir='ltr'><strong>in-</strong></span> 
     </span>
     <span class='ocr_line' id='line_1_34' title="bbox 181 3472 1508 3564; baseline -0.002 -20"><span class='ocrx_word' id='word_1_331' title='bbox 181 3476 348 3545; x_wconf 87' lang='lat' dir='ltr'><strong>commodo</strong></span> <span class='ocrx_word' id='word_1_332' title='bbox 379 3474 485 3541; x_wconf 90' lang='lat' dir='ltr'><strong>addito</strong></span> <span class='ocrx_word' id='word_1_333' title='bbox 514 3473 591 3561; x_wconf 89' lang='lat' dir='ltr'><strong>quid</strong></span> <span class='ocrx_word' id='word_1_334' title='bbox 623 3474 662 3539; x_wconf 87' lang='lat' dir='ltr'><strong>ad</strong></span> <span class='ocrx_word' id='word_1_335' title='bbox 684 3472 828 3540; x_wconf 92' lang='lat' dir='ltr'><strong>dolorem</strong></span> <span class='ocrx_word' id='word_1_336' title='bbox 854 3475 983 3561; x_wconf 90' lang='lat' dir='ltr'><strong>adiungi</strong></span> <span class='ocrx_word' id='word_1_337' title='bbox 1009 3477 1134 3562; x_wconf 84' lang='lat' dir='ltr'><strong>potuit‘t</strong></span> <span class='ocrx_word' id='word_1_338' title='bbox 1156 3488 1209 3543; x_wconf 88' lang='lat' dir='ltr'><strong>aut</strong></span> <span class='ocrx_word' id='word_1_339' title='bbox 1230 3479 1285 3564; x_wconf 89' lang='lat' dir='ltr'><strong>qui</strong></span> <span class='ocrx_word' id='word_1_340' title='bbox 1307 3499 1371 3543; x_wconf 90' lang='lat' dir='ltr'><strong>non</strong></span> <span class='ocrx_word' id='word_1_341' title='bbox 1391 3477 1424 3543; x_wconf 90' lang='lat' dir='ltr'><strong>in</strong></span> <span class='ocrx_word' id='word_1_342' title='bbox 1446 3476 1508 3542; x_wconf 90' lang='lat' dir='ltr'><strong>illis</strong></span> 
     </span>
     <span class='ocr_line' id='line_1_35' title="bbox 181 3567 1508 3656; baseline -0.003 -18"><span class='ocrx_word' id='word_1_343' title='bbox 181 3573 278 3638; x_wconf 88' lang='lat' dir='ltr'><strong>rebus</strong></span> <span class='ocrx_word' id='word_1_344' title='bbox 300 3570 488 3637; x_wconf 81' lang='lat' dir='ltr'><strong>exercitatus</strong></span> <span class='ocrx_word' id='word_1_345' title='bbox 509 3567 631 3633; x_wconf 88' lang='lat' dir='ltr'><strong>animus</strong></span> <span class='ocrx_word' id='word_1_346' title='bbox 663 3567 778 3634; x_wconf 88' lang='lat' dir='ltr'><strong>callere</strong></span> <span class='ocrx_word' id='word_1_347' title='bbox 806 3568 870 3634; x_wconf 92' lang='lat' dir='ltr'><strong>iam</strong></span> <span class='ocrx_word' id='word_1_348' title='bbox 891 3567 984 3634; x_wconf 91' lang='lat' dir='ltr'><strong>dehet</strong></span> <span class='ocrx_word' id='word_1_349' title='bbox 1004 3579 1097 3656; x_wconf 89' lang='lat' dir='ltr'><strong>atque</strong></span> <span class='ocrx_word' id='word_1_350' title='bbox 1119 3572 1225 3636; x_wconf 90' lang='lat' dir='ltr'><strong>omnia</strong></span> <span class='ocrx_word' id='word_1_351' title='bbox 1247 3571 1379 3636; x_wconf 88' lang='lat' dir='ltr'><strong>minoris</strong></span> <span class='ocrx_word' id='word_1_352' title='bbox 1400 3569 1508 3635; x_wconf 83' lang='lat' dir='ltr'><strong>existi-</strong></span> 
     </span>
     <span class='ocr_line' id='line_1_36' title="bbox 145 3661 1507 3749; baseline -0.004 -17"><span class='ocrx_word' id='word_1_353' title='bbox 145 3671 289 3738; x_wconf 70' lang='lat' dir='ltr'><strong>umaret</strong></span> <span class='ocrx_word' id='word_1_354' title='bbox 324 3669 355 3730; x_wconf 92' lang='grc'><strong>3.</strong></span> <span class='ocrx_word' id='word_1_355' title='bbox 376 3668 424 3729; x_wconf 80' lang='lat' dir='ltr'><strong>An</strong></span> <span class='ocrx_word' id='word_1_356' title='bbox 445 3661 529 3727; x_wconf 88' lang='lat' dir='ltr'><strong>illius</strong></span> <span class='ocrx_word' id='word_1_357' title='bbox 550 3661 665 3736; x_wconf 90' lang='lat' dir='ltr'><strong>vicem,</strong></span> <span class='ocrx_word' id='word_1_358' title='bbox 695 3661 808 3736; x_wconf 88' lang='lat' dir='ltr'><strong>credo,</strong></span> <span class='ocrx_word' id='word_1_359' title='bbox 838 3661 951 3727; x_wconf 79' lang='lat' dir='ltr'><strong>doleat</strong></span> <span class='ocrx_word' id='word_1_360' title='bbox 985 3664 1117 3741; x_wconf 89' lang='lat' dir='ltr'><strong>Quoties</strong></span> <span class='ocrx_word' id='word_1_361' title='bbox 1139 3664 1171 3729; x_wconf 90' lang='lat' dir='ltr'><strong>in</strong></span> <span class='ocrx_word' id='word_1_362' title='bbox 1193 3685 1263 3730; x_wconf 87' lang='lat' dir='ltr'><strong>eam</strong></span> <span class='ocrx_word' id='word_1_363' title='bbox 1286 3664 1507 3749; x_wconf 88' lang='lat' dir='ltr'><strong>cogitationem</strong></span> 
     </span>
     <span class='ocr_line' id='line_1_37' title="bbox 183 3754 1507 3844; baseline -0.005 -18"><span class='ocrx_word' id='word_1_364' title='bbox 183 3780 310 3826; x_wconf 71' lang='lat' dir='ltr'><strong>neceam</strong></span> <span class='ocrx_word' id='word_1_365' title='bbox 332 3767 380 3823; x_wconf 87' lang='lat' dir='ltr'><strong>est</strong></span> <span class='ocrx_word' id='word_1_366' title='bbox 401 3765 432 3820; x_wconf 91' lang='lat' dir='ltr'><strong>et</strong></span> <span class='ocrx_word' id='word_1_367' title='bbox 454 3755 634 3820; x_wconf 82' lang='lat' dir='ltr'><strong>inveneris</strong></span> <span class='ocrx_word' id='word_1_368' title='bbox 665 3764 697 3820; x_wconf 94' lang='lat' dir='ltr'><strong>et</strong></span> <span class='ocrx_word' id='word_1_369' title='bbox 717 3777 776 3820; x_wconf 86' lang='lat' dir='ltr'><strong>nos</strong></span> <span class='ocrx_word' id='word_1_370' title='bbox 797 3776 892 3841; x_wconf 89' lang='lat' dir='ltr'><strong>saepe</strong></span> <span class='ocrx_word' id='word_1_371' title='bbox 912 3754 1096 3832; x_wconf 88' lang='lat' dir='ltr'><strong>incidimus,</strong></span> <span class='ocrx_word' id='word_1_372' title='bbox 1119 3757 1204 3823; x_wconf 89' lang='lat' dir='ltr'><strong>hisce</strong></span> <span class='ocrx_word' id='word_1_373' title='bbox 1227 3756 1422 3844; x_wconf 87' lang='lat' dir='ltr'><strong>temporibus</strong></span> <span class='ocrx_word' id='word_1_374' title='bbox 1444 3777 1507 3822; x_wconf 91' lang='lat' dir='ltr'><strong>aon</strong></span> 
     </span>
     <span class='ocr_line' id='line_1_38' title="bbox 183 3846 1508 3942; baseline -0.004 -22"><span class='ocrx_word' id='word_1_375' title='bbox 183 3855 317 3942; x_wconf 88' lang='lat' dir='ltr'><strong>pessime</strong></span> <span class='ocrx_word' id='word_1_376' title='bbox 339 3871 410 3917; x_wconf 90' lang='lat' dir='ltr'><strong>cum</strong></span> <span class='ocrx_word' id='word_1_377' title='bbox 432 3849 470 3914; x_wconf 88' lang='lat' dir='ltr'><strong>iis</strong></span> <span class='ocrx_word' id='word_1_378' title='bbox 493 3869 561 3913; x_wconf 90' lang='lat' dir='ltr'><strong>csse</strong></span> <span class='ocrx_word' id='word_1_379' title='bbox 583 3857 700 3923; x_wconf 87' lang='lat' dir='ltr'><strong>actum,</strong></span> <span class='ocrx_word' id='word_1_380' title='bbox 723 3846 837 3936; x_wconf 92' lang='lat' dir='ltr'><strong>quibus</strong></span> <span class='ocrx_word' id='word_1_381' title='bbox 859 3853 927 3916; x_wconf 88' lang='lat' dir='ltr'><strong>sinc</strong></span> <span class='ocrx_word' id='word_1_382' title='bbox 949 3849 1060 3916; x_wconf 91' lang='lat' dir='ltr'><strong>dolore</strong></span> <span class='ocrx_word' id='word_1_383' title='bbox 1083 3850 1201 3917; x_wconf 89' lang='lat' dir='ltr'><strong>licitum</strong></span> <span class='ocrx_word' id='word_1_384' title='bbox 1223 3861 1271 3916; x_wconf 91' lang='lat' dir='ltr'><strong>est</strong></span> <span class='ocrx_word' id='word_1_385' title='bbox 1287 3861 1421 3916; x_wconf 90' lang='lat' dir='ltr'><strong>mortem</strong></span> <span class='ocrx_word' id='word_1_386' title='bbox 1436 3871 1508 3916; x_wconf 91' lang='lat' dir='ltr'><strong>cum</strong></span> 
     </span>
     <span class='ocr_line' id='line_1_39' title="bbox 184 3940 1509 4030; baseline -0.002 -17"><span class='ocrx_word' id='word_1_387' title='bbox 184 3948 247 4013; x_wconf 90' lang='lat' dir='ltr'><strong>vita</strong></span> <span class='ocrx_word' id='word_1_388' title='bbox 266 3948 480 4012; x_wconf 83' lang='lat' dir='ltr'><strong>commutare?</strong></span> <span class='ocrx_word' id='word_1_389' title='bbox 514 3941 598 4020; x_wconf 82' lang='lat' dir='ltr'><strong>erid</strong></span> <span class='ocrx_word' id='word_1_390' title='bbox 620 3950 723 4007; x_wconf 91' lang='lat' dir='ltr'><strong>autem</strong></span> <span class='ocrx_word' id='word_1_391' title='bbox 751 3941 826 4016; x_wconf 90' lang='lat' dir='ltr'><strong>fuit,</strong></span> <span class='ocrx_word' id='word_1_392' title='bbox 855 3940 942 4029; x_wconf 90' lang='lat' dir='ltr'><strong>quod</strong></span> <span class='ocrx_word' id='word_1_393' title='bbox 970 3943 1054 4008; x_wconf 88' lang='lat' dir='ltr'><strong>illam</strong></span> <span class='ocrx_word' id='word_1_394' title='bbox 1082 3942 1144 4009; x_wconf 93' lang='lat' dir='ltr'><strong>hoc</strong></span> <span class='ocrx_word' id='word_1_395' title='bbox 1172 3955 1315 4030; x_wconf 86' lang='lat' dir='ltr'><strong>tempore</strong></span> <span class='ocrx_word' id='word_1_396' title='bbox 1338 3944 1377 4010; x_wconf 88' lang='lat' dir='ltr'><strong>ad</strong></span> <span class='ocrx_word' id='word_1_397' title='bbox 1400 3944 1509 4010; x_wconf 88' lang='lat' dir='ltr'><strong>viven-</strong></span> 
     </span>
     <span class='ocr_line' id='line_1_40' title="bbox 184 4035 1508 4124; baseline -0.002 -18"><span class='ocrx_word' id='word_1_398' title='bbox 184 4041 258 4106; x_wconf 89' lang='lat' dir='ltr'><strong>dum</strong></span> <span class='ocrx_word' id='word_1_399' title='bbox 280 4059 392 4123; x_wconf 88' lang='lat' dir='ltr'><strong>magno</strong></span> <span class='ocrx_word' id='word_1_400' title='bbox 415 4057 512 4122; x_wconf 91' lang='lat' dir='ltr'><strong>opere</strong></span> <span class='ocrx_word' id='word_1_401' title='bbox 533 4035 667 4100; x_wconf 89' lang='lat' dir='ltr'><strong>invitare</strong></span> <span class='ocrx_word' id='word_1_402' title='bbox 695 4041 822 4121; x_wconf 75' lang='lat' dir='ltr'><strong>posset?</strong></span> <span class='ocrx_word' id='word_1_403' title='bbox 854 4057 935 4124; x_wconf 89' lang='lat' dir='ltr'><strong>quae</strong></span> <span class='ocrx_word' id='word_1_404' title='bbox 957 4042 1030 4101; x_wconf 83' lang='lat' dir='ltr'><strong>rest</strong></span> <span class='ocrx_word' id='word_1_405' title='bbox 1067 4059 1148 4123; x_wconf 82' lang='lat' dir='ltr'><strong>quae</strong></span> <span class='ocrx_word' id='word_1_406' title='bbox 1170 4045 1264 4124; x_wconf 78' lang='lat' dir='ltr'><strong>spes?</strong></span> <span class='ocrx_word' id='word_1_407' title='bbox 1300 4036 1386 4124; x_wconf 90' lang='lat' dir='ltr'><strong>quod</strong></span> <span class='ocrx_word' id='word_1_408' title='bbox 1413 4037 1508 4103; x_wconf 89' lang='lat' dir='ltr'><strong>animi</strong></span> 
     </span>
     <span class='ocr_line' id='line_1_41' title="bbox 147 4127 1510 4217; baseline -0.004 -15"><span class='ocrx_word' id='word_1_409' title='bbox 147 4134 350 4204; x_wconf 78' lang='lat' dir='ltr'><strong>resolatiumt</strong></span> <span class='ocrx_word' id='word_1_410' title='bbox 393 4135 431 4195; x_wconf 93' lang='lat' dir='ltr'><strong>Ut</strong></span> <span class='ocrx_word' id='word_1_411' title='bbox 456 4150 528 4194; x_wconf 88' lang='lat' dir='ltr'><strong>cum</strong></span> <span class='ocrx_word' id='word_1_412' title='bbox 554 4129 661 4214; x_wconf 90' lang='lat' dir='ltr'><strong>aliquo</strong></span> <span class='ocrx_word' id='word_1_413' title='bbox 683 4127 880 4195; x_wconf 89' lang='lat' dir='ltr'><strong>adolescente</strong></span> <span class='ocrx_word' id='word_1_414' title='bbox 901 4129 1054 4216; x_wconf 91' lang='lat' dir='ltr'><strong>primario</strong></span> <span class='ocrx_word' id='word_1_415' title='bbox 1076 4136 1241 4196; x_wconf 87' lang='lat' dir='ltr'><strong>coniuncta</strong></span> <span class='ocrx_word' id='word_1_416' title='bbox 1263 4141 1396 4197; x_wconf 90' lang='lat' dir='ltr'><strong>aetatem</strong></span> <span class='ocrx_word' id='word_1_417' title='bbox 1419 4150 1510 4217; x_wconf 87' lang='lat' dir='ltr'><strong>gere·</strong></span> 
     </span>
     <span class='ocr_line' id='line_1_42' title="bbox 184 4221 1510 4309; baseline -0.002 -17"><span class='ocrx_word' id='word_1_418' title='bbox 184 4233 252 4293; x_wconf 82' lang='lat' dir='ltr'><strong>rett</strong></span> <span class='ocrx_word' id='word_1_419' title='bbox 274 4226 406 4291; x_wconf 88' lang='lat' dir='ltr'><strong>Licitum</strong></span> <span class='ocrx_word' id='word_1_420' title='bbox 429 4221 571 4296; x_wconf 88' lang='lat' dir='ltr'><strong>esttibi,</strong></span> <span class='ocrx_word' id='word_1_421' title='bbox 594 4221 709 4297; x_wconf 89' lang='lat' dir='ltr'><strong>credo,</strong></span> <span class='ocrx_word' id='word_1_422' title='bbox 731 4243 791 4308; x_wconf 92' lang='lat' dir='ltr'><strong>pro</strong></span> <span class='ocrx_word' id='word_1_423' title='bbox 813 4233 865 4289; x_wconf 89' lang='lat' dir='ltr'><strong>tua</strong></span> <span class='ocrx_word' id='word_1_424' title='bbox 887 4223 1036 4309; x_wconf 89' lang='lat' dir='ltr'><strong>dignitate</strong></span> <span class='ocrx_word' id='word_1_425' title='bbox 1051 4245 1093 4289; x_wconf 83' lang='lat' dir='ltr'><strong>ex</strong></span> <span class='ocrx_word' id='word_1_426' title='bbox 1108 4224 1165 4289; x_wconf 89' lang='lat' dir='ltr'><strong>hac</strong></span> <span class='ocrx_word' id='word_1_427' title='bbox 1179 4225 1341 4290; x_wconf 89' lang='lat' dir='ltr'><strong>iuventute</strong></span> <span class='ocrx_word' id='word_1_428' title='bbox 1356 4245 1510 4309; x_wconf 91' lang='lat' dir='ltr'><strong>generum</strong></span> 
     </span>
     <span class='ocr_line' id='line_1_43' title="bbox 183 4315 1508 4405; baseline -0.005 -17"><span class='ocrx_word' id='word_1_429' title='bbox 183 4322 338 4405; x_wconf 90' lang='lat' dir='ltr'><strong>deligere,</strong></span> <span class='ocrx_word' id='word_1_430' title='bbox 366 4317 454 4382; x_wconf 92' lang='lat' dir='ltr'><strong>cuius</strong></span> <span class='ocrx_word' id='word_1_431' title='bbox 477 4315 549 4382; x_wconf 84' lang='lat' dir='ltr'><strong>fidei</strong></span> <span class='ocrx_word' id='word_1_432' title='bbox 570 4315 689 4381; x_wconf 88' lang='lat' dir='ltr'><strong>liberos</strong></span> <span class='ocrx_word' id='word_1_433' title='bbox 710 4324 782 4383; x_wconf 91' lang='lat' dir='ltr'><strong>tuos</strong></span> <span class='ocrx_word' id='word_1_434' title='bbox 803 4325 834 4383; x_wconf 92' lang='lat' dir='ltr'><strong>te</strong></span> <span class='ocrx_word' id='word_1_435' title='bbox 860 4326 928 4383; x_wconf 92' lang='lat' dir='ltr'><strong>tuto</strong></span> <span class='ocrx_word' id='word_1_436' title='bbox 955 4319 1151 4383; x_wconf 90' lang='lat' dir='ltr'><strong>committere</strong></span> <span class='ocrx_word' id='word_1_437' title='bbox 1173 4322 1315 4405; x_wconf 91' lang='lat' dir='ltr'><strong>putarcsl</strong></span> <span class='ocrx_word' id='word_1_438' title='bbox 1346 4324 1392 4384; x_wconf 81' lang='lat' dir='ltr'><strong>dn</strong></span> <span class='ocrx_word' id='word_1_439' title='bbox 1415 4328 1450 4384; x_wconf 91' lang='lat' dir='ltr'><strong>ut</strong></span> <span class='ocrx_word' id='word_1_440' title='bbox 1471 4337 1508 4382; x_wconf 87' lang='lat' dir='ltr'><strong>ea</strong></span> 
     </span>
    </p>
   </div>
   <div class='ocr_carea' id='block_1_6' title="bbox 198 4444 783 4456">
    <p class='ocr_par' dir='ltr' id='par_1_9' title="bbox 198 4444 783 4456">
     <span class='ocr_line' id='line_1_44' title="bbox 198 4444 783 4456; baseline -0.009 1"><span class='ocrx_word' id='word_1_441' title='bbox 198 4444 783 4456; x_wconf 74' lang='lat'>...-—--..-——-—--—-——————.</span> 
     </span>
    </p>
   </div>
   <div class='ocr_carea' id='block_1_7' title="bbox 185 4505 1510 4928">
    <p class='ocr_par' dir='ltr' id='par_1_10' title="bbox 185 4505 1510 4928">
     <span class='ocr_line' id='line_1_45' title="bbox 252 4505 1510 4568; baseline 0.002 -11"><span class='ocrx_word' id='word_1_442' title='bbox 252 4513 280 4562; x_wconf 83' lang='grc' dir='ltr'>ιι.</span> <span class='ocrx_word' id='word_1_443' title='bbox 309 4517 369 4558; x_wconf 82' lang='lat' dir='ltr'><strong>tuac</strong></span> <span class='ocrx_word' id='word_1_444' title='bbox 396 4507 433 4556; x_wconf 86' lang='grc' dir='ltr'><strong>Μ.</strong></span> <span class='ocrx_word' id='word_1_445' title='bbox 468 4531 497 4542; x_wconf 91' lang='grc'><strong>-</strong></span> <span class='ocrx_word' id='word_1_446' title='bbox 536 4506 579 4556; x_wconf 83' lang='grc'><strong>13.</strong></span> <span class='ocrx_word' id='word_1_447' title='bbox 598 4505 665 4555; x_wconf 77' lang='lat' dir='ltr'><strong>nihil</strong></span> <span class='ocrx_word' id='word_1_448' title='bbox 685 4513 710 4556; x_wconf 81' lang='lat' dir='ltr'><strong>te</strong></span> <span class='ocrx_word' id='word_1_449' title='bbox 726 4531 737 4542; x_wconf 93' lang='lat'><strong>·</strong></span> <span class='ocrx_word' id='word_1_450' title='bbox 754 4508 880 4558; x_wconf 71' lang='lat' dir='ltr'><strong>debetur-s</strong></span> <span class='ocrx_word' id='word_1_451' title='bbox 898 4508 1062 4560; x_wconf 83' lang='lat' dir='ltr'><strong>Lambinus:</strong></span> <span class='ocrx_word' id='word_1_452' title='bbox 1089 4510 1156 4558; x_wconf 79' lang='lat' dir='ltr'><strong>nibil</strong></span> <span class='ocrx_word' id='word_1_453' title='bbox 1176 4535 1184 4545; x_wconf 91' lang='lat'><strong>·</strong></span> <span class='ocrx_word' id='word_1_454' title='bbox 1202 4509 1328 4559; x_wconf 80' lang='lat' dir='ltr'><strong>delectare</strong></span> <span class='ocrx_word' id='word_1_455' title='bbox 1346 4509 1389 4568; x_wconf 82' lang='lat' dir='ltr'><strong>ld,</strong></span> <span class='ocrx_word' id='word_1_456' title='bbox 1415 4508 1483 4559; x_wconf 78' lang='lat' dir='ltr'><strong>nihil</strong></span> <span class='ocrx_word' id='word_1_457' title='bbox 1499 4532 1510 4544; x_wconf 94' lang='lat'>·</span> 
     </span>
     <span class='ocr_line' id='line_1_46' title="bbox 185 4575 1510 4642; baseline -0.001 -10"><span class='ocrx_word' id='word_1_458' title='bbox 185 4582 354 4632; x_wconf 75' lang='lat' dir='ltr'><strong>delectante</strong></span> <span class='ocrx_word' id='word_1_459' title='bbox 373 4578 403 4627; x_wconf 79' lang='lat' dir='ltr'><strong>lt.</strong></span> <span class='ocrx_word' id='word_1_460' title='bbox 439 4575 495 4627; x_wconf 85' lang='lat' dir='ltr'><strong>Cfr.</strong></span> <span class='ocrx_word' id='word_1_461' title='bbox 516 4576 646 4627; x_wconf 84' lang='lat' dir='ltr'><strong>Cortium.</strong></span> <span class='ocrx_word' id='word_1_462' title='bbox 667 4602 697 4612; x_wconf 96' lang='lat'>-</span> <span class='ocrx_word' id='word_1_463' title='bbox 734 4576 778 4626; x_wconf 80' lang='grc'><strong>33.</strong></span> <span class='ocrx_word' id='word_1_464' title='bbox 797 4579 892 4627; x_wconf 78' lang='lat' dir='ltr'><strong>mirum</strong></span> <span class='ocrx_word' id='word_1_465' title='bbox 910 4579 946 4629; x_wconf 84' lang='grc' dir='ltr'><strong>Μ.</strong></span> <span class='ocrx_word' id='word_1_466' title='bbox 967 4606 996 4617; x_wconf 83' lang='grc'><strong>-·</strong></span> <span class='ocrx_word' id='word_1_467' title='bbox 1034 4579 1080 4630; x_wconf 75' lang='lat' dir='ltr'><strong>at.</strong></span> <span class='ocrx_word' id='word_1_468' title='bbox 1097 4580 1240 4642; x_wconf 78' lang='lat' dir='ltr'><strong>propinqui</strong></span> <span class='ocrx_word' id='word_1_469' title='bbox 1258 4585 1368 4629; x_wconf 84' lang='lat' dir='ltr'><strong>auctore</strong></span> <span class='ocrx_word' id='word_1_470' title='bbox 1387 4579 1510 4631; x_wconf 76' lang='lat' dir='ltr'><strong>Ernestio</strong></span> 
     </span>
     <span class='ocr_line' id='line_1_47' title="bbox 187 4645 1510 4715; baseline 0 -13"><span class='ocrx_word' id='word_1_471' title='bbox 187 4650 434 4715; x_wconf 66' lang='lat' dir='ltr'><strong>flengni-Lagona.</strong></span> <span class='ocrx_word' id='word_1_472' title='bbox 455 4671 486 4682; x_wconf 98' lang='lat'>-</span> <span class='ocrx_word' id='word_1_473' title='bbox 505 4649 526 4695; x_wconf 83' lang='grc' dir='ltr'><strong>ιἰ·</strong></span> <span class='ocrx_word' id='word_1_474' title='bbox 544 4649 597 4710; x_wconf 83' lang='lat' dir='ltr'><strong>ipsi</strong></span> <span class='ocrx_word' id='word_1_475' title='bbox 613 4645 749 4696; x_wconf 85' lang='lat' dir='ltr'><strong>Orellius:</strong></span> <span class='ocrx_word' id='word_1_476' title='bbox 775 4649 849 4710; x_wconf 81' lang='lat' dir='ltr'><strong>ttipai</strong></span> <span class='ocrx_word' id='word_1_477' title='bbox 866 4648 914 4706; x_wconf 80' lang='lat' dir='ltr'><strong>ll,</strong></span> <span class='ocrx_word' id='word_1_478' title='bbox 935 4651 986 4711; x_wconf 74' lang='lat' dir='ltr'><strong>ipat</strong></span> <span class='ocrx_word' id='word_1_479' title='bbox 1004 4650 1034 4699; x_wconf 82' lang='lat' dir='ltr'><strong>ll.</strong></span> <span class='ocrx_word' id='word_1_480' title='bbox 1063 4675 1091 4686; x_wconf 96' lang='lat'>-</span> <span class='ocrx_word' id='word_1_481' title='bbox 1131 4649 1175 4699; x_wconf 75' lang='lat' dir='ltr'><strong>tt.</strong></span> <span class='ocrx_word' id='word_1_482' title='bbox 1194 4650 1346 4699; x_wconf 74' lang='lat' dir='ltr'><strong>existimare</strong></span> <span class='ocrx_word' id='word_1_483' title='bbox 1363 4649 1390 4699; x_wconf 84' lang='grc' dir='ltr'><strong>Μ</strong></span> <span class='ocrx_word' id='word_1_484' title='bbox 1406 4666 1413 4701; x_wconf 82' lang='grc' dir='ltr'>ι</span> <span class='ocrx_word' id='word_1_485' title='bbox 1432 4654 1510 4702; x_wconf 78' lang='lat' dir='ltr'><strong>uasti·</strong></span> 
     </span>
     <span class='ocr_line' id='line_1_48' title="bbox 187 4716 1510 4782; baseline 0 -10"><span class='ocrx_word' id='word_1_486' title='bbox 187 4737 259 4772; x_wconf 85' lang='lat' dir='ltr'><strong>more</strong></span> <span class='ocrx_word' id='word_1_487' title='bbox 277 4722 308 4771; x_wconf 82' lang='lat' dir='ltr'><strong>n.</strong></span> <span class='ocrx_word' id='word_1_488' title='bbox 338 4746 368 4754; x_wconf 95' lang='lat'><em>—</em></span> <span class='ocrx_word' id='word_1_489' title='bbox 405 4719 449 4768; x_wconf 89' lang='grc'><strong>35.</strong></span> <span class='ocrx_word' id='word_1_490' title='bbox 476 4719 509 4766; x_wconf 75' lang='lat' dir='ltr'><strong>At</strong></span> <span class='ocrx_word' id='word_1_491' title='bbox 540 4725 650 4767; x_wconf 87' lang='lat' dir='ltr'><strong>auctore</strong></span> <span class='ocrx_word' id='word_1_492' title='bbox 680 4716 801 4766; x_wconf 77' lang='lat' dir='ltr'><strong>Manutto</strong></span> <span class='ocrx_word' id='word_1_493' title='bbox 828 4717 985 4768; x_wconf 80' lang='lat' dir='ltr'><strong>Lambinus.</strong></span> <span class='ocrx_word' id='word_1_494' title='bbox 1022 4717 1078 4770; x_wconf 82' lang='lat' dir='ltr'><strong>Cir.</strong></span> <span class='ocrx_word' id='word_1_495' title='bbox 1108 4719 1185 4769; x_wconf 86' lang='lat' dir='ltr'><strong>lland</strong></span> <span class='ocrx_word' id='word_1_496' title='bbox 1206 4719 1285 4768; x_wconf 82' lang='lat' dir='ltr'><strong>Turs.</strong></span> <span class='ocrx_word' id='word_1_497' title='bbox 1306 4718 1327 4768; x_wconf 88' lang='lat' dir='ltr'><strong>l.</strong></span> <span class='ocrx_word' id='word_1_498' title='bbox 1348 4733 1375 4782; x_wconf 88' lang='lat' dir='ltr'><strong>p.</strong></span> <span class='ocrx_word' id='word_1_499' title='bbox 1394 4723 1456 4772; x_wconf 69' lang='grc'><strong>344.</strong></span> <span class='ocrx_word' id='word_1_500' title='bbox 1477 4743 1510 4757; x_wconf 93' lang='grc'>-</span> 
     </span>
     <span class='ocr_line' id='line_1_49' title="bbox 188 4786 1508 4857; baseline -0.002 -14"><span class='ocrx_word' id='word_1_501' title='bbox 188 4794 249 4844; x_wconf 82' lang='lat' dir='ltr'><strong>cedo</strong></span> <span class='ocrx_word' id='word_1_502' title='bbox 266 4804 336 4841; x_wconf 87' lang='lat' dir='ltr'><strong>unus</strong></span> <span class='ocrx_word' id='word_1_503' title='bbox 355 4789 415 4838; x_wconf 91' lang='lat' dir='ltr'><strong>cod.</strong></span> <span class='ocrx_word' id='word_1_504' title='bbox 436 4788 545 4850; x_wconf 83' lang='lat' dir='ltr'><strong>Regius.</strong></span> <span class='ocrx_word' id='word_1_505' title='bbox 583 4786 638 4837; x_wconf 83' lang='lat' dir='ltr'><strong>Cfr.</strong></span> <span class='ocrx_word' id='word_1_506' title='bbox 668 4786 746 4836; x_wconf 80' lang='lat' dir='ltr'><strong>uano</strong></span> <span class='ocrx_word' id='word_1_507' title='bbox 772 4787 850 4836; x_wconf 80' lang='lat' dir='ltr'><strong>Tun.</strong></span> <span class='ocrx_word' id='word_1_508' title='bbox 880 4788 915 4837; x_wconf 87' lang='grc' dir='ltr'><strong>ΙΙ.</strong></span> <span class='ocrx_word' id='word_1_509' title='bbox 941 4803 967 4852; x_wconf 87' lang='lat' dir='ltr'><strong>p.</strong></span> <span class='ocrx_word' id='word_1_510' title='bbox 994 4790 1037 4840; x_wconf 76' lang='lat' dir='ltr'><strong>ld.</strong></span> <span class='ocrx_word' id='word_1_511' title='bbox 1066 4815 1098 4822; x_wconf 98' lang='lat'>-</span> <span class='ocrx_word' id='word_1_512' title='bbox 1130 4790 1174 4840; x_wconf 78' lang='grc'><strong>33.</strong></span> <span class='ocrx_word' id='word_1_513' title='bbox 1199 4790 1248 4839; x_wconf 81' lang='lat' dir='ltr'><strong>illa</strong></span> <span class='ocrx_word' id='word_1_514' title='bbox 1266 4813 1275 4825; x_wconf 94' lang='lat'><strong>·</strong></span> <span class='ocrx_word' id='word_1_515' title='bbox 1293 4791 1432 4843; x_wconf 67' lang='lat' dir='ltr'><strong>vidotdm</strong></span> <span class='ocrx_word' id='word_1_516' title='bbox 1450 4791 1508 4857; x_wconf 80' lang='lat' dir='ltr'><strong>(ted</strong></span> 
     </span>
     <span class='ocr_line' id='line_1_50' title="bbox 190 4856 1120 4928; baseline -0.003 -15"><span class='ocrx_word' id='word_1_517' title='bbox 190 4864 278 4928; x_wconf 88' lang='lat' dir='ltr'><strong>priore</strong></span> <span class='ocrx_word' id='word_1_518' title='bbox 296 4864 314 4912; x_wconf 90' lang='lat' dir='ltr'><strong>d</strong></span> <span class='ocrx_word' id='word_1_519' title='bbox 333 4859 438 4923; x_wconf 86' lang='lat' dir='ltr'><strong>punctis</strong></span> <span class='ocrx_word' id='word_1_520' title='bbox 458 4861 560 4914; x_wconf 83' lang='lat' dir='ltr'><strong>notata)</strong></span> <span class='ocrx_word' id='word_1_521' title='bbox 579 4857 616 4909; x_wconf 82' lang='lat' dir='ltr'><strong>hl.</strong></span> <span class='ocrx_word' id='word_1_522' title='bbox 641 4881 671 4892; x_wconf 91' lang='lat'>-</span> <span class='ocrx_word' id='word_1_523' title='bbox 706 4856 751 4907; x_wconf 70' lang='grc'><strong>33.</strong></span> <span class='ocrx_word' id='word_1_524' title='bbox 771 4858 881 4922; x_wconf 73' lang='lat' dir='ltr'><strong>deltam</strong></span> <span class='ocrx_word' id='word_1_525' title='bbox 899 4857 944 4909; x_wconf 83' lang='lat' dir='ltr'><strong>hl:</strong></span> <span class='ocrx_word' id='word_1_526' title='bbox 964 4859 1072 4924; x_wconf 68' lang='lat' dir='ltr'><strong>ditique</strong></span> <span class='ocrx_word' id='word_1_527' title='bbox 1090 4858 1120 4910; x_wconf 82' lang='lat' dir='ltr'><strong>ll.</strong></span> 
     </span>
    </p>
   </div>
   <div class='ocr_carea' id='block_1_8' title="bbox 0 0 1645 5400">
    <p class='ocr_par' dir='ltr' id='par_1_11' title="bbox 0 0 1645 5400">
     <span class='ocr_line' id='line_1_51' title="bbox 0 0 1645 5400; baseline 0 0"><span class='ocrx_word' id='word_1_528' title='bbox 0 0 1645 5400; x_wconf 95' lang='lat' dir='ltr'><strong> </strong></span> 
     </span>
    </p>
   </div>
  </div>
 </body>
</html>
