3256 5400
576 227 651 289 LIB.
674 227 699 288 1.
741 228 801 290 ΕΡ.
823 230 853 291 7.
875 227 906 291 8.
928 228 958 290 e.
982 226 1031 289 10.
1402 229 1462 290 ’161

141 384 242 451 sortes
263 385 326 450 viri
347 404 463 449 navare
484 401 615 468 operam
631 393 662 448 et
677 382 815 449 studium
837 383 960 462 volunt3
983 403 1040 447 nec
1062 383 1226 468 quisquam
1249 392 1304 459 est,
1327 384 1401 470 quin
1423 389 1465 450 ita
1491 453 1494 456 ,

142 479 314 554 existimet,
343 500 444 543 meam
473 477 556 562 apud
582 488 612 542 te
640 487 671 543 et
694 482 826 562 gratiam
856 476 1124 542 etauctoritatem
1152 477 1257 541 valere
1284 477 1465 563 plurimum.

141 579 172 638 2.
195 572 257 637 Sed
279 575 312 638 C.
326 572 531 646 Nasennium,
554 571 741 657 municipem
760 575 965 645 Suessanum,
987 571 1045 636 tibi
1066 571 1109 635 ita
1130 571 1332 646 commendo,
1355 582 1389 638 ut
1411 595 1465 638 ne·

141 668 257 734 minem
280 665 469 750 diligentius.
512 667 652 733 Cretensi
674 664 773 740 bello,
802 666 928 731 Metello
950 666 1156 750 imperatore,
1184 675 1328 730 octavum
1350 667 1465 753 princi-

140 783 213 848 pem
236 760 341 837 duxit;
363 771 472 845 postea
492 761 526 826 in
548 782 584 826 re
604 759 751 825 familiari
774 770 943 846 occupatus
965 759 1032 825 luit.
1071 764 1140 825 Hoc
1161 770 1303 845 tempore
1324 781 1395 826 cum
1417 765 1488 826 reis

142 854 284 942 publicae
311 852 468 939 partibus,
497 864 563 919 tum
593 863 645 920 tua
674 855 838 920 excellenti
868 854 1018 938 dignitate
1040 863 1233 926 commotus,
1262 853 1328 918 volt
1357 865 1465 939 perte

143 949 261 1036 aliquid
276 948 468 1014 auctoritatis
483 970 653 1014 assumere.
685 952 812 1014 Fortem
828 949 947 1022 virum,
964 953 1076 1021 Brute,
1092 946 1147 1012 tibi
1162 946 1363 1020 commendo,
1383 947 1466 1032 [rugi

142 1043 301 1109 hominem
323 1051 370 1116 ct,
393 1043 510 1129 siquid
532 1043 571 1108 ad
586 1065 654 1109 rem
668 1044 817 1129 pertinet,
841 1049 934 1107 etiam
956 1043 1153 1128 locupletem.
1190 1045 1373 1126 Pergratum
1390 1041 1466 1106 milri

143 1137 217 1211 erit,
240 1135 268 1201 si
289 1137 425 1202 sumita
447 1137 606 1213 tractaris,
629 1147 665 1203 ut
685 1137 800 1203 merito
822 1151 877 1202 tuo
899 1136 976 1201 mihi
999 1141 1114 1222 gratias
1135 1156 1228 1220 agere
1251 1135 1359 1222 possit.

579 1300 635 1362 IX.
680 1298 823 1363 CICERO
845 1300 975 1363 BRUTO
1002 1300 1033 1361 S.
1479 1304 1506 1346 ¹⁰

231 1432 259 1492 1.
282 1433 443 1512 Fungerer
464 1428 585 1502 officio,
608 1438 728 1513 quotu
750 1428 873 1494 iunctus
895 1450 929 1494 os
950 1429 983 1493 in
1005 1448 1076 1492 meo
1098 1427 1199 1500 luctu,
1225 1436 1318 1513 toque
1340 1446 1399 1512 per
1420 1425 1469 1490 lit·

144 1531 228 1589 teras
249 1522 446 1593 consolarer,
473 1521 533 1585 nisi
555 1521 667 1586 scirem
690 1523 729 1586 iis
750 1523 914 1596 remediis,
944 1521 1058 1608 quibus
1080 1543 1184 1586 meum
1206 1521 1348 1587 dolorem
1371 1530 1404 1584 tu
1425 1519 1469 1583 le·

143 1637 265 1690 vasses,
288 1625 318 1679 te
339 1615 373 1679 in
387 1622 442 1679 tuo
465 1635 528 1679 non
547 1635 659 1699 egere,
681 1635 717 1679 ac
738 1616 832 1681 velim
855 1616 975 1680 facilius
996 1636 1089 1701 quam
1104 1616 1197 1690 milri,
1220 1636 1302 1681 nunc
1323 1613 1380 1679 tibi
1403 1623 1469 1678 tute

143 1710 301 1775 medeare.
337 1713 392 1772 Est
413 1708 496 1772 enim
518 1708 653 1774 alienum
675 1718 761 1774 tanto
775 1710 860 1784 viro,
884 1719 1018 1796 quantus
1040 1731 1073 1774 es
1095 1718 1144 1784 tu,
1167 1709 1252 1795 quod
1267 1710 1356 1774 alteri
1378 1728 1468 1793 prae-

145 1803 278 1887 ceperit,
301 1801 335 1866 id
356 1802 459 1888 ipsum
480 1801 585 1866 lacere
607 1824 669 1867 non
684 1824 788 1889 posse.
823 1808 873 1868 Me
888 1804 1015 1889 quidem
1037 1824 1109 1868 cum
1130 1804 1292 1878 rationes,
1307 1824 1383 1888 quas
1405 1802 1507 1866 col-¹⁵

144 1898 279 1981 legeras,
303 1905 369 1960 tum
390 1896 559 1961 auctoritas
581 1905 633 1962 tua
655 1918 673 1961 a
693 1897 792 1962 nimio
813 1918 958 1962 maerore
980 1897 1142 1963 deterruit.
1187 1901 1264 1963 Cum
1286 1897 1368 1961 enim
1390 1894 1470 1959 mol·

143 1991 205 2055 lius
226 1988 283 2054 tibi
305 1988 390 2054 serre
412 1991 554 2065 viderer,
583 2012 676 2077 quam
699 1991 826 2057 deceret
846 1991 969 2066 virum,
997 1990 1181 2077 praesertim
1205 2013 1293 2067 eum,
1316 1994 1368 2077 qni
1391 1988 1470 2054 alios

145 2083 302 2149 consolari
323 2085 456 2161 soleret;
478 2086 627 2150 accusasti
649 2107 700 2150 me
722 2107 781 2171 per
795 2086 913 2150 litteras
934 2083 1134 2170 gravioribus
1155 2083 1278 2159 verbis,
1301 2105 1393 2169 quam
1415 2091 1469 2146 tua

145 2177 340 2244 consuetudo
368 2176 500 2244 serebat.
542 2183 651 2265 Itaque
678 2179 829 2245 indicium
851 2189 939 2244 tuum
962 2181 1066 2262 magni
1088 2179 1270 2252 aestimans,
1300 2176 1395 2262 idque
1416 2195 1471 2239 ve·

144 2278 239 2347 ritus,
263 2293 313 2337 me
335 2271 402 2359 ipse
417 2272 546 2358 collegi;
570 2283 601 2337 et
615 2294 667 2348 ea,
691 2295 772 2360 quae
794 2273 981 2345 didiceram,
1004 2273 1158 2356 legeram,
1181 2292 1378 2357 acceperam,
1401 2278 1510 2354 gra-2⁰

145 2366 235 2431 viora
262 2365 340 2431 duxi
370 2373 422 2431 tua
450 2367 633 2433 auctoritate
663 2367 777 2433 addita.
819 2374 864 2432 Ac
891 2367 968 2430 mihi
990 2377 1072 2440 tum,
1102 2372 1213 2441 Brute,
1243 2367 1347 2432 officio
1369 2364 1471 2428 solum

146 2468 214 2525 erat
235 2469 266 2524 et
287 2468 430 2537 naturae;
454 2460 510 2525 tibi
532 2481 614 2525 nunc
635 2461 754 2548 populo
776 2468 807 2526 et
828 2481 955 2535 scenae,
978 2468 1012 2524 ut
1034 2459 1162 2535 dicitur,
1192 2457 1390 2524 serviendum
1414 2464 1470 2521 est.

144 2559 222 2619 Nam
248 2574 319 2618 cum
347 2554 381 2618 in
402 2563 433 2618 te
454 2576 518 2619 non
545 2554 647 2620 solum
674 2555 830 2620 exercitus
858 2555 904 2619 tui
931 2553 986 2618 sed
1008 2559 1147 2619 omnium
1170 2554 1285 2618 civium
1313 2573 1350 2616 ac
1370 2568 1469 2638 paene

147 2647 287 2732 gentium
309 2648 441 2714 coniecti
463 2648 547 2713 oculi
562 2648 639 2723 siut,
661 2649 789 2713 minime
810 2648 913 2720 decet,
938 2657 1069 2734 propter
1090 2669 1184 2733 quem
1205 2647 1353 2713 fortiores
1375 2643 1472 2710 ceteri

146 2762 271 2816 sumus,
301 2762 373 2806 enm
402 2742 504 2827 ipsum
532 2743 636 2809 animo
664 2741 857 2807 debilitatum
879 2741 991 2807 videri.
1035 2744 1136 2820 Quam
1166 2741 1207 2806 ob
1234 2763 1302 2806 rem
1324 2736 1509 2822 accepistitt

146 2844 181 2900 tu
196 2835 322 2921 quidem
344 2834 486 2900 dolorem
507 2874 548 2885 —
569 2836 602 2901 id
623 2838 706 2901 enim
728 2836 871 2910 amisisti,
895 2837 945 2901 cui
961 2835 1062 2900 simile
1084 2837 1117 2900 in
1139 2836 1232 2901 torris
1254 2833 1332 2900 nihil
1354 2833 1472 2904 luit-,

147 2939 179 2994 et
199 2939 246 2994 est
268 2928 436 2994 dolendum
458 2930 490 2994 in
512 2939 575 2994 tam
597 2931 685 3014 gravi
706 2931 851 3003 vulnere,
874 2951 914 2994 ne
935 2929 968 2993 id
990 2930 1107 3015 ipsum,
1139 2951 1247 2995 carere
1269 2928 1357 2994 omni
1379 2947 1473 2991 sensu

146 3022 284 3097 doloris,
307 3029 347 3087 sit
368 3024 512 3089 miserius
534 3046 627 3109 quam
649 3023 772 3103 dolere3
802 3024 857 3090 sed
880 3034 914 3089 nt
935 3023 1073 3099 modice,
1096 3024 1210 3088 ceteris
1230 3024 1308 3089 utile
1330 3032 1393 3094 est,
1416 3019 1473 3084 tibi

148 3138 276 3181 necesse
305 3125 361 3182 est.
404 3122 434 3186 3.
463 3118 641 3182 Scriberem
664 3119 771 3204 plura,
799 3119 859 3183 nisi
886 3118 925 3182 ad
947 3128 978 3182 te
999 3117 1077 3182 baec
1098 3118 1164 3203 ipsa
1193 3117 1285 3182 nimis
1307 3115 1403 3178 multa
1425 3133 1473 3176 es-

149 3219 230 3276 seut.
272 3215 336 3275 Nos
359 3220 389 3274 te
411 3220 561 3298 tuumque
584 3213 758 3278 exercitum
781 3222 1014 3297 exspectamus3
1044 3212 1111 3276 sine
1134 3232 1211 3297 qno,
1234 3220 1269 3276 ut
1289 3209 1411 3293 reliqua
1433 3213 1512 3272 e1³⁰

148 3309 298 3369 sententia
328 3305 509 3380 succedant,
540 3307 595 3372 six
623 3307 697 3372 satis
723 3304 815 3371 liberi
841 3306 986 3372 videmur
1006 3305 1087 3374 iore.
1128 3311 1176 3370 De
1206 3314 1269 3370 tota
1291 3300 1473 3388 republica

148 3399 239 3485 plura
268 3397 417 3474 scribam,
448 3409 480 3465 et
500 3400 633 3467 fortasse
659 3401 723 3466 iam
750 3401 886 3466 certiora
910 3400 950 3466 iis
970 3400 1098 3475 litteris,
1130 3420 1209 3485 quas
1231 3396 1338 3463 Veteri
1365 3403 1474 3460 nostro

148 3493 324 3578 cogitabam
346 3493 432 3559 dare.

600 3639 638 3701 X.
682 3639 825 3704 CICERO
847 3638 977 3702 BRUTO
1000 3640 1031 3703 S.

237 3777 265 3838 1.
293 3773 398 3839 Nullas
426 3774 528 3841 adhuc
556 3796 575 3840 a
596 3785 627 3841 te
648 3776 767 3842 litteras
789 3775 993 3855 habebamus;
1024 3798 1064 3841 ne
1085 3775 1201 3840 lamam
1223 3773 1366 3861 quidem,
1394 3786 1512 3859 quaeat

151 3866 323 3932 declararet
337 3877 384 3943 te,
406 3871 530 3953 cognita
552 3878 677 3936 senatus
699 3869 896 3943 auctoritate,
919 3870 951 3933 in
966 3870 1084 3934 ltaliam
1107 3868 1264 3933 adducere
1287 3868 1474 3944 exercitum3

151 3960 236 4045 quod
258 3969 292 4025 ut
314 3960 432 4027 laceres
452 3963 548 4050 idque
570 3973 758 4039 maturares,
786 3983 901 4047 magno
923 3984 1021 4049 opere
1045 3962 1243 4028 desiderabat
1268 3984 1319 4026 res
1341 3960 1474 4047 publica.

151 4055 342 4136 Ingravescit
362 4056 444 4121 enim
466 4058 499 4122 in
520 4057 587 4123 dios
609 4058 790 4123 intestinum
811 4057 944 4132 malum,
972 4078 1030 4122 nec
1052 4059 1189 4122 externis
1215 4054 1356 4120 hostibus
1378 4053 1476 4137 magis

152 4168 244 4233 qnam
268 4147 446 4215 domesticis
467 4149 662 4229 laboramus;
693 4153 748 4239 qui
770 4161 859 4216 erant
879 4153 1007 4216 omnino
1033 4151 1073 4216 ab
1095 4151 1184 4216 initio
1206 4148 1295 4222 belli,
1325 4147 1380 4212 sed
1401 4146 1477 4211 laci·

222 4366 248 4415 1.
269 4364 379 4430 novare]
398 4370 462 4418 dors
481 4368 503 4418 1.
525 4395 555 4405 -
581 4371 608 4418 2.
628 4383 668 4419 me
686 4372 761 4432 opud
779 4376 803 4420 te
822 4374 983 4422 auctoritate
1001 4378 1026 4422 et
1044 4372 1137 4434 pratia
1156 4370 1185 4418 n.
1205 4392 1239 4403 -
1260 4369 1287 4418 3.
1307 4361 1475 4427 Suessanum]

152 4449 276 4485 vesonum
295 4437 316 4486 1.
337 4464 369 4473 -
394 4439 421 4488 l.
442 4437 573 4502 octonum]
594 4446 687 4490 octavo
705 4444 735 4490 s'o
752 4440 790 4503 (=
799 4442 929 4505 octonem)
948 4443 985 4493 11.
1005 4464 1038 4477 -
1063 4442 1090 4491 n.
1110 4441 1165 4489 vott
1184 4453 1239 4501 mg.
1260 4438 1307 4488 Mt
1327 4436 1475 4495 caluitii,

152 4507 237 4556 votuit
256 4521 311 4568 mg.
332 4508 421 4568 Crat,
441 4511 531 4558 voleat
550 4512 578 4570 1,
603 4512 679 4559 veltet
697 4511 751 4560 RE.
780 4537 814 4546 --
850 4513 894 4562 12.
919 4514 953 4561 tis
970 4512 1036 4562 llllt:
1061 4512 1100 4560 bs's
1118 4512 1162 4560 lE.
1192 4534 1222 4546 -
1260 4509 1299 4570 tu]
1318 4512 1374 4557 tum
1391 4508 1424 4556 n.
1446 4529 1474 4541 -

153 4577 196 4626 13.
221 4591 304 4639 quam
319 4578 384 4626 mibi
401 4578 429 4628 1:
457 4593 537 4643 quum
559 4582 652 4629 intuo
670 4580 794 4642 arsibili,
821 4596 900 4646 quam
917 4586 977 4631 tunc
995 4583 1059 4630 milti
1078 4581 1139 4637 1111,
1168 4593 1249 4643 quom
1267 4585 1330 4627 tunc
1348 4591 1396 4640 ego
1415 4576 1478 4625 mibi

153 4647 311 4696 Lambinus.
341 4672 371 4684 -
409 4648 452 4698 tt.
472 4646 551 4712 enim]
570 4659 658 4701 antem
677 4652 707 4700 R.
741 4675 769 4686 -
808 4657 921 4714 quantus
939 4652 961 4700 n
979 4659 1005 4701 et
1024 4653 1108 4711 01x.,
1129 4653 1192 4700 item
1211 4664 1264 4712 mg.
1285 4649 1374 4698 Crat-r
1399 4659 1478 4710 quum

153 4716 196 4774 11,
215 4721 246 4764 ut
263 4717 308 4767 lE.
330 4743 359 4753 -
384 4721 551 4782 praeceperis
572 4721 590 4772 1.
613 4747 641 4757 -
669 4722 711 4771 15.
731 4718 799 4783 cuna]
819 4730 874 4772 tum
893 4722 914 4770 1.
934 4747 966 4755 -
992 4722 1035 4771 16.
1054 4723 1165 4771 Etcum
1183 4734 1240 4771 eum
1260 4722 1281 4769 l.
1306 4742 1332 4752 -
1360 4719 1403 4768 19.
1423 4719 1477 4765 cni·

152 4788 264 4836 stimans
282 4787 348 4837 Cod.
369 4787 455 4838 Oxon·
479 4814 504 4824 -
535 4791 579 4840 20.
598 4792 683 4852 ipsum
704 4792 724 4840 1.
747 4817 777 4826 -
815 4792 1015 4842 2211111111
1032 4806 1102 4842 nunc
1121 4794 1142 4841 Ι.
1165 4818 1193 4828 -
1231 4790 1275 4842 et.
1295 4790 1386 4840 ceteris
1404 4788 1475 4838 n.-

152 4857 196 4907 26.
216 4859 349 4908 admisisti
366 4858 404 4910 Μ.
427 4882 456 4895 -
494 4859 538 4909 32.
558 4861 591 4910 iis
608 4862 646 4910 R:
666 4862 707 4910 bis
726 4861 798 4912 11111.
