3256 5400
554 259 627 323 LlB.
649 258 718 322 ΧΠ.
759 258 820 322 BP.
840 257 871 321 3.
892 256 924 320 d.
945 257 976 320 5.
998 257 1029 320 o.
1386 258 1446 321 att

130 423 247 491 Bruto,
282 436 347 503 quo
375 416 506 501 propius
539 425 604 487 est,
638 436 678 480 eo
700 412 838 480 firmiora
860 412 1007 478 videntur
1028 435 1120 487 esse,
1152 434 1234 500 quae
1256 413 1449 481 nuntiantur.
1495 485 1498 489 ,

128 510 290 578 Dolabella
312 508 402 575 valde
423 508 659 596 vituperabatur
679 507 717 572 ab
741 506 919 573 hominibus
941 527 1005 571 non
1025 506 1168 579 insulsis,
1202 506 1286 594 quod
1309 507 1363 573 tibi
1386 517 1449 573 tam

129 605 192 670 cito
220 604 417 679 succederet,
450 625 521 671 eum
558 613 591 669 tu
619 601 748 667 vixdum
771 601 895 684 triginta
917 600 984 665 dies
1010 600 1042 665 in
1065 602 1153 688 Syria
1177 592 1298 666 luisses'.
1340 606 1449 688 ltaque

129 696 291 763 constabat
320 720 393 763 eum
415 699 513 784 recipi
543 698 576 762 in
602 696 722 784 Syriam
749 717 812 761 non
832 703 991 780 oportere.
1049 698 1176 760 Summa
1204 696 1271 760 laus
1293 705 1324 760 et
1344 706 1396 761 tua
1419 707 1450 761 et

129 791 217 858 Bruti
238 800 300 866 cst,
322 793 408 879 quod
428 792 601 857 exercitum
622 800 748 876 praeter
766 811 854 875 spem
881 787 1101 852 existimamini
1127 809 1335 875 comparasse.
1367 790 1474 854 Scri-a

130 884 237 950 berem
260 886 367 971 plura,
400 887 428 953 si
449 906 517 951 rem
539 904 727 968 causamque
750 903 885 947 nossem.
928 886 1016 946 Nune
1038 903 1118 968 quae
1140 882 1260 959 scribo,
1282 882 1387 949 scribo
1409 904 1451 950 ex

130 979 278 1064 opinione
299 979 461 1045 bominum
483 989 575 1067 atque
598 979 689 1043 lama.
734 980 815 1041 Tuas
836 976 956 1040 litteras
977 975 1068 1042 avide
1089 987 1248 1061 exspecto.
1290 977 1377 1042 Vale.

618 1123 961 1209 umnam)

615 1237 971 1302 cmmffiffis

217 1360 245 1420 1.
266 1356 409 1421 Hiemem
431 1354 527 1421 eredo
550 1354 652 1421 adbuc
681 1355 895 1443 prohibuisse,
917 1379 981 1444 quo
1003 1358 1106 1425 minus
1127 1358 1166 1425 de
1189 1369 1219 1426 te
1249 1371 1370 1427 certum
1397 1360 1489 1427 bare

130 1448 291 1521 heremus,
314 1449 389 1535 quid
408 1469 518 1533 ageres
539 1450 739 1536 maximeque
758 1450 813 1515 ubi
839 1472 934 1517 esses.
977 1452 1204 1538 Loquebantur
1224 1475 1333 1520 omnes
1348 1464 1452 1522 tamen

131 1578 171 1590 -
194 1542 305 1616 credo,
327 1541 413 1629 quod
434 1542 579 1609 volebant
601 1581 635 1591 -
662 1545 806 1632 insyria
829 1554 858 1609 te
881 1567 966 1620 esse,
990 1545 1105 1612 babere
1128 1548 1245 1634 copias.
1288 1549 1323 1615 ld
1348 1561 1452 1616 autem

132 1660 171 1704 eo
191 1638 310 1703 lacibus
336 1635 541 1706 credebatur.
575 1638 648 1723 quia
670 1638 771 1703 simile
793 1639 861 1704 veri
883 1637 1059 1705 videbatur.
1102 1647 1218 1708 Brutus
1246 1643 1374 1730 quidem
1395 1665 1452 1710 no·

131 1745 196 1799 ster
224 1732 382 1818 egregiam
409 1729 534 1796 laudem
558 1741 605 1796 est
630 1742 825 1798 consecutus.
882 1739 943 1797 Res
970 1735 1051 1799 enim
1084 1745 1183 1801 tantas
1207 1738 1303 1822 gessit
1328 1748 1453 1824 tamque

132 1825 320 1911 inopinatas,
357 1836 391 1891 ut
422 1846 479 1890 eae
508 1846 578 1891 cum
607 1847 665 1912 per
693 1846 727 1891 se
748 1835 855 1911 gratae
877 1836 999 1902 essent,
1029 1838 1093 1894 tum
1125 1831 1302 1896 ornatiores
1323 1842 1491 1918 proptera

131 1918 337 1985 celeritatem.
381 1919 503 1996 Quodsi
526 1928 558 1984 tu
580 1940 617 1984 ea
640 1929 743 1993 tenes,
775 1941 857 2006 quae
877 1930 1036 2006 putamus,
1068 1924 1187 2007 magnis
1209 1923 1356 1991 subsidiis
1376 1926 1454 1992 fulta

131 2035 184 2079 res
211 2010 335 2099 publiea
366 2023 427 2088 est;
461 2034 480 2076 a
512 2012 614 2098 prima
634 2013 718 2078 enim
740 2034 796 2079 ora
827 2015 974 2080 Graeciae
996 2017 1157 2101 usquead
1179 2023 1352 2106 Aegyptum
1374 2020 1456 2106 opti-

132 2129 257 2173 morum
289 2106 405 2171 civium
432 2105 572 2192 imperiis
604 2106 715 2173 muniti
745 2108 864 2172 erimus
886 2119 919 2173 et
940 2109 1049 2194 copiis.
1093 2114 1123 2176 2.
1156 2114 1370 2199 Quamquam,
1393 2113 1455 2178 nisi

132 2223 183 2267 me
204 2199 347 2275 fallebat,
382 2221 434 2264 res
459 2221 493 2265 se
516 2201 562 2265 sic
585 2199 735 2276 babebat,
772 2212 806 2266 ut
829 2202 921 2268 totius
943 2201 1017 2268 belli
1039 2224 1131 2268 omne
1161 2205 1329 2271 discrimen
1354 2208 1387 2272 in
1415 2212 1454 2273 Ι).

132 2302 230 2363 Bruto
256 2295 394 2381 positum
419 2292 596 2370 rideretur;
619 2293 673 2381 qui
696 2295 742 2368 si,
765 2307 800 2361 ut
821 2296 1037 2382 sperabamus,
1060 2298 1214 2384 erupisset
1228 2300 1356 2373 Mutina,
1378 2299 1456 2365 nibil
1468 2321 1496 2360 aa

131 2392 205 2458 belli
225 2388 340 2476 reliqui
360 2387 627 2475 sorevidebatur.
671 2389 777 2454 Parvis
799 2391 929 2456 omnino
946 2391 1009 2456 iam
1024 2391 1123 2475 copiis
1140 2390 1353 2467 obsidebatur,
1369 2391 1455 2479 quod

131 2507 245 2571 magno
270 2481 427 2570 praesidio
455 2482 628 2548 Bononiam
664 2481 788 2547 tenebat
822 2484 985 2549 Antonius.
1046 2489 1121 2550 Erat
1151 2496 1256 2550 autem
1293 2487 1456 2553 Claternae

132 2591 239 2645 noster
267 2575 402 2649 Hirtius.
430 2575 471 2640 ad
494 2580 610 2640 Forum
633 2576 812 2642 Cornelium
840 2581 968 2651 Caesar,
999 2587 1132 2663 uterque
1155 2599 1226 2642 cnm
1249 2579 1341 2645 lirmo
1364 2603 1457 2646 excr-

134 2674 213 2751 eitu;
251 2691 438 2756 magnasque
471 2675 587 2735 Romae
619 2673 718 2734 Pansa
762 2670 869 2754 coplas
909 2691 949 2735 er
986 2669 1108 2736 delectu
1147 2672 1252 2737 ltaliae
1284 2683 1456 2761 comparat.

132 2768 240 2834 Hiems
271 2763 374 2830 adbuc
401 2783 469 2827 rem
498 2762 565 2847 geri
594 2761 805 2847 prohibuerat.
861 2764 981 2828 Hirtius
1007 2764 1084 2830 nibil
1106 2765 1166 2830 nisi
1187 2767 1399 2844 considerate,
1421 2779 1494 2836 ιιῑιι

133 2860 211 2926 mibi
231 2858 353 2925 crebris
384 2856 497 2922 litteris
525 2855 693 2942 significat,
725 2865 852 2921 acturus
881 2857 1053 2932 videbatur.
1104 2865 1233 2925 Praeter
1267 2862 1456 2938 Bononiam,

133 2954 265 3039 Regium
292 2950 420 3038 Lepidi,
457 2955 614 3023 Parmam.
651 2958 746 3014 totam
770 2949 900 3015 Galliam
922 2951 1104 3017 tenebamus
1125 2953 1385 3020 studiosissimam
1407 2953 1457 3020 rei

133 3046 286 3134 publicae.
340 3051 424 3112 Tuos
453 3043 548 3107 etiarn
575 3043 703 3109 clientes
735 3043 972 3128 Transpadanos
1007 3046 1140 3111 mirifice
1170 3048 1352 3114 coniunctos
1384 3069 1456 3115 cum

133 3162 226 3206 causa
243 3137 444 3203 habebamus.
502 3141 577 3200 Erat
598 3134 794 3200 firmissimus
816 3147 958 3211 senatus,
988 3139 1130 3224 exceptis
1152 3139 1385 3216 consularibus,
1415 3162 1456 3206 ex

134 3233 250 3322 quibus
270 3254 351 3298 unus
372 3236 407 3296 L.
431 3234 545 3297 Caesar
566 3229 674 3295 firmus
696 3238 744 3293 est
765 3238 932 3294 etractus.
975 3234 1005 3295 3.
1028 3236 1095 3296 Ser.
1115 3234 1245 3317 Sulpicii
1267 3244 1369 3298 morte
1391 3251 1494 3299 ma-⁸t

133 3349 229 3413 gnum
256 3325 445 3414 praesidium
478 3324 648 3389 amisimus.
700 3321 823 3408 Reliqui
850 3323 962 3409 partim
994 3325 1129 3399 inertes,
1161 3328 1274 3412 partim
1304 3328 1456 3415 improbi;

133 3420 275 3487 nonnulli
296 3420 436 3486 invident
457 3439 567 3484 eorum
589 3415 691 3488 laudi,
714 3436 794 3502 quos
815 3417 847 3480 in
869 3437 905 3481 rc
927 3417 1051 3503 publiea
1072 3418 1202 3505 probari
1224 3421 1340 3487 vident.
1397 3428 1458 3489 Po·

134 3515 200 3601 puli
221 3535 299 3580 vero
319 3512 452 3581 Romani
472 3511 630 3597 totiusque
652 3509 758 3574 ltaliae
780 3509 861 3574 mira
882 3512 1047 3576 consensio
1062 3523 1118 3578 est.
1162 3517 1246 3577 llaec
1267 3525 1356 3580 erant
1379 3516 1455 3592 lere,

134 3627 215 3694 quae
236 3606 293 3672 tibi
314 3617 388 3673 nota
409 3627 477 3671 esse
499 3603 623 3669 vellem.
665 3607 753 3667 Nunc
774 3613 876 3668 autem
900 3612 992 3691 opto,
1014 3616 1050 3670 ut
1070 3605 1110 3670 ab
1132 3606 1200 3672 istis
1222 3608 1361 3674 Orientis
1384 3631 1458 3696 par-

135 3700 218 3768 tibus
240 3701 363 3769 virtutis
384 3708 457 3766 tuae
477 3699 583 3764 lumen
606 3697 736 3762 eluceat.
780 3697 867 3763 Vale.
1466 3710 1495 3752 τι

616 3837 978 3918 mmoema

616 3951 1022 4016 mmmffims'

218 4080 249 4140 1.
272 4075 336 4153 Qui
362 4083 459 4140 status
479 4092 588 4137 rerum
609 4069 705 4136 luerit
726 4079 807 4144 tum,
840 4091 911 4136 cum
933 4069 988 4137 bas
1009 4071 1128 4140 litteras
1149 4074 1235 4151 dedi,
1265 4079 1346 4143 scire
1369 4088 1458 4165 pote·

135 4170 179 4236 ris
201 4193 240 4236 ex
264 4176 296 4237 C.
319 4170 400 4236 atrio
423 4167 596 4240 Strabone,
627 4165 698 4230 viro
720 4163 805 4230 bono
827 4174 858 4230 et
879 4166 997 4251 optime
1019 4167 1058 4232 de
1080 4191 1116 4234 re
1138 4170 1260 4257 publiea
1282 4172 1456 4251 sentiente;

136 4287 207 4330 narn
229 4264 304 4352 quid
325 4263 446 4336 dicam,
479 4259 682 4347 cupidissimo
710 4259 755 4323 tui
768 4266 787 4334 ,'
813 4260 867 4345 qui
891 4258 986 4325 domo
1015 4272 1046 4326 et
1068 4263 1202 4329 fortunis
1224 4265 1341 4330 relictis
1363 4266 1402 4331 ad
1424 4277 1494 4335 leae

135 4359 331 4446 potissimum
362 4356 521 4442 proiectus
557 4352 617 4418 sitt
654 4358 761 4439 ltaque
790 4373 861 4417 eum
885 4352 942 4418 tibi
967 4376 1007 4418 ne
1023 4357 1210 4421 commendo
1231 4359 1379 4444 quidem;
1402 4359 1457 4425 ad·

136 4462 246 4518 ventus
269 4452 367 4538 ipsius
391 4450 433 4515 ad
459 4460 489 4514 te
510 4449 584 4514 satis
610 4469 681 4512 eum
707 4445 945 4514 commendabit.
990 4453 1021 4514 2.
1044 4455 1090 4514 Tu
1113 4450 1206 4515 velim
1229 4459 1273 4517 sic
1295 4453 1456 4520 existimes

206 4673 247 4724 13.
264 4673 319 4721 ocra·
335 4670 469 4720 Orelltor:
490 4683 547 4719 uere
566 4683 606 4732 pr.
625 4668 669 4725 bl.
689 4681 750 4716 vere
769 4666 789 4715 ll
810 4680 871 4715 eum
892 4681 962 4717 corr.
982 4668 1019 4717 bl.
1043 4693 1072 4703 -
1111 4671 1153 4720 15.
1174 4679 1228 4720 tum
1246 4675 1375 4736 gratiores
1393 4675 1456 4724 Cra·

136 4744 241 4792 lauder.
267 4768 295 4779 -
334 4742 378 4789 21.
398 4741 491 4804 reliqui
509 4739 553 4790 bl:
573 4738 699 4800 reliquum
721 4736 774 4785 BB.
796 4760 826 4771 -
863 4737 907 4787 24.
925 4737 1020 4787 dilectu
1039 4739 1075 4788 ll.
1104 4765 1132 4775 -
1171 4750 1306 4803 comparat
1325 4743 1369 4792 bl:
1387 4758 1457 4793 cern·

133 4814 249 4876 parabat
280 4812 429 4862 Brnesttur.
468 4832 499 4845 -
544 4808 587 4859 39.
616 4807 685 4857 Titio
714 4806 870 4857 Manutius:
904 4807 979 4856 Tida'o
1007 4807 1066 4858 ortt.
1111 4810 1188 4861 Cant.
1217 4811 1275 4861 bih.
1304 4813 1378 4862 xlll.
1406 4814 1454 4877 Bp.

137 4883 180 4935 ll.
199 4880 228 4946 δ.
248 4883 274 4934 1.
