3256 5400
147 243 208 306 tlt
568 240 843 305 urlsrollnttlt
864 242 916 304 Ab
938 241 1028 304 Flu.

144 398 276 473 laceret,
312 397 351 462 ad
377 415 485 462 omnes
512 415 565 459 res
598 393 788 461 abuteretur.
844 399 875 459 2.
907 394 1030 460 Proieci
1052 394 1155 481 itaque
1178 416 1236 481 per
1257 398 1456 460 Laterensem

143 493 383 568 internuntium;
405 489 497 554 fidem
519 488 596 553 mihi
617 487 703 553 dedit
716 509 750 552 se
771 488 957 562 Antonium,
979 488 1005 553 si
1028 487 1198 572 probibere
1218 489 1380 575 provincia
1406 511 1464 554 sua

144 607 208 651 non
234 585 401 670 potuisset,
434 581 517 647 bello
539 591 793 668 persecuturum
827 602 891 655 me,
921 590 956 645 ut
976 580 1118 645 venirem
1140 581 1310 667 copiasque
1332 581 1462 646 coniun-

145 698 268 763 gerem,
291 676 426 761 rogavit,
450 696 552 762 eoque
573 674 687 759 magis,
709 673 794 759 quod
816 685 847 739 et
868 675 1019 739 Antonius
1040 672 1079 738 ab
1106 675 1245 759 equitatu
1266 675 1374 739 firmus
1393 696 1462 739 esse

120 769 307 840 adicebatur
335 778 365 832 et
393 768 529 854 Lepidus
558 788 597 832 ne
633 767 823 832 mediocrem
844 767 971 854 quidem
1006 767 1176 852 equitatum
1199 766 1342 832 babebat.
1385 774 1461 833 Nam

144 864 236 929 etiam
259 886 300 927 er
318 863 471 949 paucitate
493 862 561 927 eius
584 883 646 926 non
673 861 777 925 multis
799 873 870 926 ante
895 860 1006 926 diebus
1032 860 1161 933 decem,
1185 861 1239 947 qui
1261 862 1370 947 optimi
1393 862 1463 927 lue

144 967 227 1033 rant,
250 956 288 1021 ad
310 978 360 1021 me
381 957 578 1022 transierunt.
623 954 745 1032 Quibus
765 953 860 1019 rebus
882 975 941 1038 ego
961 955 1094 1038 cognitis
1112 964 1272 1020 cunctatus
1292 976 1355 1019 non
1374 977 1460 1033 sum;

144 1052 292 1115 incursu
315 1049 471 1115 bonorum
494 1049 697 1113 consiliorum
725 1047 875 1133 Lepidum
896 1046 1105 1112 adiuvandum
1128 1053 1243 1133 putavi.
1287 1053 1316 1112 3.
1339 1047 1462 1111 Adven-

144 1153 193 1209 tus
215 1165 303 1208 mcus
324 1143 398 1228 quid
419 1143 618 1229 prolecturus
641 1150 737 1214 esset,
761 1141 844 1218 vidi;
880 1141 930 1206 vel
952 1141 1036 1226 quod
1059 1142 1198 1227 equitatu
1220 1163 1291 1205 meo
1312 1146 1459 1227 persequi

109 1248 236 1324 roatque
258 1238 437 1322 opprimere
459 1237 628 1322 equitatum
650 1235 717 1300 eius
739 1256 879 1321 possem,
902 1235 950 1299 vel
974 1233 1060 1319 quod
1082 1235 1238 1299 exercitus
1261 1235 1369 1320 Lepidi
1392 1256 1460 1298 eam

143 1341 278 1418 partem,
315 1352 394 1417 quae
426 1340 573 1415 corrupta
595 1340 642 1393 est
664 1337 694 1394 et
716 1327 755 1393 ab
780 1349 816 1391 re
839 1326 962 1413 publica
993 1327 1138 1402 alienata,
1173 1337 1204 1392 ct
1238 1329 1400 1411 corrigere
1430 1338 1462 1392 ct

143 1434 291 1491 coercere
312 1424 487 1511 praesentia
508 1423 570 1487 mei
592 1422 749 1486 exercitus
771 1442 905 1506 possem.
948 1426 1056 1507 ltaque
1078 1421 1110 1484 iu
1128 1426 1236 1495 lsara,
1259 1421 1385 1487 llumine
1398 1442 1462 1484 ma-

143 1517 245 1592 ximo,
275 1517 360 1603 quod
381 1518 413 1580 in
442 1516 554 1581 finibus
574 1525 620 1580 est
641 1515 860 1599 Allobrogum,
890 1525 984 1600 ponte
1005 1536 1070 1579 uno
1093 1514 1143 1579 die
1165 1515 1264 1590 lacto,
1287 1516 1460 1580 exercitum

144 1631 172 1676 a.
194 1610 224 1676 d.
248 1630 314 1675 ιιιι.
336 1610 409 1675 ldus
431 1611 527 1675 Maias
549 1609 684 1675 traduxi.
742 1612 819 1674 Curn
851 1630 927 1673 vcro
949 1608 1026 1673 mibi
1048 1609 1222 1673 nuntiatum
1243 1618 1324 1673 esset
1344 1612 1379 1672 L.
1401 1617 1463 1672 An-

111 1706 266 1772 alonium
287 1704 493 1790 praemissum
515 1724 585 1768 cum
607 1700 764 1789 equitibus
786 1713 817 1767 et
839 1702 1021 1767 cohortibus
1045 1703 1084 1768 ad
1098 1707 1214 1768 Forum
1236 1701 1307 1766 lulii
1327 1701 1461 1772 venisse,

143 1797 271 1864 lretrem
301 1819 372 1862 cum
404 1797 544 1882 equitum
571 1808 719 1882 quattuor
746 1796 886 1870 milibus,
929 1807 965 1860 ut
992 1808 1174 1861 occurreret
1199 1796 1248 1870 ei,
1284 1793 1355 1859 misi
1379 1815 1408 1858 a.
1430 1794 1460 1858 d.

145 1910 178 1956 v.
199 1890 273 1955 Idus
294 1890 405 1967 blaias;
433 1890 499 1974 ipse
521 1890 665 1954 maximis
686 1889 851 1954 itineribus
873 1911 944 1954 cum
966 1900 1113 1977 quattuor
1134 1890 1309 1975 legionibus
1332 1889 1461 1974 expedi·

144 1984 184 2050 tis
213 1994 245 2047 et
273 1983 396 2069 reliquo
425 1982 565 2068 equitatu
592 1982 775 2068 subsequar.
832 1988 862 2048 4.
893 1984 924 2048 si
948 2006 1005 2048 nos
1028 1985 1196 2050 mediocris
1219 1983 1313 2047 modo
1336 1982 1460 2047 fortuna

143 2077 192 2143 rei
218 2076 360 2162 publicae
386 2075 555 2150 adiuverit,
593 2085 624 2140 et
651 2075 797 2140 audaciae
827 2077 1021 2163 perditorum
1046 2090 1078 2143 et
1097 2088 1224 2144 nostrae
1246 2075 1461 2142 sollicitudinis

107 2171 195 2236 nobie
216 2169 307 2233 linem
330 2168 535 2255 reperiemus.
581 2168 673 2247 Quod
696 2170 721 2233 si
743 2169 840 2246 latro,
863 2173 1064 2256 praecognito
1088 2182 1196 2237 nostro
1218 2171 1368 2238 adventu,
1389 2187 1460 2230 rur·

143 2285 196 2329 sus
225 2265 256 2328 in
280 2264 399 2328 ltaliam
429 2285 462 2326 se
484 2263 625 2348 recipere
647 2265 801 2347 eoeperit,
836 2265 922 2329 Bruti
951 2266 1009 2331 crit
1040 2267 1175 2331 officium
1213 2283 1380 2330 occurrere
1413 2259 1459 2337 ci;

143 2358 195 2422 cui
216 2357 282 2423 scio
304 2377 362 2420 nec
383 2356 544 2421 consilium
567 2377 624 2420 nee
652 2357 789 2421 animum
817 2357 1006 2424 deleturum.
1049 2365 1116 2444 Ego
1137 2370 1257 2432 tamen,
1280 2357 1306 2421 si
1328 2356 1361 2421 id
1382 2354 1460 2418 acci-

144 2450 243 2523 derit,
266 2450 395 2515 fratrem
416 2470 487 2514 curn
509 2450 648 2535 equitatu
670 2451 805 2525 mittam,
843 2453 897 2537 qui
918 2464 1081 2538 sequatur,
1109 2454 1227 2518 ltaliam
1250 2474 1268 2516 a
1288 2450 1460 2516 vastatione

144 2543 298 2611 desendet.
340 2549 400 2608 Fac
421 2543 523 2608 valens
547 2565 659 2629 meque
681 2554 790 2609 mutuo
812 2544 931 2629 diligas.

109 2719 137 2762 „
599 2686 679 2746 nu.
723 2685 775 2764 (A.
802 2687 834 2749 u.
857 2687 889 2748 a.
911 2686 1000 2766 ιιι.)

636 2799 778 2860 cronno
800 2799 963 2862 rmnco.

231 2921 258 2981 l.
280 2917 363 2981 Nihil
384 2927 455 3002 post
475 2915 635 2980 bominum
658 2917 841 2980 memoriam
864 2916 1047 3001 gloriosius,
1069 2917 1147 2982 nibil
1161 2918 1302 3003 gratius,
1324 2941 1364 2984 ne
1384 2929 1462 2984 tem·

145 3031 222 3096 pore
245 3010 371 3095 quidem
392 3010 461 3096 ipso
484 3009 691 3095 opportunius
713 3009 853 3074 accidere
879 3009 942 3075 vidi
968 3032 1060 3097 quam
1083 3021 1160 3084 tuas,
1183 3013 1309 3088 Plance,
1332 3015 1460 3080 litteras.

145 3103 293 3169 Redditae
323 3113 395 3169 suut
423 3104 506 3169 enim
534 3103 688 3189 frequenti
718 3112 826 3168 senatu
849 3107 1007 3179 Cornuto,
1041 3126 1112 3169 cum
1133 3104 1160 3169 is
1182 3105 1311 3191 frigidas
1333 3131 1406 3173 sane
1429 3120 1460 3173 et

103 3189 352 3261 'encaustanms
381 3199 540 3262 recitasset
571 3196 689 3262 litteras
721 3197 840 3283 Lepidi.
897 3197 961 3262 Sub
994 3220 1046 3263 eas
1077 3199 1179 3263 statim
1206 3201 1352 3266 recitatae
1390 3210 1461 3266 sunt

145 3299 230 3363 tuae,
253 3312 315 3354 nou
338 3291 403 3355 sine
425 3290 543 3375 magnis
566 3289 690 3375 quidem
712 3290 912 3356 clamoribus.
956 3295 1032 3356 Cum
1054 3292 1149 3356 rebus
1165 3293 1248 3357 onim
1263 3295 1339 3380 ipsis
1356 3306 1461 3359 essent

145 3391 176 3447 et
197 3383 307 3447 studiis
328 3383 551 3470 -beneliciisquc
579 3385 612 3448 in
633 3405 701 3448 rem
723 3383 877 3469 publicam
899 3386 1111 3467 gratissimae,
1146 3397 1209 3451 tum
1232 3399 1320 3452 crant
1342 3389 1462 3472 gravis-

145 3475 232 3540 simis
254 3476 358 3540 verbis
379 3500 415 3541 ac
437 3479 606 3542 sententiis
649 3478 801 3562 Flagitare
824 3487 947 3542 senatus
969 3479 1077 3544 institit
1095 3484 1281 3555 Cornutum,
1305 3491 1339 3547 ut
1362 3483 1462 3546 reler-

143 3581 194 3634 ret
214 3570 315 3634 statim
339 3570 376 3634 dc
400 3572 460 3634 tuis
483 3572 603 3636 litteris.
662 3572 716 3636 Ille
738 3593 771 3634 se
794 3571 993 3636 considerare
1014 3573 1104 3637 velle.
1160 3580 1237 3640 Cum
1261 3575 1290 3640 ei
1314 3596 1460 3659 magnum

108 3664 320 3739 s5conricium
343 3663 429 3728 beret
451 3674 561 3728 cuncto
583 3686 600 3728 a
623 3674 750 3739 senatu,
773 3666 910 3751 quinque
926 3665 1043 3730 tribuni
1059 3666 1142 3752 plebi
1157 3671 1351 3734 rettulerunt.
1386 3672 1462 3731 Ser-

144 3756 237 3821 vilius
265 3768 393 3840 rogatus
425 3778 493 3820 rem
515 3757 648 3835 distulit;
683 3778 742 3841 ego
771 3780 840 3821 eam
862 3760 1045 3823 sententiam
1067 3761 1148 3834 dixi,
1178 3763 1227 3826 cui
1249 3773 1320 3826 sunt
1342 3759 1460 3824 assensi

144 3848 184 3914 ad
205 3871 311 3914 ununr.
355 3854 398 3913 En
413 3872 493 3936 qnae
508 3850 616 3924 luerit,
639 3873 679 3915 cx
694 3861 818 3916 senatus
834 3853 975 3916 consulto
991 3874 1169 3937 cognosces.
1213 3859 1242 3919 2.
1265 3859 1328 3925 Τιι,
1352 3875 1461 3939 quam·

144 3963 238 4030 qnam
260 3943 391 4008 consilio
413 3966 476 4008 non
497 3965 570 4029 eges
592 3945 640 4008 vel
657 3944 795 4009 abundas
817 3944 936 4030 potius,
959 3957 1062 4010 tamen
1077 3946 1137 4011 hoc
1152 3949 1255 4013 animo
1271 3969 1338 4012 esse
1354 3947 1460 4020 debes,

143 4045 179 4102 ut
199 4036 275 4101 nibil
297 4036 357 4102 huc
378 4038 501 4102 reiicias
524 4059 602 4102 neve
623 4039 656 4102 iu
678 4037 772 4103 rebus
796 4049 856 4102 taur
879 4039 990 4103 subitis
1013 4051 1137 4126 tamque
1152 4040 1290 4126 angustis
1312 4062 1329 4103 a
1352 4049 1461 4104 senatu

106 4131 308 4204 reconsilium
331 4132 498 4215 petendum
520 4143 619 4218 putes.
662 4137 732 4218 lpse
753 4133 809 4196 tibi
832 4133 874 4197 sis
896 4142 1035 4211 senatus3
1058 4156 1246 4222 quocunque
1268 4144 1298 4197 te
1313 4132 1394 4197 ratio
1412 4132 1460 4195 rei

143 4223 287 4310 publicae
310 4224 422 4298 ducet,
454 4246 596 4312 sequare.
641 4229 752 4299 Cures,
775 4237 809 4291 ut
831 4236 900 4290 ante
922 4226 1036 4291 factum
1058 4228 1185 4312 aliquod
1208 4250 1225 4291 a
1247 4240 1276 4292 tc
1299 4226 1461 4311 egregium

143 4318 322 4391 audiamus,
346 4339 439 4404 quam
460 4318 600 4383 luterum
622 4320 805 4404 putarimus.
853 4321 932 4386 Illud
955 4320 1012 4385 tibi
1034 4322 1203 4407 promitto,
1225 4319 1377 4407 quidquid
1400 4319 1461 4384 crit

1264 4449 1458 4457 -.-,.-.--.--ι

214 4511 240 4557 1.
260 4509 408 4573 ΡιοῙοςιᾳυο
433 4524 480 4571 per
505 4516 614 4560 erectore
640 4512 763 4561 Ernestlo
791 4513 949 4571 Sebinnus,
982 4514 1081 4576 Profert
1105 4515 1193 4576 utiquo
1215 4527 1262 4574 per
1282 4513 1358 4562 lland
1379 4513 1458 4560 Turs.

145 4575 195 4626 111.
216 4592 243 4641 p.
263 4579 323 4627 510.
350 4603 382 4615 -
418 4581 444 4630 9.
465 4577 537 4642 quid]
556 4583 600 4643 qut
619 4582 656 4630 Μ.
682 4605 714 4614 -
750 4583 811 4632 Post
829 4586 945 4645 eqrtttotu
962 4597 1018 4632 meo
1036 4585 1139 4633 videtur
1157 4585 1287 4633 excidisse
1306 4584 1458 4631 Antonium.

145 4647 195 4697 Ott-
225 4671 255 4681 -
292 4649 660 4700 tt.ttatttt.itemv.17.
684 4675 711 4684 -
756 4654 798 4701 15.
820 4651 926 4716 Forum]
945 4667 1033 4701 comm
1052 4654 1088 4702 Μ.
1111 4679 1141 4689 -
1179 4655 1267 4702 llbo.
1287 4655 1314 4701 d.
1335 4667 1378 4701 ιιι.
1400 4654 1461 4702 Μαι

144 4715 239 4765 Λιιιιιι.
261 4718 302 4766 13.
329 4741 359 4752 -
395 4719 440 4768 23.
465 4721 620 4783 Italiamque
638 4722 731 4770 Dresd.
752 4724 855 4772 tertius.
885 4749 913 4758 —
952 4724 995 4772 30.
1020 4724 1072 4771 sint
1094 4723 1130 4773 Μ.
1164 4748 1194 4758 -
1231 4724 1275 4772 32.
1295 4738 1351 4786 rep.
1371 4722 1407 4771 Μ.
1428 4748 1460 4758 -

144 4785 188 4835 33.
208 4801 240 4835 uc
258 4787 302 4837 lt:
322 4794 346 4836 et
366 4787 395 4836 E.
408 4813 442 4821 —
462 4790 505 4839 35.
523 4790 592 4852 plebi
608 4791 654 4840 bl:
672 4791 754 4853 plebei
774 4793 803 4841 ll.
820 4818 849 4828 -
869 4794 912 4843 39.
932 4793 990 4842 bule
1005 4793 1041 4844 tt.
1063 4817 1093 4828 -
1111 4794 1220 4843 subditis
1238 4794 1275 4844 Μ.
1298 4819 1325 4829 -
1346 4795 1392 4844 te.
1410 4796 1460 4843 erit
1557 4813 1562 4820 ·

144 4854 459 4908 atsblaatoers'tll.
