3256 5400
179 217 241 281 sto
602 213 878 279 EPISTOLAllUbl
897 215 950 277 AD
972 213 1063 277 TAM.

177 372 371 448 Dolabellae,
395 372 445 438 cui
461 371 598 438 Lucilius
617 379 776 458 praeerat;
799 370 852 457 qui
875 390 962 456 sporn
983 390 1077 456 saepe
1097 370 1291 437 transitionis
1313 369 1497 458 praebendo

177 489 279 555 neque
300 486 438 553 unquam
460 486 524 532 non
545 464 725 530 decedendo
745 462 913 528 novissime
938 467 1092 551 Corycum
1116 485 1150 529 se
1177 464 1308 531 contulit
1333 473 1366 529 et
1390 464 1497 532 clauso

177 572 271 648 portu
299 580 333 625 se
363 570 469 625 tenere
501 558 613 645 coepit,
662 563 744 630 Nos,
768 556 820 622 illa
840 557 965 631 relicta,
990 556 1075 644 quod
1098 565 1130 622 et
1153 556 1186 624 in
1210 567 1311 624 castra
1328 559 1497 645 pervenire

177 654 273 720 satius
295 674 363 719 esse
384 652 569 740 putabamus
590 661 621 717 et
643 649 834 739 sequebatur
855 649 960 715 classis
981 650 1095 724 altera,
1118 672 1210 738 quam
1233 671 1315 718 anno
1337 651 1448 738 priore
1464 651 1499 719 in

154 747 318 836 ³Bithynia
351 747 459 814 Tillius
488 744 613 813 Cimber
640 753 856 839 compararat,
893 742 943 808 cui
977 743 1136 811 Turullius
1158 755 1306 832 quaestor
1330 755 1497 832 praeerat,

177 846 313 930 Cyprum
333 841 510 928 petivimus.
566 839 715 926 ibiquae
737 836 957 922 eognovimus,
979 836 1120 902 scribere
1141 838 1180 903 ad
1202 861 1259 905 vos
1281 861 1376 927 quam
1398 839 1498 907 celer-

175 933 255 999 rime
276 933 444 998 voluimus.
485 936 515 998 4.
537 931 728 997 Dolabellam
751 942 786 998 ut
802 938 984 1007 Tarsenses,
1007 931 1135 1017 pessimi
1149 933 1247 1008 socii,
1268 934 1312 998 ita
1327 933 1499 1001 Laodiceni

177 1028 274 1093 multo
288 1027 476 1092 amentiores
492 1026 576 1091 ultro
592 1027 817 1104 arcessierunt;
839 1024 1007 1111 exquibus
1023 1026 1164 1114 utrisque
1186 1027 1379 1102 civitatibus,
1401 1034 1500 1096 Grae·

176 1141 287 1187 corum
316 1121 447 1187 militum
470 1140 620 1193 numero,
655 1120 792 1206 speciem
815 1120 972 1185 exercitus
998 1119 1110 1186 effecit.
1164 1125 1270 1187 Castra
1302 1121 1398 1189 habet
1426 1131 1499 1188 ante

143 1227 168 1265 ¹⁰
177 1214 327 1301 oppidum
349 1214 533 1280 Laodiceam
551 1214 651 1300 posita
670 1223 700 1279 et
717 1223 838 1300 partem
857 1214 939 1279 muri
959 1213 1126 1280 demolitus
1147 1224 1240 1280 estet
1254 1224 1355 1280 castra
1377 1214 1499 1302 oppido

177 1307 348 1373 coniunxit.
405 1308 529 1374 Cassius
558 1317 666 1373 noster
693 1328 764 1372 cum
794 1306 903 1371 decem
930 1306 1108 1392 legionibus
1129 1317 1161 1373 et
1182 1307 1365 1375 cohortibus
1388 1308 1499 1394 viginti

177 1401 351 1466 auxiliariis
372 1411 570 1487 etquattuor
602 1401 722 1466 milium
744 1401 882 1487 equitatu
905 1423 923 1465 a
944 1400 1071 1466 milibus
1092 1422 1242 1488 passuum
1264 1401 1374 1487 viginti
1395 1410 1499 1468 castra

177 1495 271 1560 habet
298 1494 398 1580 posita
419 1496 560 1576 Πάλτῳ,
598 1503 630 1560 et
650 1495 806 1560 existimat
826 1516 860 1567 se
881 1494 948 1560 sine
969 1494 1093 1580 proelio
1116 1515 1208 1581 posse
1229 1495 1367 1561 vincere.
1419 1499 1500 1561 Nam

178 1589 239 1653 iam
262 1588 358 1653 ternis
383 1588 618 1654 tetradrachmis
639 1588 775 1653 triticum
797 1587 880 1674 apud
899 1587 1092 1653 Dolabellam
1114 1597 1171 1654 est.
1223 1589 1290 1654 Nisi
1312 1586 1389 1674 quid
1410 1586 1499 1653 navi-

144 1681 237 1747 ¹⁵bus
265 1681 513 1747 Laodicenorum
547 1681 750 1768 supportarit,
788 1683 850 1748 cito
871 1682 954 1747 lame
975 1691 1099 1767 pereat,
1127 1703 1255 1747 necesse
1277 1692 1338 1760 cst;
1361 1702 1401 1747 ne
1423 1702 1499 1768 sup·

178 1784 306 1861 portare
327 1775 441 1862 possit,
464 1786 496 1840 et
516 1775 612 1841 Cassii
633 1775 739 1840 classis
761 1775 841 1840 bene
860 1796 987 1859 magna,
1010 1775 1061 1841 cui
1081 1785 1207 1862 praeest
1221 1775 1370 1841 Sextilius
1385 1773 1497 1848 Rufus,

178 1880 209 1934 et
230 1879 309 1942 tres,
347 1891 424 1954 quas
444 1891 502 1936 nos
523 1869 725 1942 adduximus,
758 1889 837 1954 ego,
870 1869 1045 1941 Turullius,
1065 1869 1224 1944 Patiscus,
1246 1868 1336 1934 facile
1357 1878 1500 1955 praesta-

178 1961 265 2029 bunt.
321 1969 365 2028 Te
386 1963 460 2029 volo
481 1963 560 2028 bene
584 1984 729 2049 sperare,
752 1972 784 2027 et
804 1984 872 2027 rem
893 1961 1067 2048 publicam,
1088 1972 1125 2028 ut
1145 1983 1202 2029 vos
1223 1962 1293 2028 istic
1308 1963 1497 2050 expediatis,

179 2056 220 2120 ita
253 2078 313 2143 pro
342 2067 449 2122 nostra
477 2067 565 2145 parte
594 2057 741 2122 celeriter
767 2055 859 2123 nobis
891 2056 1036 2143 expediri
1067 2077 1161 2144 posse
1187 2054 1356 2123 confidere.
1410 2055 1498 2124 vals

140 2182 167 2221 sa
177 2155 254 2216 Data
275 2151 381 2217 ldibus
402 2155 470 2218 Iun.
492 2154 613 2240 Cypro,
635 2172 663 2236 a·
676 2150 975 2240 Crommyuacride.

637 2322 718 2385 rrv.
761 2317 810 2405 (A.
836 2322 868 2385 u
891 2322 923 2387 c.
945 2317 1031 2404 711.)

503 2443 701 2508 tunsurus
723 2443 905 2508 crescens
926 2443 1001 2508 suo
1024 2444 1055 2507 s.
1077 2444 1111 2507 r.
1132 2445 1170 2508 n.

264 2567 292 2630 1.
315 2567 392 2630 Cum
411 2569 541 2628 Brutum
562 2571 705 2628 nostrum
726 2563 941 2628 convenissem
964 2583 1099 2649 eumque
1113 2562 1231 2628 tardius
1254 2561 1286 2627 in
1300 2562 1404 2629 Asiam
1422 2584 1499 2629 ven·

178 2669 284 2723 turum
306 2656 604 2732 animadverterem,
626 2657 660 2722 in
681 2657 785 2722 Asiam
806 2657 905 2730 redii,
927 2666 963 2721 ut
983 2656 1132 2743 reliquias
1153 2656 1214 2722 mei
1236 2656 1354 2723 laboris
1368 2658 1499 2744 collige·

142 2771 245 2817 esrem
268 2761 299 2816 et
319 2751 480 2836 pecuniam
503 2771 597 2836 quam
619 2751 755 2837 primum
776 2756 907 2817 Romam
928 2750 1096 2815 mitterem.
1152 2750 1281 2815 interim
1308 2751 1443 2836 cognovi
1463 2751 1497 2816 in

177 2845 269 2934 Lycia
306 2865 375 2909 esse
404 2844 534 2909 classem
566 2843 746 2909 Dolabellae
778 2844 973 2930 ampliusque
994 2853 1118 2910 centum
1141 2866 1235 2911 naves
1257 2844 1435 2920 onerarias,
1464 2843 1498 2910 in

178 2960 256 3025 quas
277 2937 434 3004 exercitus
456 2937 523 3003 eius
545 2937 665 3024 imponi
686 2947 808 3025 posset,
844 2937 938 3024 idque
964 2937 1158 3003 Dolabellam
1187 2960 1224 3003 ea
1246 2945 1349 3003 mente
1371 2956 1500 3023 compa-

176 3053 279 3106 rasse,
312 3040 362 3106 ut‚
392 3035 418 3096 si
440 3031 548 3119 Syriae
570 3053 641 3118 spes
664 3053 735 3097 eum
756 3031 905 3097 frustrata
929 3040 1027 3104 esset,
1051 3031 1275 3096 conscenderet
1295 3035 1327 3095 iu
1349 3050 1443 3095 naves
1465 3037 1498 3095 et

176 3125 295 3190 ltaliam
328 3134 448 3211 peteret
479 3146 576 3210 seque
604 3145 675 3190 cum
707 3129 848 3190 Antoniis
875 3134 907 3189 et
927 3125 1057 3212 reliquis
1085 3124 1259 3191 latronibus
1280 3124 1497 3207 coniungeret.

140 3243 168 3285 ao
178 3219 272 3285 Cuius
283 3219 331 3284 rei
347 3228 431 3285 tanto
451 3219 481 3283 in
496 3219 610 3284 timore
624 3217 687 3292 lui,
709 3230 760 3294 ut,
782 3216 927 3284 omnibus
943 3218 1038 3284 rebus
1049 3219 1186 3294 relictis,
1209 3239 1280 3283 curn
1293 3215 1496 3304 paucioribus

177 3323 208 3378 et
222 3312 399 3378 minoribus
414 3312 546 3378 navibus
561 3312 600 3377 ad
615 3312 682 3377 illas
696 3312 743 3378 ire
758 3322 886 3378 conatus
908 3312 977 3377 sim.
1020 3316 1051 3378 2.
1074 3315 1163 3389 Quae
1184 3332 1253 3385 res,
1277 3312 1304 3377 si
1325 3333 1342 3377 a
1365 3308 1496 3376 Rhodiis

176 3427 240 3474 non
268 3428 368 3471 essem
393 3406 622 3494 interpellatus,
658 3406 791 3472 sortasse
819 3415 882 3473 tota
911 3405 1031 3472 sublata
1059 3415 1155 3485 esset;
1191 3413 1294 3470 tamen
1321 3424 1432 3489 magna
1454 3425 1497 3469 ex

176 3508 264 3585 parte
285 3499 449 3586 profligata
472 3510 537 3574 est,
560 3501 707 3588 quoniam
730 3499 857 3587 quidem
879 3500 985 3566 classis
1001 3500 1148 3586 dissipata
1170 3509 1218 3564 est
1231 3498 1381 3564 adventus
1396 3497 1497 3564 nostri

176 3591 305 3670 timore;
340 3594 453 3659 milites
474 3594 632 3682 ducesque
654 3594 848 3679 effugerunt,
871 3595 1035 3660 onerariae
1057 3614 1165 3658 omnes
1187 3592 1342 3657 adunam
1364 3613 1381 3655 a
1403 3590 1497 3656 nobis

140 3711 167 3750 aa
176 3696 248 3753 sunt
268 3697 428 3773 exceptae.
471 3692 562 3753 Certe
584 3687 730 3774 -quod
753 3688 888 3752 mamare
910 3687 1062 3753 timui-
1084 3687 1195 3753 videor
1211 3707 1279 3751 esse
1300 3695 1495 3760 consecutus,

177 3790 211 3848 ut
232 3803 294 3847 non
317 3781 414 3866 possit
427 3780 588 3846 Dolabella
601 3781 634 3845 in
650 3781 766 3846 ltaliam
783 3781 950 3867 pervenire
966 3802 1023 3844 nec
1042 3781 1105 3846 suis
1124 3781 1216 3847 sociis
1237 3778 1366 3844 firmatis
1385 3776 1497 3842 durius

176 3872 266 3940 vobis
294 3875 418 3939 efficere
450 3879 620 3959 negotium.
677 3879 707 3939 3.
740 3873 853 3941 Rhodii
886 3894 942 3938 nos
972 3882 1003 3937 et
1018 3895 1091 3937 rem
1113 3872 1270 3959 publicam
1291 3892 1385 3958 mam
1406 3869 1497 3936 valde

176 3966 427 4052 desperaverint,
464 3990 505 4033 ex
533 3968 663 4043 litteris,
699 3989 776 4054 quas
798 3966 922 4054 publice
950 3967 1035 4042 misi,
1071 3987 1251 4052 cognosces.
1308 3970 1347 4030 Et
1368 3963 1496 4051 quidem

176 4061 275 4128 multo
296 4062 420 4148 parcius
442 4062 566 4149 scripsi;
589 4062 698 4128 mirari
719 4061 800 4127 noli:
833 4061 912 4125 mira
934 4071 981 4126 est
1003 4082 1114 4126 eorum
1136 4060 1280 4125 amentia.
1322 4064 1386 4124 Nec
1406 4077 1497 4123 meae

246 4283 271 4330 1.
302 4282 373 4331 Tort.
401 4281 431 4330 L.
451 4282 567 4345 thutus.
588 4280 666 4332 Conl.
693 4279 809 4345 Appiani
833 4281 864 4330 D.
885 4281 915 4330 C.
937 4280 981 4329 lv.
1000 4280 1043 4330 110.
1064 4279 1114 4330 Dn.
1136 4305 1167 4315 -
1203 4280 1230 4329 2.
1250 4279 1389 4329 recedendo
1407 4278 1428 4327 1.
1450 4277 1495 4328 Fr.

176 4347 337 4400 Gronovius.
358 4352 428 4399 l'ort.
447 4351 598 4401 deludendo.
618 4353 669 4402 Oa·
700 4377 728 4387 -
766 4351 794 4400 lt.
813 4348 902 4414 qoem]
922 4349 1022 4414 quiid.
1043 4375 1073 4385 -
1110 4348 1137 4401 5.
1156 4351 1198 4400 cui
1216 4364 1271 4400 om.
1290 4349 1329 4400 Μ.
1350 4375 1378 4385 -
1404 4349 1497 4398 Turul-

176 4420 226 4469 ctos
243 4419 289 4470 bl:
311 4421 433 4469 Tarutius
448 4421 476 4470 11.
491 4421 554 4470 item
569 4436 594 4472 v·
614 4423 657 4471 17.
676 4447 710 4456 -
729 4423 755 4472 D.
775 4421 911 4470 Excidisse
922 4421 1027 4470 videtur
1044 4434 1175 4470 numerus
1188 4427 1250 4470 ante
1262 4433 1380 4470 numero
1399 4421 1452 4472 Οι.
1463 4442 1495 4454 -

177 4488 220 4539 ld.
240 4491 387 4540 tetrachmis
405 4490 442 4540 Μ.
472 4513 500 4524 -
539 4491 581 4540 lb.
599 4498 685 4553 posset
711 4491 749 4542 bl.
774 4515 805 4525 -
842 4491 885 4540 13.
907 4491 941 4540 Te
958 4491 1017 4540 volo
1035 4490 1076 4541 Ns
1108 4492 1142 4540 Et
1160 4491 1220 4539 voto
1238 4490 1284 4549 Μ,
1315 4491 1350 4539 Et
1372 4493 1432 4541 coto
1449 4502 1497 4540 cos

176 4557 208 4608 11.
226 4583 260 4593 -
296 4560 338 4609 11).
358 4559 473 4609 celeriter
490 4560 540 4608 iter
565 4561 608 4621 Μ,
629 4562 744 4612 cebriter
761 4563 823 4610 item
847 4561 902 4611 irc.
921 4561 1083 4611 Gronovius.
1105 4585 1136 4595 -
1171 4559 1308 4610 nobbblz
1328 4561 1400 4610 uobis
1418 4561 1494 4612 lt.-

176 4628 220 4677 20.
239 4630 477 4692 ceromomparrida
495 4629 532 4679 Μ.
554 4654 584 4666 -
621 4631 665 4681 33.
688 4633 813 4694 piantem
830 4631 880 4682 bl:
900 4645 957 4681 cum
977 4632 1006 4681 11.
1031 4655 1061 4667 -
1090 4630 1190 4681 estid:
1210 4638 1273 4680 esset
1291 4630 1442 4682 Ernestlus.
1463 4653 1495 4665 -

176 4696 220 4747 35.
238 4699 328 4748 uideor
345 4711 397 4750 aare
413 4708 560 4750 remoratus
578 4701 607 4751 Μ
617 4716 624 4751 :
652 4702 741 4752 eiam
758 4709 906 4751 emeretur
924 4701 954 4752 11.
976 4724 1006 4736 -
1042 4700 1089 4751 33.
1107 4702 1161 4749 aas
1178 4702 1254 4750 sociis
1271 4701 1320 4752 M:
1349 4703 1425 4753 scrib
1441 4701 1496 4751 suia

177 4766 208 4816 Ε.
228 4793 260 4803 -
296 4768 338 4820 33.
357 4769 407 4820 Nec
423 4783 495 4820 meae
513 4769 571 4820 Vb:
589 4785 635 4821 osc
652 4785 691 4822 aas
707 4785 779 4823 meos
798 4772 837 4829 D,
856 4786 902 4822 nac
918 4784 1009 4822 mame
1027 4772 1061 4832 D,
1080 4784 1126 4821 nec
1143 4772 1173 4820 io
1190 4784 1230 4821 me
1248 4771 1302 4821 duo
1320 4771 1383 4822 libri
1399 4773 1496 4823 blanu-

176 4837 217 4886 ut.
254 4836 306 4902 (Da
322 4838 350 4890 11
368 4852 423 4891 non
441 4840 505 4889 satis
523 4837 651 4904 constat.)
