3256 5400
181 214 243 282 aot
546 217 584 292 Q.
608 214 750 281 CICERO
771 216 825 278 ΕΕ
846 217 971 278 PETIT.
993 215 1102 280 CONS.

181 373 270 439 lacilo
298 382 438 460 possunt.
495 372 551 438 liis
578 371 741 437 bominum
770 370 937 457 generibus
965 372 1011 436 sic
1031 371 1262 438 inserviendum
1285 384 1353 448 ost,
1387 383 1422 438 ut
1441 371 1502 458 ipsi

183 470 353 553 intelligant
380 478 410 533 to
439 465 563 541 nidere,
593 467 707 554 quid'a
728 485 854 552 quoquc
883 473 1061 548 exspectes,
1093 463 1226 538 sentiro,
1256 461 1331 550 quid
1353 464 1501 551 accipias,

184 562 374 637 meminisse,
402 561 478 648 quid
503 562 670 647 acceperis.
720 564 799 626 Sunt
824 567 927 623 autem
950 556 1018 632 alii,
1051 558 1105 642 qui
1128 569 1181 623 aut
1201 557 1279 622 nihil
1300 568 1430 644 possunt
1451 567 1503 623 aut

182 656 273 720 etiam
305 654 380 720 odio
408 665 480 720 sunt
499 655 667 721 tribulibus
688 659 769 729 suis,
797 672 855 717 nec
877 649 991 715 babent
1021 661 1138 716 tantum
1159 651 1254 717 animi
1275 672 1311 716 ac
1332 650 1502 724 facultatis,

159 760 215 814 sal
238 748 395 814 enitantur
415 770 455 814 ex
478 758 635 835 tempore;
665 749 722 814 bos
744 758 778 814 ut
799 747 1006 818 internoscas,
1034 742 1156 819 videto,
1189 767 1244 820 nc,
1267 765 1322 830 spe
1344 747 1376 810 iu
1398 744 1503 831 aliquo

183 842 301 906 maiore
321 841 437 927 posita,
459 842 606 928 praesidii
628 863 739 928 parum
761 847 969 925 comparetur.

280 939 346 1000 Vll.
387 939 438 1000 25.
475 939 514 1000 Et
542 955 730 1021 quamquam
769 932 864 1019 partis
897 951 933 995 ac
968 929 1102 996 nudans
1135 932 1279 997 amicitiis
1315 931 1429 998 fretum
1467 954 1503 996 ac

183 1029 336 1093 munitum
366 1049 434 1092 esse
463 1036 603 1113 oportet,
633 1037 735 1092 tamen
763 1027 795 1091 in
824 1027 901 1111 ipsa·
919 1024 1068 1109 petitione
1096 1025 1249 1091 amicitiae
1270 1026 1445 1113 permultae
1467 1048 1503 1091 ac

181 1121 331 1207 perutiles
366 1131 594 1207 comparantur.
665 1126 742 1186 Nam
775 1119 809 1184 in
848 1117 960 1182 ceteris
994 1117 1144 1184 molestiis
1179 1118 1273 1186 babet
1306 1119 1366 1185 boc
1400 1129 1502 1185 tamen

145 1214 288 1300 repetitio
315 1214 490 1280 commodi:
518 1225 607 1301 potes
636 1215 784 1286 honeste,
812 1210 897 1298 quod
918 1211 950 1275 in
971 1218 1075 1274 cetera
1096 1211 1158 1277 vita
1179 1233 1243 1277 uou
1265 1235 1377 1299 queas,
1408 1234 1503 1299 quos·

180 1328 303 1394 cunque
338 1307 439 1380 netis,
482 1307 652 1392 adiungere
683 1307 723 1372 ad
755 1306 945 1379 amicitiam,
990 1302 1175 1390 quibuscum
1208 1311 1234 1371 si
1266 1308 1328 1373 alio
1360 1317 1502 1393 tempore

180 1421 267 1486 agas,
296 1411 330 1467 ut
359 1411 550 1477 tentantur,
579 1400 713 1467 absurde
735 1399 838 1464 iacere
859 1396 998 1471 videare:
1034 1398 1067 1461 iu
1088 1398 1238 1483 petitione
1260 1411 1363 1466 autem
1385 1401 1445 1465 uisi
1468 1401 1500 1465 id

180 1514 254 1580 agas
275 1504 306 1559 et
327 1516 398 1560 cum
420 1495 524 1560 multis
551 1504 583 1560 et
603 1495 784 1580 diligenter,
817 1489 920 1556 nullus
940 1488 1057 1575 petitor
1077 1511 1146 1557 esse
1167 1492 1304 1558 videare.
1361 1497 1412 1558 26.
1435 1498 1501 1578 Ego

180 1599 284 1653 autem
312 1587 367 1652 tibi
396 1588 455 1653 boc
475 1588 643 1663 confirmo,
678 1608 746 1653 esse
767 1584 940 1658 nemiuem,
956 1582 1022 1656 ,uisi
1044 1583 1148 1669 aliqua
1169 1586 1396 1651 necessitudine
1418 1608 1503 1652 com·

143 1697 169 1738 ¹⁵
181 1681 350 1766 petitorum
373 1681 464 1746 alicui
487 1691 613 1746 tuorum
635 1681 674 1746 sit
695 1680 870 1750 adiunctus,
903 1698 921 1741 a
943 1697 1006 1763 quo
1028 1698 1091 1742 nou
1113 1678 1218 1756 facile,
1241 1681 1268 1745 si
1289 1680 1500 1754 contenderis,

148 1844 152 1852 ,
180 1776 349 1860 impetrare
371 1777 487 1860 possis,
514 1786 548 1841 ut
576 1795 633 1841 suo
662 1773 814 1839 beneficio
841 1781 1074 1858 promereatur,
1103 1794 1138 1838 se
1167 1784 1202 1840 ut
1229 1795 1314 1839 ames
1336 1785 1367 1838 ct
1387 1774 1448 1840 sibi
1468 1784 1502 1841 ut

182 1866 311 1946 debeas3
340 1867 436 1933 modo
457 1876 491 1932 ut
513 1867 662 1952 intelligat
683 1877 713 1931 te
735 1864 838 1950 magni
859 1865 1024 1929 aestimare
1046 1867 1212 1932 exanimo
1234 1888 1344 1952 agere,
1367 1868 1447 1934 benc
1468 1890 1501 1934 sc

181 1980 316 2047 ponere,
347 1961 418 2026 sore
440 1982 480 2025 ex
502 1982 542 2027 co
563 1982 626 2026 nou
648 1959 775 2025 brevem
797 1971 828 2023 et
848 1959 1098 2043 suifragatoriam
1121 1961 1176 2026 sed
1197 1961 1316 2026 firmam
1340 1971 1371 2027 ct
1390 1983 1502 2049 perpe-

181 2062 281 2118 tuam
296 2054 472 2119 amicitiam.
528 2059 579 2119 27.
607 2060 704 2119 Nemo
734 2054 808 2126 crit,
840 2051 916 2116 mibi
943 2051 1053 2128 crede,
1082 2052 1115 2117 in
1143 2075 1206 2140 quo
1228 2055 1345 2141 aliquid
1367 2057 1419 2131 sit,
1447 2057 1501 2142 qui

142 2149 241 2214 aaboc
269 2158 390 2233 tempus
418 2147 478 2213 sibi
507 2147 645 2214 oblatum
677 2146 831 2212 amicitiae
860 2155 962 2210 tecum
995 2147 1229 2212 constituendae
1260 2149 1500 2234 praetermittat;

179 2244 362 2328 pracsertim
384 2263 455 2308 cum
476 2242 532 2308 tibi
554 2243 613 2308 boc
634 2263 723 2307 casus
745 2239 871 2311 afferat,
894 2248 928 2304 ut
949 2237 973 2303 ii
995 2248 1096 2304 tecum
1117 2250 1244 2326 petant,
1266 2264 1400 2328 quorum
1423 2243 1501 2308 ami·

180 2335 253 2400 citia
274 2347 328 2403 aut
347 2338 572 2403 contemnenda
594 2348 647 2402 aut
667 2333 814 2420 fugienda
836 2332 889 2405 sit,
912 2333 1020 2417 etqui
1041 2332 1116 2408 boc,
1139 2333 1225 2420 quod
1246 2355 1305 2420 ego
1328 2344 1358 2399 te
1380 2335 1500 2410 hortor,

182 2451 244 2495 nou
266 2430 361 2496 modo
383 2431 515 2517 assequi,
538 2431 592 2496 sed
614 2452 653 2495 ue
674 2429 813 2514 incipere
835 2425 960 2512 quidem
984 2427 1111 2511 possint.
1158 2431 1209 2493 28.
1221 2433 1307 2494 11311
1329 2428 1405 2515 quid
1425 2429 1502 2494 inci-

182 2523 245 2609 piat
272 2525 423 2589 Antonius
444 2525 586 2590 hominos
608 2525 777 2607 adiungere
805 2531 897 2605 atque
919 2518 1050 2583 invitare
1072 2519 1112 2584 ad
1133 2521 1313 2596 amicitiam,
1342 2543 1421 2609 quos
1443 2544 1502 2609 per

143 2638 216 2681 asse
238 2637 296 2682 suo
318 2618 444 2683 nomine
465 2619 622 2705 appellare
644 2638 707 2682 non
728 2615 851 2701 possit?
891 2612 967 2679 Mihi
988 2613 1115 2698 quidem
1136 2614 1212 2679 nibil
1233 2614 1356 2681 stultius
1378 2616 1512 2682 videtur

181 2710 275 2796 quam
302 2711 482 2775 existimare
511 2732 579 2777 esse
607 2731 679 2775 eum
701 2709 875 2774 studiosum
898 2708 960 2780 tui,
990 2728 1083 2793 quem
1112 2729 1175 2773 uon
1196 2713 1292 2774 noris.
1346 2709 1501 2773 Eximiam

181 2803 336 2890 quandam
363 2805 495 2888 gloriam
521 2816 553 2869 et
580 2803 759 2889 dignitatem
786 2821 822 2865 ac
849 2822 956 2865 rerum
984 2809 1140 2885 gestarum
1167 2801 1410 2886 magnitudinem
1432 2823 1501 2866 esse

181 2906 307 2982 oportet
331 2896 363 2962 iu
385 2918 440 2971 eo,
470 2920 562 2985 quem
585 2897 726 2963 homines
749 2895 861 2980 ignoti,
895 2893 988 2959 nullis
1009 2894 1265 2978 suifragantibus,
1293 2895 1414 2961 bonore
1436 2897 1502 2960 aili-

181 2990 264 3053 ciant
271 3010 280 3065 ;
314 3000 349 3055 ut
370 2991 496 3076 quidem
517 2991 612 3057 bomo
634 3011 783 3076 nequam,
813 2989 913 3064 iners,
943 2989 1011 3053 sinc
1033 2989 1151 3063 officio,
1177 2990 1245 3053 siue
1266 2990 1407 3074 ingenio,
1429 3011 1500 3056 cum

143 3081 323 3158 aninlamia,
345 3083 437 3149 nullis
459 3085 583 3160 amicis,
605 3084 764 3149 bominem
786 3083 994 3169 plurimorum
1016 3083 1120 3148 studio
1142 3092 1235 3169 atque
1256 3084 1395 3149 omnium
1417 3080 1501 3147 bona

182 3175 408 3241 existimatione
437 3179 590 3243 munitum
616 3187 813 3264 praecurrat,
842 3176 908 3241 sine
936 3196 1047 3260 magna
1075 3176 1167 3263 culpa
1197 3176 1404 3262 negligentiae
1432 3175 1501 3241 fieri

182 3291 244 3334 uon
265 3279 376 3355 potest.

273 3367 354 3428 v111.
392 3366 442 3428 29.
472 3363 685 3441 Quamobrem
715 3384 823 3429 omues
851 3363 1008 3428 centurias
1037 3363 1141 3429 multis
1168 3375 1199 3429 ct
1230 3363 1327 3431 variis
1357 3363 1501 3429 amicitiis

180 3477 256 3520 cura
276 3465 311 3521 ut
331 3457 528 3522 confirmatas
550 3456 674 3522 babeas.
717 3461 755 3521 Et
777 3456 922 3541 primum,
945 3455 979 3520 id
1000 3456 1085 3541 quod
1107 3467 1177 3521 autc
1199 3457 1308 3523 oculos
1329 3469 1391 3534 est,
1413 3480 1501 3523 sena·

141 3559 265 3615 satores
286 3550 469 3637 equitesque
492 3557 661 3623 Romanos,
684 3560 862 3615 ceterorum
885 3548 1031 3614 ordinum
1052 3571 1149 3615 navos
1170 3551 1313 3616 homines
1334 3563 1365 3615 et
1385 3550 1500 3636 gratio·

171 3663 234 3707 sos
255 3643 473 3730 complectere.
515 3645 603 3711 Multi
624 3644 765 3710 homiues
787 3641 898 3709 urbani
921 3643 1080 3717 industrii,
1106 3644 1195 3709 multi
1216 3644 1354 3710 libertini
1376 3645 1407 3709 in
1429 3645 1500 3710 soro

181 3737 307 3819 gratiosi
337 3736 471 3824 navique
499 3749 676 3815 vorsantur3
706 3757 786 3823 quos
813 3756 871 3821 per
900 3746 950 3810 te,
983 3756 1063 3822 quos
1089 3756 1148 3822 per
1175 3758 1355 3803 communes
1384 3737 1501 3803 amicos

180 3829 315 3913 poteris,
344 3852 464 3895 summa
486 3852 574 3906 cura,
608 3841 644 3897 ut
664 3830 769 3916 cupidi
790 3830 837 3893 tui
858 3829 933 3904 sint,
962 3829 1141 3905 elaborato,
1170 3833 1322 3917 appetito,
1352 3831 1499 3915 allegato,

181 3954 219 3964 u·-

250 4019 275 4066 1.
295 4021 409 4067 omnium
426 4019 459 4069 Ι).
481 4045 509 4055 -
530 4019 557 4069 d.
575 4034 607 4070 ac
625 4019 666 4069 D:
685 4026 732 4069 aut
751 4019 781 4068 Ε.
798 4043 826 4052 -
846 4019 873 4068 5.
892 4019 938 4067 bos
955 4026 984 4067 nt
1003 4018 1038 4068 D:
1059 4019 1105 4068 boe
1123 4018 1154 4068 Ε.
1179 4044 1202 4053 -
1225 4022 1385 4070 internosces
1403 4018 1499 4084 videto]

179 4087 249 4134 inter
267 4100 315 4136 not
333 4089 533 4138 calumniatores
551 4089 583 4138 Ι).
602 4115 633 4123 -
653 4090 681 4140 7.
701 4103 732 4138 oc
749 4090 868 4153 [cordatis
885 4087 924 4138 D:
944 4095 969 4137 et
986 4089 1105 4150 {nudatis
1123 4089 1154 4138 Ε.
1176 4114 1205 4125 -
1224 4091 1251 4140 il.
1272 4097 1455 4153 comparentur
1466 4091 1498 4140 Ι).

179 4157 268 4205 -10,
281 4157 384 4220 petitio]
403 4157 591 4207 10111101).-
613 4160 754 4208 commodi:
770 4166 845 4221 potet
857 4158 895 4206 D:
915 4159 1054 4219 commodi,
1074 4165 1104 4208 ut
1119 4161 1204 4220 potue
1223 4159 1253 4208 E·
1275 4186 1303 4196 -
1326 4163 1367 4211 11.
1386 4162 1501 4210 inimici-

167 4226 244 4275 .ttam
256 4226 288 4275 Ι).
310 4253 340 4264 -
359 4229 447 4291 aliquo
465 4229 497 4277 Ι).
517 4253 550 4263 -
569 4229 612 4278 12.
631 4235 661 4279 nt
679 4235 703 4278 te
720 4236 831 4278 utantur
848 4241 903 4277 om.
923 4227 945 4275 1)
963 4229 990 4277 et
1008 4229 1092 4278 Codd.
1113 4229 1166 4278 duo
1186 4229 1302 4280 Gruteri.
1330 4256 1359 4267 -
1381 4231 1424 4282 13.
1444 4231 1501 4281 anl-

179 4293 229 4344 lius
245 4295 278 4344 Ι).
308 4323 330 4332 -
373 4299 415 4347 17.
435 4312 527 4363 magne
545 4299 577 4348 Ι).
610 4325 641 4333 -
679 4300 723 4349 tt).
743 4296 935 4361 aliqttideitI)
959 4297 1086 4347 otCodd.
1107 4298 1226 4348 Turucbi
1245 4313 1277 4349 ae
1296 4301 1421 4350 Gruteri:
1448 4301 1501 4350 ali-

178 4366 241 4428 quid
264 4367 370 4416 virtutis
388 4370 423 4418 sit
443 4368 472 4417 Ε.
501 4393 534 4401 -
569 4368 613 4419 21.
633 4373 663 4417 nt
681 4365 717 4430 ii]
745 4371 785 4417 ati
802 4367 834 4416 Ι).
868 4391 897 4402 -
934 4367 977 4416 23.
997 4382 1051 4416 non
1067 4369 1145 4417 modo
1164 4369 1205 4418 D:
1231 4384 1285 4418 non
1303 4371 1451 4420 modoaoo
1468 4369 1499 4420 Ε.

180 4456 212 4470 -
243 4433 316 4500 quid]
335 4437 380 4500 qai
398 4436 544 4487 Gesnerns.
576 4463 606 4474 -
642 4438 686 4487 25.
704 4439 770 4486 nibil
787 4438 892 4487 stultius
911 4436 950 4485 n:
978 4439 1083 4487 stultius
1102 4439 1168 4487 nibil
1184 4439 1215 4488 Ε,
1244 4465 1272 4473 -
1311 4441 1502 4491 aneensem

179 4502 217 4553 D:
244 4518 301 4554 erim
320 4507 350 4556 Ε.
371 4533 402 4542 -
440 4522 514 4571 quem
532 4522 587 4557 om.
606 4508 638 4556 Ι).
663 4533 685 4542 -
727 4508 770 4557 28.
790 4507 995 4572 suffragantibus
1012 4507 1054 4557 D:
1077 4509 1282 4573 suffragantibus
1299 4513 1398 4560 meritis
1416 4510 1446 4560 Ε.
1468 4536 1497 4547 -

181 4572 224 4623 22.
238 4574 313 4624 bomo
331 4590 456 4640 aequam,
475 4580 544 4628 iners
562 4577 737 4627 Gulielmius:
757 4579 884 4627 bominem
901 4591 980 4640 quam
997 4578 1066 4627 iners
1079 4578 1110 4638 Ι),
1131 4579 1231 4629 bomine
1248 4593 1327 4643 quum
1345 4579 1391 4629 alii
1404 4579 1500 4641 codd„

180 4640 255 4691 bomo
272 4646 342 4695 iners
360 4646 391 4696 Ε.
414 4671 442 4681 -
480 4661 536 4697 aem
553 4646 677 4712 infamia]
695 4661 752 4697 casm
769 4649 886 4696 maxima
903 4648 1015 4712 infamia
1033 4649 1098 4698 (lod.
1118 4647 1252 4708 Danielis,
1271 4662 1373 4699 samma
1390 4651 1500 4714 infamia

179 4708 345 4765 Schuetaius.
375 4739 404 4752 -
452 4717 495 4766 ³0.
515 4719 605 4767 amicis
623 4718 660 4767 D:
689 4718 779 4767 anetae
801 4723 887 4779 septae
905 4716 936 4766 Ε.
970 4742 997 4752 -
1046 4717 1089 4767 31.
1110 4718 1196 4768 acatos
1222 4721 1301 4769 sitnm
1323 4727 1360 4770 est
1384 4720 1436 4771 CB.
1469 4745 1500 4756 -

179 4778 223 4831 35.
244 4783 382 4848 ardinnam]
413 4786 544 4836 bominum
562 4786 594 4837 Ι).
628 4812 657 4823 -
705 4787 748 4838 38.
766 4789 881 4849 potnit.
909 4799 1010 4837 summa
1027 4801 1104 4845 cura.
1134 4795 1164 4837 at
1182 4787 1247 4839 ur:
1275 4791 1498 4852 putaminum.

181 4849 251 4902 Cara
268 4861 297 4905 ut
314 4854 345 4905 Ε.
368 4880 398 4891 -
435 4857 523 4919 cupidi
542 4858 581 4905 tut
599 4857 636 4906 D:
657 4859 696 4908 tui
714 4857 801 4919 cupidi
820 4855 849 4906 Ε.
