3256 5400
147 249 312 311 Vl..

233 392 350 462 Minus
367 409 440 460 cnm
461 391 667 461 tractaretur
687 389 721 456 ln
736 387 1031 459 Grammaticorum
1048 387 1172 458 scholis
1192 389 1363 459 ciceronis
1378 391 1466 478 lipi-

147 498 306 566 stolarum
330 497 414 565 haec
441 514 572 585 quoqne
592 489 781 581 συναγωγή,
812 512 908 580 quam
934 496 1060 580 scripta
1081 493 1265 579 rhetorica,
1298 497 1468 562 orationes

147 605 349 689 complures,
375 601 448 666 libri
474 599 517 667 de
543 597 672 669 diliciis
698 603 878 684 ceteraque
903 598 1065 682 opuscula
1089 597 1288 685 philosopha
1320 601 1467 672 minora3

146 726 220 777 cum
238 709 434 793 praeterea,
465 702 735 792 quemadmodum
763 702 999 789 stragmenta
1026 702 1229 787 palimpsesti
1252 701 1469 770 'laurinensis

147 809 389 878 demonstravit
412 807 548 896 Peyron
572 799 774 894 (diepam
798 801 869 873 Cic.
892 824 925 890 p·
950 795 1082 890 1793,
1117 805 1294 873 earundem
1319 811 1470 874 exstaret

145 911 374 999 compendium
402 909 536 998 aliquod
566 910 766 977 rhetoricum
789 911 862 975 sive
888 909 1039 976 delectus
1067 911 1213 977 locorum
1243 914 1468 996 communium,

146 1037 284 1108 quorum
311 1017 346 1081 ln
370 1013 624 1082 conseribendis
650 1005 802 1100 epistolis
831 1011 1042 1080 scholasticis
1068 1016 1228 1081 maximus
1254 1019 1345 1082 esset
1371 1035 1468 1103 usus,

146 1120 235 1212 quod
254 1137 363 1210 genus
384 1119 447 1184 lam
464 1120 657 1203 praeiverat
678 1116 795 1184 schola
814 1116 1043 1182 Frontonianae
1057 1108 1125 1202 1“);
1153 1120 1258 1185 minus
1278 1122 1392 1206 utique
1414 1123 1469 1186 in-

145 1227 337 1295 citabantur
360 1223 487 1290 librarli
511 1222 554 1289 ad
582 1223 748 1307 integrum
774 1221 930 1286 velamen
953 1219 1217 1290 describendum.
1260 1223 1347 1290 Hinc
1371 1224 1470 1290 facile

145 1309 379 1416 intelligimus,
404 1342 473 1393 cnr
487 1340 528 1394 vs
547 1342 577 1394 c.
600 1343 709 1410 neque
734 1325 769 1390 in
796 1325 1023 1409 antiquissimo
1050 1324 1215 1416 catalogo
1231 1326 1470 1394 Bibliothecae

131 1431 347 1529 =lilonasterli
369 1427 406 1497 S.
427 1430 535 1516 Galli,
564 1431 636 1516 qui,
658 1433 835 1516 antequam
860 1429 1013 1518 Poggius
1032 1449 1103 1497 eam
1124 1431 1362 1518 desponsaret,
1385 1449 1471 1498 con-

147 1537 296 1623 scriptus
316 1533 451 1600 ridetur
464 1538 637 1620 nuperque
657 1551 678 1601 a
697 1554 748 1601 me
763 1536 972 1601 examinatus
987 1538 1058 1619 cst,
1078 1552 1141 1602 nec
1157 1537 1190 1601 ln
1206 1536 1371 1622 catalogo
1389 1536 1471 1603 Cdd.

146 1639 236 1709 Mes.
252 1637 411 1706 Coenoirii
427 1637 605 1703 Boblensis
619 1633 697 1705 Sec.
710 1636 756 1705 Χ.
771 1637 859 1722 apud
875 1637 1095 1704 Maratorium
1117 1630 1281 1730 (Arritpq.
1297 1637 1378 1705 irai.
1399 1638 1471 1705 Vol.

147 1745 214 1812 111.
237 1741 332 1809 Dirc.
353 1737 416 1807 43.
437 1759 470 1825 p.
497 1732 754 1824 817-823.]‚
781 1744 895 1811 necin
921 1742 1017 1808 simili
1039 1747 1286 1809 enumeratione
1304 1744 1472 1829 librorum,

152 1864 253 1938 «paor
267 1843 472 1912 Desiderine
484 1843 564 1931 fieri
576 1843 699 1930 fecit»,
722 1847 756 1911 in
771 1846 983 1913 Monasterio
1003 1844 1175 1913 casinensi
1199 1847 1334 1913 circiter
1352 1864 1470 1911 annum

150 1946 267 2017 1035.
289 1951 321 2012 in
340 1943 467 2015 Olerorr.
485 1945 526 2015 S.
541 1946 695 2014 Monmt.
714 1944 833 2016 Castra
854 1949 942 2034 apud
964 1950 1091 2016 Murat.
1112 1949 1194 2016 lter.
1211 1948 1296 2015 itai.
1321 1948 1469 2037 scripti.

149 2053 242 2121 'lom
257 2051 316 2119 lV.
329 2070 362 2136 p.
377 2047 467 2116 473.
482 2042 580 2138 Μῦς
604 2069 713 2136 neque
729 2052 762 2116 in
786 2051 889 2117 Brevi
911 2055 1088 2136 librorum,
1111 2054 1164 2138 qui
1186 2054 1318 2118 suntin
1340 2072 1468 2120 coeno-

148 2158 205 2225 bio
233 2150 555 2224 sindleozes-Auno
586 2153 680 2221 iacto
709 2173 797 2220 annu
826 2155 922 2223 v111.
954 2156 1134 2223 Hludovlel
1164 2156 1400 2241 Imperatoris,
1438 2160 1472 2223 ln

147 2260 302 2350 Neugart
324 2257 489 2347 Episcop.
506 2253 624 2325 Cereri.
643 2257 681 2323 Τ.
704 2258 731 2324 1.
756 2277 788 2344 p.
802 2254 909 2345 636„
932 2278 1039 2346 neque
1064 2261 1099 2325 in
1120 2257 1295 2350 catalogis
1315 2258 1471 2327 Codicum

147 2365 339 2431 monasterii
363 2361 670 2430 Benedictolrurani
692 2364 783 2431 circa
810 2381 840 2428 a.
864 2362 941 2431 Olor.
962 2360 1080 2431 1250.
1106 2367 1141 2431 et
1165 2367 1273 2431 altero
1299 2364 1472 2432 Ecclesiae

148 2464 187 2538 S.
211 2463 377 2551 Stephani
404 2465 493 2551 apud
514 2465 584 2532 Pen
612 2464 716 2532 Thes.
740 2464 872 2532 Arrecd.
897 2468 1055 2536 voilia
1081 2488 1114 2553 p.
1130 2463 1237 2555 614„
1258 2487 1368 2554 neque
1385 2470 1473 2534 inter

147 2568 293 2642 Codices
310 2569 579 2659 Bambergcnses
601 2571 773 2638 Ciceronis
793 2571 966 2656 Epistolne
988 2576 1218 2638 memorentur.
1260 2571 1473 2660 nontamen,

148 2675 212 2743 sed
231 2674 339 2740 utrius
352 2673 565 2757 συναγωγῆς,
595 2675 807 2764 ignoramus,
838 2673 925 2760 Epp.
951 2673 1034 2742 cdd.
1055 2676 1234 2742 exstabant
1261 2693 1324 2761 per
1344 2674 1474 2743 Gallias

150 2775 275 2849 Secula
297 2776 377 2852 IX.;
399 2780 437 2842 ut
461 2780 604 2863 apparet
626 2794 671 2843 ex
691 2772 829 2844 Servati
852 2778 938 2864 anl
963 2769 1019 2864 (p.
1040 2774 1119 2846 Chr.
1144 2770 1380 2862 806-862.)
1402 2779 1473 2868 Ep.

147 2879 220 2952 69.
243 2902 277 2971 p.
305 2880 399 2948 112.
434 2879 505 2946 Ed.
528 2876 718 2968 Anienem:
755 2878 978 2972 «licilianum,
1010 2884 1137 2969 lnquit,
1168 2884 1349 2972 epistolar,
1386 2903 1473 2974 panc

148 2990 296 3079 maan,
318 3003 396 3052 carn
411 2986 542 3051 rcoririn
561 2981 714 3071 conferri
725 2981 875 3074 faciam,
896 2990 938 3052 ut
951 3004 998 3052 eor
1014 2990 1186 3077 simpla,
1207 2990 1239 3052 at
1251 2990 1363 3073 pocati
1382 2986 1472 3078 fieri,

148 3095 282 3160 remica
298 3088 534 3176 exscrclpatnr.
559 3087 615 3155 lla
629 3092 749 3155 antem
764 3084 844 3154 haic
859 3093 977 3155 ruoslro
992 3093 1127 3156 cursori
1144 3087 1296 3156 dictitans
1306 3095 1345 3155 ira
1357 3087 1473 3157 Arato

149 3195 274 3285 trade,
305 3197 347 3260 at
364 3210 411 3258 eor
430 3210 488 3282 eo,
517 3211 616 3283 quem
639 3211 694 3258 me
720 3196 990 3279 impetraturam
1011 3193 1132 3283 credo,
1164 3212 1251 3280 prce
1274 3193 1393 3260 deense
1420 3192 1475 3260 iiii

149 3295 238 3387 rapti
255 3301 375 3363 noster
392 3301 548 3388 apernit,
569 3296 830 3385 suppleantur.»

235 3400 317 3469 'l'um
334 3402 422 3467 inter
436 3399 605 3485 wibaldi,
622 3401 767 3468 Abbatis
778 3396 991 3468 Stololoosio
1006 3403 1040 3466 et
1052 3395 1279 3491 carnetensis,
1299 3400 1474 3487 Epistulas

150 3499 330 3590 (Martene
346 3507 380 3571 et
395 3502 533 3571 Durnnd
555 3502 646 3570 Veii.
663 3501 797 3593 Seripi.
811 3503 915 3592 ampl.
932 3498 1019 3570 coir.
1034 3504 1080 3570 li.
1095 3525 1126 3591 p.
1140 3496 1256 3585 392.)
1278 3504 1362 3574 haec
1384 3507 1474 3595 legl-

148 3614 206 3698 tur
240 3609 304 3694 Ep.
336 3605 446 3674 eain
482 3606 526 3674 li.
554 3597 649 3690 (sic)
674 3608 723 3674 ad
752 3604 959 3675 Wldnldam
985 3607 1156 3675 ociorem
1179 3645 1200 3662 ·
1233 3606 1381 3677 Dominio
1409 3631 1472 3677 sno

148 3707 552 3782 maturescerent
566 3710 687 3778 abacti
699 3709 744 3778 li.
764 3711 849 3778 berre
862 3712 979 3777 calere
999 3716 1035 3777 et
1046 3710 1186 3799 felicem
1198 3731 1283 3779 esse.
1307 3711 1473 3798 Quamvis

152 3814 263 3888 Mil
276 3815 381 3885 libror
399 3813 527 3883 noim
542 3814 733 3897 derideres,
756 3821 826 3882 rete
846 3820 966 3882 lamen
980 3820 1015 3882 te
1032 3812 1274 3884 Christianam
1289 3835 1380 3908 erec,
1402 3838 1474 3885 non

155 4044 161 4053 Ι
217 4076 240 4145 ')
255 4079 354 4132 rreum
380 4089 408 4141 p.
421 4075 483 4128 iio.
502 4075 554 4128 lid.
574 4077 670 4128 riom:
690 4074 816 4128 «Memini
838 4089 879 4127 nne
903 4078 1058 4138 excerpsisse
1083 4089 1122 4128 eu.
1141 4074 1271 4128 Ciceronis
1297 4077 1414 4138 epistolio
1440 4091 1471 4129 en

148 4149 309 4209 deamat,
328 4148 422 4216 mcor
438 4149 533 4200 inerret
549 4147 642 4212 clinno
660 4147 692 4199 de
709 4148 859 4212 eloquentia
875 4148 917 4198 cel
930 4147 1099 4211 philosophie
1115 4146 1155 4197 cei
1173 4148 1204 4198 de
1220 4160 1248 4198 re
1262 4147 1368 4211 publiea
1386 4147 1474 4211 diepo-

147 4233 234 4294 mio:
257 4236 415 4296 μασι-ω.
434 4230 459 4279 at
476 4228 541 4294 qaid
557 4227 672 4294 elepantt
689 4231 737 4278 nat
753 4227 832 4280 nerto
848 4227 963 4279 natatili
980 4224 1011 4291 (l.
1032 4227 1163 4293 elepcnter
1179 4231 1228 4277 cat
1245 4240 1271 4278 a.
1290 4239 1321 4280 n.
1339 4228 1397 4284 retr
1426 4228 1475 4278 eio-

148 4311 320 4380 penticeric
338 4314 388 4362 aar
403 4305 525 4373 mimae)
543 4308 642 4360 dicim
659 4308 811 4370 cicaniae,
843 4309 988 4371 eceerpei.»
1025 4309 1085 4362 lice
1104 4307 1233 4360 eiusmodi
1253 4316 1374 4372 excerpts
1394 4311 1474 4362 eculi-

149 4391 238 4449 cleadi
253 4393 280 4444 in
299 4388 506 4446 conitiorum
524 4387 590 4449 tuit,
608 4399 657 4439 cur
674 4394 714 4440 tot
732 4390 849 4451 perirent
866 4388 1048 4441 Tulilcucrum
1068 4389 1240 4453 epirtoimum
1259 4390 1402 4442 volumius.

188 4472 191 4477 '
216 4466 254 4533 ”l
269 4484 296 4526 r.
316 4483 340 4524 c.
359 4484 388 4536 p.
406 4469 469 4522 iit.
491 4495 521 4509 -
540 4467 685 4534 Diaiopanr
706 4468 793 4520 alind.
829 4468 975 4534 Dioloparn
992 4470 1024 4520 de
1046 4468 1107 4521 l'iie
1122 4468 1151 4520 s.
1170 4468 1315 4520 Benedicti.
1350 4469 1474 4520 Hilarior

148 4548 336 4618 ΠιΜοΜ
353 4556 379 4603 ei
397 4550 551 4602 ymnorum.
588 4546 725 4600 suadent
740 4550 773 4600 de
788 4549 952 4616 Bccnpeliic.
989 4549 1128 4601 lacerarunt
1145 4549 1176 4600 de
1194 4549 1352 4614 Eccnpelite.
1388 4549 1473 4600 Medo·-

148 4629 254 4684 mlit-
289 4629 458 4684 ammos.
495 4627 667 4682 cresconiam
685 4629 718 4679 de
735 4629 808 4682 tedia
824 4628 929 4683 litiae.
969 4628 1309 4689 emmeramensis
1326 4633 1350 4680 et
1370 4629 1470 4688 curati,

149 4710 246 4781 rm
262 4706 379 4765 amine
416 4711 571 4767 Ciceronem
589 4709 622 4764 de
640 4716 735 4763 nature
753 4709 882 4763 Deorum.
919 4710 1049 4762 lmtitaiu
1065 4707 1219 4759 lmitninni.
1255 4706 1389 4759 Noceilmn
1407 4709 1471 4758 einr.

150 4789 310 4842 Tusciam
345 4790 468 4843 oratiam
484 4803 545 4843 cunr
563 4788 721 4845 ceonerrio.
759 4784 881 4842 Ouidium
898 4789 1050 4842 Fcetonrnr·
1086 4786 1220 4845 Senecam.
1259 4786 1400 4853 Vlrpiiiarn
1413 4800 1472 4840 cant

148 4865 255 4939 Specie
272 4867 410 4927 noceri
445 4869 593 4929 amnena
625 4870 737 4936 (omnic
753 4865 816 4935 ric.)
1018 4876 1023 4887 ‘
