3256 5400
167 247 231 313 288
596 240 871 306 murcianum
891 240 944 303 Al)
966 238 1057 304 Fan.

168 404 251 471 enim
273 398 461 488 exspectabo
483 397 532 463 vel
552 401 658 483 potius
679 398 813 482 exigam.
867 400 950 482 Ego,
977 396 1005 462 si
1026 416 1150 483 semper
1170 396 1337 469 haberem,
1361 396 1413 462 cni
1434 394 1488 461 da·

168 519 256 573 rem,
284 496 334 563 vel
360 503 464 559 ternas
485 490 518 556 in
540 490 618 556 bora
639 490 758 556 darem.
811 490 860 556 Fit
880 491 964 555 enim
984 490 1091 555 nescio
1112 495 1186 577 qui,
1213 499 1249 556 ut
1269 490 1358 578 quasi
1379 511 1488 556 coram

168 591 277 658 adesse
298 587 438 661 videare,
470 605 542 651 eum
563 583 668 650 scribo
690 582 809 671 aliquid
830 582 870 649 ad
898 594 945 662 te;
974 604 1077 670 neque
1098 582 1130 648 id
1151 587 1220 651 κατ’
1241 586 1380 652 εἰδώλων
1401 611 1489 666 φαν-

169 697 298 760 τασίας,
319 690 356 748 ut
375 680 481 746 dicuni
503 679 549 744 tui
569 679 661 744 amici
683 679 772 752 novi,
805 683 859 766 qui
881 686 991 765 putant
1011 683 1105 745 eliam
1127 681 1334 758 διανοητικάς
1360 705 1489 762 φαντα-

148 791 243 855 satas
264 774 395 864 spectris
417 771 551 839 Catianis
572 772 712 837 excitari.
754 777 848 848 Nam,
871 793 910 837 ne
931 780 963 838 te
983 770 1096 857 brgiat,
1119 773 1224 838 Catius
1244 771 1391 847 Insuber,
1414 771 1490 859 Epi-

168 892 301 944 cureus,
323 868 378 954 qui
399 887 500 953 nuper
520 874 568 931 est
587 875 747 939 mortuus,
770 887 851 953 quae
872 866 924 932 ille
947 866 1123 952 Gargettius
1144 874 1176 931 et
1197 870 1259 932 iam
1282 875 1352 932 ante
1373 871 1489 931 Demo·

167 966 264 1033 critus
285 969 417 1037 εἴδωλα,
451 960 502 1026 bic
523 968 679 1046 spectra
712 960 861 1026 nominat.
916 963 948 1026 2.
979 961 1037 1025 llis
1065 969 1170 1026 autem
1202 961 1332 1048 spectris
1367 958 1490 1025 etiamsi

167 1058 253 1127 oculi
282 1063 411 1144 possent
436 1053 542 1128 leriri,
575 1052 660 1141 quod
688 1053 737 1118 vel
758 1053 797 1118 iis
818 1053 885 1139 ipsa
915 1063 1105 1131 occurrunt,
1138 1054 1260 1120 animus
1288 1062 1342 1142 qut
1370 1054 1488 1140 possit,

168 1174 228 1241 ego
248 1173 312 1217 non
333 1149 437 1216 video.
478 1153 598 1214 Doeeas
621 1157 654 1215 tu
676 1169 727 1213 me
748 1147 920 1234 oportebit,
943 1168 1014 1213 cum
1036 1149 1140 1214 salvus
1160 1147 1302 1224 veneris,
1324 1153 1357 1215 in
1377 1168 1490 1213 meane

135 1253 322 1336 topotestate
343 1243 383 1308 sit
403 1250 561 1329 spectrum
592 1250 696 1317 tuum,
731 1249 786 1316 ut,
822 1240 952 1306 simulac
972 1241 1048 1306 mihi
1070 1241 1242 1308 collibitum
1263 1241 1302 1306 sit
1323 1240 1362 1307 de
1383 1251 1415 1307 te
1436 1262 1491 1307 co-

169 1341 282 1427 gitare,
304 1336 381 1404 illud
402 1344 566 1415 occurrat3
589 1357 691 1424 neque
712 1335 814 1401 solum
836 1333 875 1400 de
897 1343 949 1408 te,
972 1335 1026 1421 qui
1048 1335 1125 1400 milri
1147 1334 1258 1401 haeres
1278 1335 1311 1401 in
1332 1334 1489 1409 medullis,

169 1433 242 1510 sed,
271 1433 298 1499 si
319 1430 451 1497 insulam
478 1430 668 1495 Britanniam
697 1450 835 1516 coepero
863 1434 1021 1515 cogitare,
1053 1433 1120 1496 eius
1142 1435 1274 1495 εἴδωλον
1296 1428 1373 1494 milri
1395 1427 1490 1494 advo·

169 1527 245 1595 labit
270 1524 311 1591 ad
336 1528 467 1612 pectus?
516 1527 546 1589 3.
580 1522 643 1589 Sed
675 1523 752 1590 baec
778 1523 944 1611 posterius.
997 1529 1096 1589 Tento
1119 1526 1202 1589 enim
1225 1529 1274 1596 te,
1296 1544 1360 1610 quo
1382 1527 1490 1588 animo

170 1620 313 1708 accipias.
355 1617 389 1684 Si
410 1616 493 1682 enim
523 1616 758 1682 stomachabere
787 1626 819 1682 et
839 1617 970 1682 moleste
990 1614 1089 1691 seres,
1110 1616 1203 1703 plura
1224 1616 1362 1682 dicemus
1383 1624 1493 1702 postu·

73 1779 77 1787 ,
136 1712 379 1799 islabimmque.
408 1731 448 1775 ex
468 1731 529 1797 qua
557 1719 680 1798 αἱρέσει
701 1731 737 1777 vt
759 1730 952 1778 noummvs
967 1730 1116 1776 sumans
1131 1710 1270 1776 deiectus
1292 1710 1352 1784 sis,
1374 1713 1492 1774 ineam

170 1807 346 1874 restituere.
388 1808 424 1869 ln
455 1804 516 1869 boc
545 1803 711 1870 interdicto
741 1825 804 1871 non
836 1805 916 1870 solet
936 1803 1008 1869 addi
1031 1824 1067 1870 ru
1088 1823 1158 1871 noc
1179 1822 1281 1870 auno.
1338 1805 1443 1881 Quare
1465 1801 1493 1867 si

171 1900 233 1967 iam
254 1899 415 1964 biennium
436 1906 490 1963 aut
511 1898 680 1965 triennium
696 1906 761 1970 est.
784 1918 855 1964 cum
876 1897 985 1964 virtuti
1006 1899 1149 1964 nuntium
1169 1896 1318 1962 remisisti
1339 1895 1494 1962 delenitus

170 1993 327 2060 illecebris
360 1991 542 2078 voluptatis,
574 1991 607 2056 in
642 1991 765 2075 integro
797 2011 850 2056 res
883 1990 975 2056 nobis
1011 1991 1082 2058 erit.
1140 1993 1337 2078 Quamquam
1365 1990 1494 2077 quicum

172 2087 311 2175 loquor?
344 2089 421 2152 Cum
445 2105 510 2150 uno
537 2082 710 2150 fortissimo
744 2084 832 2159 viro,
864 2085 939 2172 qui,
975 2093 1179 2173 posteaquam
1211 2083 1316 2150 lorum
1348 2081 1493 2168 attigisti,

134 2181 248 2248 cenibil
269 2180 371 2247 fecisti
392 2180 452 2246 nisi
471 2179 685 2267 plenissimum
707 2178 915 2265 amplissimae
929 2178 1097 2264 dignitatis.
1141 2182 1177 2243 ln
1199 2177 1257 2244 ista
1278 2177 1346 2263 ipsa
1367 2185 1494 2264 αἱρέσει

172 2283 278 2341 metuo
300 2295 340 2339 ne
361 2273 431 2361 plus
451 2293 621 2339 nervorum
643 2271 699 2344 sit,
733 2292 826 2358 quam
848 2292 908 2358 ego
930 2272 1083 2359 putarim,
1107 2270 1134 2336 si
1156 2270 1251 2336 modo
1273 2292 1341 2336 eam
1363 2280 1398 2336 tu
1419 2288 1497 2355 pro-

172 2366 239 2434 bas.
282 2370 344 2446 Qut
366 2366 398 2432 id
419 2366 477 2433 tibi
497 2367 530 2433 in
552 2364 816 2431 mentem'venitl
836 2365 971 2451 inquies.
1015 2364 1097 2443 Quia
1117 2362 1197 2428 nihil
1218 2363 1370 2430 habebam
1393 2362 1495 2438 aliud,

174 2459 260 2548 quod
282 2459 462 2526 scriberem.
504 2465 551 2525 De
571 2480 608 2524 re
628 2457 756 2545 publica
778 2458 862 2525 enim
883 2458 962 2524 nihil
983 2457 1122 2524 scribere
1142 2478 1290 2544 possum3
1312 2477 1370 2523 nec
1391 2456 1495 2530 euim,

176 2553 262 2641 quod
283 2554 401 2628 sentio,
423 2553 500 2619 libet
519 2550 669 2617 scribere.

138 2712 167 2754 ι
630 2693 726 2756 nur.
769 2692 823 2773 (t.
849 2694 881 2757 u.
904 2694 936 2757 ο.
958 2695 1045 2775 ros)

594 2816 636 2878 bl.
659 2813 801 2878 CICERO
824 2816 858 2879 C.
883 2816 1020 2879 CASSIO
1042 2817 1074 2879 S.

262 2931 291 2992 t.
326 2928 550 3012 Praeposteros
576 2923 673 2988 babes
701 2922 896 3003 tabellarios3
933 2925 992 2991 etsi
1013 2947 1064 2991 me
1089 2925 1215 3013 quidem
1236 2945 1301 2991 non
1322 2923 1497 2992 offendunt.

176 3022 238 3090 Sed
258 3031 380 3093 tamem
402 3039 474 3085 cum
495 3040 514 3084 a
535 3039 587 3083 me
609 3015 788 3092 discedunt,
810 3018 949 3104 tlagitant
968 3019 1108 3097 litteras3
1131 3040 1203 3085 cum
1224 3018 1264 3085 ad
1285 3040 1336 3084 mc
1357 3020 1496 3094 vomunt,

175 3116 275 3183 nullas
306 3113 451 3179 afferunt.
504 3117 605 3199 Atque
633 3110 666 3177 id
697 3116 801 3199 ipsum
829 3112 968 3178 facerent
988 3112 1204 3189 commodius,
1233 3119 1258 3179 si
1281 3117 1357 3183 milri
1378 3116 1497 3206 aliquid

139 3210 266 3299 raspatii
294 3207 333 3274 ad
361 3206 561 3273 scribendum
587 3205 713 3284 darent;
750 3205 805 3272 sed
825 3205 955 3292 petasati
976 3210 1121 3282 veniunt,
1159 3209 1290 3274 comites
1313 3209 1353 3275 ad
1373 3222 1496 3298 portam
1588 3286 1590 3290 ¹

176 3312 360 3390 exspectare
381 3299 498 3367 dicunt.
550 3305 635 3387 Ergo
656 3301 813 3385 ignosces;
851 3301 963 3366 alteras
986 3301 1114 3367 babebis
1137 3301 1191 3367 bas
1213 3302 1343 3377 breves,
1366 3302 1421 3370 sed
1442 3326 1497 3370 ex·

176 3407 280 3486 specta
302 3397 409 3462 ιιάιιια
431 3406 504 3479 περὶ
530 3396 668 3461 πάντων.
731 3394 796 3459 Etsi
818 3392 894 3481 quid
915 3414 974 3479 ego
995 3414 1046 3458 me
1068 3393 1123 3459 tibi
1144 3413 1264 3481 purgo,
1297 3418 1367 3463 cum
1390 3397 1436 3464 tui
1457 3396 1498 3463 ad

176 3513 227 3557 me
254 3491 362 3557 inanes
398 3489 538 3563 veniant,
570 3488 610 3554 ad
642 3499 672 3554 te
701 3509 772 3553 cum
800 3488 941 3574 epistolis
969 3495 1192 3554 revertantur?
1225 3494 1255 3554 2.
1283 3495 1346 3556 Nos
1376 3490 1426 3555 bic
1458 3520 1498 3533 -

177 3594 281 3650 tamen
311 3583 349 3649 ad
376 3591 406 3648 te
434 3581 568 3648 scribam
596 3581 714 3668 aliquid
742 3619 784 3631 —
817 3582 934 3647 Sullam
963 3591 1084 3667 patrem
1106 3593 1266 3649 mortuum
1292 3583 1497 3660 habebamus;

140 3678 231 3745 ssalii
252 3699 270 3742 a
291 3675 483 3750 latronibus,
506 3675 558 3740 alii
580 3675 731 3742 cruditate
753 3674 916 3753 dicebant;
952 3675 1088 3761 populus
1109 3698 1173 3742 non
1194 3676 1341 3755 curabat;
1369 3677 1499 3744 combu-

177 3780 260 3837 stum
283 3771 365 3835 enim
387 3791 456 3835 esse
477 3768 647 3835 constabat.
689 3772 757 3835 Hoc
778 3779 812 3836 tu
833 3790 892 3855 pro
914 3778 966 3834 tua
988 3770 1138 3856 sapientia
1159 3769 1242 3837 leres
1257 3792 1359 3858 aequo
1375 3775 1499 3849 animo;

178 3885 368 3952 quamquam
400 3865 576 3948 πρόσωπον
612 3863 732 3938 πόλεως
762 3863 932 3929 amisimus.
993 3866 1154 3929 Caesarem
1190 3864 1338 3951 putabant
1368 3864 1500 3942 moleste

179 3959 332 4033 laturum,
361 3966 541 4030 verentem,
578 3979 618 4021 ne
650 3956 736 4021 basta
762 3956 948 4021 refrixisset.
1004 3957 1139 4022 ltlindius
1160 3959 1324 4024 Marcellus
1346 3968 1379 4023 et
1398 3958 1500 4024 Attius

179 4051 403 4139 pigmentarius
422 4050 512 4117 valde
534 4049 710 4136 gaudebant
727 4072 761 4115 se
782 4049 996 4116 adversarium
1019 4050 1203 4136 perdidisse.
1237 4057 1266 4117 3.
1288 4057 1335 4117 De
1352 4051 1500 4139 Hispania

249 4254 276 4303 1.
295 4253 387 4303 bobrra
405 4252 442 4303 Μ.
464 4275 494 4288 -
531 4252 558 4300 2.
576 4253 621 4314 qut
639 4251 797 4300 Ernestlus:
817 4251 881 4314 quid
897 4251 935 4301 Μ.
956 4277 985 4287 -
1017 4251 1044 4301 3.
1064 4249 1205 4302 worardus
1222 4252 1260 4303 Μ.
1281 4276 1313 4290 -
1349 4253 1376 4303 6.
1394 4253 1501 4316 lantper

180 4322 218 4375 lt.
240 4346 269 4356 -
305 4322 333 4373 6.
353 4330 377 4373 ct
395 4324 450 4372 tom
472 4320 572 4370 Aldus:
599 4322 679 4371 atium
696 4321 755 4371 ΜΕ.
777 4346 805 4356 -
843 4321 870 4370 8.
888 4328 991 4383 possent
1010 4321 1054 4372 bl:
1073 4324 1173 4385 possint
1191 4323 1340 4374 Ernestius.
1361 4347 1393 4359 -
1411 4323 1452 4373 oet
1467 4325 1501 4372 s's'r

180 4392 240 4456 tpto
258 4399 397 4443 oontrruat
415 4392 567 4442 Victorius:
596 4391 659 4440 ualle
675 4392 735 4453 ipso
752 4397 861 4440 comm
879 4389 922 4447 Μ,
945 4392 986 4441 oct
1002 4393 1062 4454 ipso
1079 4401 1219 4443 occurrunt
1240 4394 1270 4444 ll.
1300 4418 1330 4430 -
1368 4394 1410 4443 10.
1428 4400 1501 4456 pote-

181 4468 250 4512 stote
266 4469 297 4513 ut
313 4464 348 4511 stt
366 4462 403 4513 Μ.
425 4487 454 4498 -
494 4463 535 4512 tt.
556 4461 739 4510 occurrotlll:
758 4467 880 4510 occunot
899 4460 929 4510 ll.
956 4485 986 4497 -
1024 4462 1067 4511 ta.
1086 4463 1215 4513 eoerolll.
1237 4487 1268 4499 -
1303 4463 1438 4514 advolabit
1456 4463 1500 4513 M:
1544 4483 1547 4490 ·

182 4531 286 4583 edoctu
306 4532 336 4582 ll.
357 4555 387 4566 -
423 4531 467 4581 14.
485 4531 677 4581 stomoctoaera
694 4530 732 4580 Μ.
754 4553 782 4564 -
821 4531 863 4580 16.
883 4529 995 4594 αἱρέσει
1011 4530 1146 4582 Orellius:
1166 4534 1265 4583 horreri
1283 4527 1322 4594 (b.
1341 4533 1371 4591 l.)
1388 4533 1447 4584 ΜΕ.
1469 4557 1501 4569 -

184 4601 227 4651 tr.
246 4602 371 4651 delenttur
389 4602 435 4652 ll:
453 4601 575 4651 delinitur
593 4600 623 4650 B.
649 4625 675 4636 -
695 4601 737 4649 to.
756 4602 801 4663 qut
816 4611 936 4662 possesso
953 4615 1032 4664 quom
1051 4602 1089 4652 Μ.
1110 4626 1141 4638 -
1160 4603 1204 4653 22.
1224 4605 1275 4665 Qut
1292 4605 1321 4653 td
1339 4604 1501 4653 Schlttztnsr

186 4670 331 4734 omenta.
351 4695 385 4706 —-
420 4671 464 4721 36.
483 4670 592 4721 necat:
611 4683 691 4733 neque
718 4669 748 4718 ll.
771 4696 799 4705 —
837 4667 881 4718 28.
919 4672 963 4719 aad
981 4677 1094 4720 tomen.
1117 4706 1150 4721 ..
1187 4673 1249 4723 Cum
1268 4674 1317 4723 Vb.
1345 4672 1401 4723 Clr.
1422 4672 1502 4723 lland

185 4739 264 4791 Tura.
280 4741 315 4791 ll.
336 4755 362 4803 p.
380 4740 442 4791 604.
457 4765 490 4778 -
507 4741 551 4791 34.
570 4740 680 4804 aliquid,
701 4738 799 4788 Sullam
819 4739 995 4790 Benedictus:
1017 4742 1127 4805 aliquid,
1144 4744 1174 4792 n.
1194 4743 1294 4793 sottum
1312 4744 1371 4805 ME,
1390 4744 1500 4807 oltqutd,

185 4809 220 4933 ξὸ
236 4809 448 4932 wldar.
474 4836 505 4847 -
541 4809 586 4861 36.
605 4807 682 4872 anim]
702 4816 788 4860 tomen
806 4809 837 4860 B.
860 4835 888 4846 -
926 4817 973 4861 tuo
991 4813 1122 4874 rapientia
1139 4813 1185 4864 ll:
1204 4816 1335 4878 sapientia
1353 4823 1401 4866 too
1420 4815 1449 4865 ll.
1469 4839 1501 4852 -
