3256 5400
179 234 221 298 oc
610 227 887 294 aristocratiae
908 228 961 292 Al)
983 228 1074 292 atu.

178 389 321 475 ingeres,
344 394 505 476 potestate.
549 385 612 463 Qui
633 385 661 450 ai
674 384 765 451 facile
777 404 928 470 masuras
943 393 1025 450 esset
1047 393 1078 449 te
1098 390 1257 448 carentem
1272 383 1373 470 patria
1391 394 1424 448 et
1442 382 1508 448 for-

178 483 262 549 tunis
284 482 346 549 tuis
369 481 474 567 quiete
496 491 527 546 et
548 479 649 545 libere
670 480 797 555 vivere,
827 479 1028 563 cogitandum
1047 476 1103 543 tibi
1121 488 1225 544 tamen
1243 486 1325 543 esset
1349 481 1508 543 llornaene

178 584 211 642 et
231 576 317 642 domi
339 585 426 650 tuoe,
448 573 638 641 cuicuimodi
654 594 706 638 res
727 583 826 647 esset,
849 593 888 637 an
900 571 1056 661 Mytilenis
1073 580 1128 637 aut
1143 570 1244 637 Rhodi
1266 570 1375 636 malles
1388 570 1509 636 vivere.

179 670 242 736 Sed
263 691 335 735 cunr
356 669 398 733 ita
419 669 480 735 late
502 675 605 755 pateat
632 667 701 732 eius
723 675 877 752 potestas,
900 687 995 753 quem
1021 684 1184 741 veremur,
1217 673 1253 731 ul
1274 676 1434 731 terrarum
1455 683 1509 728 or·

155 761 251 829 obem
268 763 432 849 complexe
453 761 509 836 sit,
532 780 636 826 nonne
658 760 757 825 mavis
779 759 848 824 sine
868 759 1009 844 periculo
1031 769 1103 824 tuae
1125 758 1211 824 domi
1226 779 1296 824 csse
1318 779 1413 844 mam
1435 778 1507 822 cnm

177 856 319 945 periculo
341 855 482 920 alienae?
510 853 680 941 Equidem,
713 853 833 919 etiamsi
855 851 1031 938 oppetenda
1054 873 1141 917 mors
1163 862 1264 926 esset,
1298 851 1385 917 domi
1413 862 1508 937 atque

177 949 328 1036 lupatria
350 948 475 1014 mallem
491 969 585 1035 quam
606 947 639 1013 in
658 947 796 1012 externis
817 956 910 1032 atque
931 945 1042 1011 alienis
1065 945 1153 1011 locis.
1196 950 1266 1011 lloc
1280 945 1364 1010 idem
1386 964 1507 1020 omnes,

177 1045 231 1132 qui
252 1055 283 1110 tc
306 1042 454 1127 diligunt,
484 1041 635 1107 sentiunt:
666 1061 802 1126 quorum
824 1048 872 1104 est
894 1060 1005 1125 magna
1027 1059 1086 1125 pro
1117 1039 1178 1104 tuis
1203 1039 1348 1105 maximis
1372 1037 1508 1104 clarissi-

178 1139 298 1224 misque
318 1135 486 1202 virtutibus
508 1134 684 1201 multitudo.
735 1139 765 1199 5.
787 1131 946 1198 Habemus
971 1133 1065 1200 etiam
1094 1132 1248 1199 rationem
1276 1133 1323 1198 rei
1344 1132 1507 1198 familiaris

140 1251 167 1292 ιο
177 1244 265 1307 tuae,
288 1253 381 1318 quam
407 1228 552 1313 dissipari
577 1228 733 1293 nolumus.
787 1232 864 1292 Nam
887 1226 945 1293 etsi
972 1227 1088 1293 nullam
1119 1236 1224 1314 potest
1257 1228 1400 1314 accipere
1427 1226 1507 1292 iniu-

176 1326 274 1399 riam,
311 1345 391 1415 quae
409 1321 514 1387 lutura
535 1331 686 1408 perpetua
709 1319 764 1395 sit,
798 1331 984 1407 propterea,
1020 1319 1107 1408 quod
1133 1341 1237 1407 neque
1265 1320 1312 1412 is,
1347 1320 1401 1408 qui
1424 1329 1507 1385 tenet

176 1415 434 1504 rempublicam,
457 1415 594 1500 patietur
616 1435 718 1501 neque
745 1414 812 1500 ipsa
826 1435 879 1479 res
900 1413 1045 1500 publica;
1069 1423 1171 1479 tamen
1198 1414 1350 1500 impetum
1372 1411 1507 1499 praedo·

176 1533 252 1577 num
273 1512 305 1576 in
331 1521 397 1576 tuas
418 1507 559 1573 fortunas
578 1508 647 1572 lieri
664 1508 749 1573 nolo.
793 1507 833 1573 lli
848 1517 954 1572 autem
969 1508 1024 1594 qui
1040 1517 1159 1584 essent,
1182 1507 1333 1574 auderem
1356 1505 1506 1576 scribere.

176 1603 236 1668 nisi
257 1613 287 1670 te
306 1603 480 1687 intelligere
505 1599 707 1666 confiderem.
751 1606 781 1666 6.
803 1601 862 1669 Hic
878 1610 909 1666 te
925 1601 1018 1666 unius
1033 1601 1278 1674 sollicitudines,
1300 1600 1395 1666 unius
1413 1599 1507 1664 etiam

142 1697 292 1762 tamultae
317 1710 348 1760 et
366 1694 510 1761 assiduae
532 1694 678 1759 lacrimae
693 1698 726 1761 C.
741 1695 897 1770 Marcelli,
920 1695 1026 1761 fratris
1047 1697 1175 1783 optimi,
1198 1695 1425 1782 deprecantur:
1448 1713 1507 1758 nos

177 1811 252 1855 cura
274 1799 305 1854 et
327 1789 438 1853 dolore
467 1787 606 1874 proximi
633 1809 755 1863 sumus,
792 1788 939 1876 precibus
967 1788 1139 1865 tardiores,
1174 1788 1260 1876 quod
1281 1788 1332 1853 ius
1353 1785 1504 1858 adeundi.

176 1904 248 1949 cum
271 1883 328 1967 ipsi
348 1882 569 1968 deprecatione
590 1881 788 1967 eguerimus,
822 1904 886 1948 non
908 1881 1070 1949 habemus.
1125 1883 1231 1950 Gratia
1252 1893 1373 1948 tantum
1394 1900 1505 1966 possu-

176 1998 262 2050 mus,
285 1985 435 2063 quantum
464 1975 552 2048 victi,·
576 1976 632 2041 sed
655 1984 759 2041 tamen
781 1976 933 2050 consilio,
951 1976 1061 2042 'studio
1082 1978 1230 2044 llaroello
1259 1996 1324 2043 non
1346 1974 1504 2041 desumus.

175 2076 201 2137 Δ
223 2068 284 2135 tuis
305 2070 436 2157 reliquis
456 2090 521 2135 non
542 2068 744 2149 adhibemur;
767 2069 807 2136 ad
828 2069 933 2136 omnia
952 2071 1054 2157 parati
1075 2092 1194 2137 sumus.

137 2237 166 2278 ω
643 2213 723 2275 vm.
767 2206 817 2292 (A.
842 2213 875 2277 u.
898 2213 931 2276 e.
953 2209 1039 2295 ros.)

517 2327 558 2389 u.
581 2323 724 2389 necao
747 2325 778 2387 c.
800 2327 838 2387 n.
861 2327 903 2388 u.
924 2324 1150 2389 usnemun.

262 2448 289 2508 l.
316 2448 424 2531 Neque
452 2463 583 2509 monere
604 2451 636 2508 te
660 2442 763 2508 audeo
785 2442 967 2529 praestanti,
982 2442 1149 2530 prudentia
1176 2444 1279 2509 vnum
1305 2462 1365 2510 nec
1390 2443 1506 2509 conlir·

75 2536 79 2542 ’
173 2558 262 2603 mare
279 2537 407 2602 maxirni
424 2536 519 2601 animi
535 2536 694 2601 hominem
717 2557 879 2622 unumque
897 2536 1120 2612 fortissimum,
1142 2538 1300 2604 consolari
1316 2557 1395 2603 vero
1416 2537 1504 2603 nullo

175 2631 281 2697 modo.
323 2636 399 2695 Nam
420 2631 448 2695 si
470 2651 523 2703 ea,
545 2650 626 2716 quae
649 2628 842 2703 acciderunt,
865 2630 908 2696 ita
930 2629 1012 2705 less,
1042 2638 1078 2696 ut
1098 2628 1210 2703 audio,
1233 2631 1383 2717 gratulari
1405 2631 1504 2716 magis

136 2722 280 2790 nvirtuti
302 2722 404 2789 debeo
426 2743 519 2809 quam
542 2722 699 2788 consolari
720 2723 865 2789 dolorem
882 2733 989 2801 tuum;
1012 2724 1107 2788 sinte
1125 2731 1208 2788 tanta
1231 2724 1312 2790 mala
1334 2725 1383 2790 rei
1401 2723 1504 2812 publi·

174 2836 230 2882 cae
251 2817 413 2904 frangunt,
436 2837 499 2882 non
518 2816 560 2880 ita
581 2815 708 2881 abundo
728 2816 877 2901 ingenio,
898 2827 981 2883 utta
1000 2817 1165 2891 consoler,
1188 2838 1261 2882 cum
1282 2818 1350 2904 ipse
1371 2839 1423 2883 me
1438 2839 1503 2883 non

173 2910 303 2998 possim.
353 2910 519 2997 Reliquum
547 2918 595 2975 est
617 2909 730 2995 igitur,
766 2919 802 2976 ut
829 2909 887 2977 tibi
919 2932 970 2976 me
991 2911 1024 2976 in
1056 2911 1141 2976 omni
1171 2932 1208 2975 re
1234 2932 1308 2978 eum
1333 2908 1503 2998 praebeam

173 3013 393 3092 praestemque
416 3012 447 3068 et
467 3002 506 3068 ad
527 3003 648 3077 omnia,
671 3024 751 3091 quae
772 3004 818 3070 tui
844 3004 957 3078 velint,
980 3005 1023 3070 ita
1046 3005 1104 3069 sim
1127 3014 1270 3091 praesto,
1302 3013 1337 3071 ut
1360 3025 1412 3070 me
1438 3024 1503 3070 non

173 3097 276 3164 solnm
301 3098 405 3162 omnia
429 3096 547 3162 debere
564 3107 616 3162 tua
632 3117 746 3172 causa,
768 3097 823 3163 sed
844 3119 881 3162 ea
903 3119 1048 3185 quoqne,
1071 3098 1165 3163 etiam
1188 3119 1269 3186 quae
1290 3120 1354 3164 non
1372 3099 1503 3186 possim,

136 3201 290 3278 copulem.
333 3195 364 3256 2.
386 3190 468 3257 lllud
488 3200 592 3256 tamen
611 3191 660 3257 vel
685 3200 720 3258 tu
743 3213 794 3257 me
818 3193 979 3257 monuisse
1004 3193 1054 3256 vel
1073 3193 1231 3257 censuisse
1251 3200 1326 3279 puta
1350 3192 1400 3257 vel
1429 3212 1504 3278 prn-

173 3293 244 3372 pter
264 3283 513 3371 beneuolentianr
535 3292 640 3350 tacere
661 3306 724 3351 non
743 3285 901 3371 potuisse,
922 3295 975 3358 ut,
998 3286 1083 3372 quod
1104 3306 1164 3371 ego
1191 3285 1289 3360 lanio,
1319 3294 1352 3352 tu
1375 3305 1503 3372 quoqne

173 3378 314 3444 aninmnr
329 3377 474 3454 inducas,
494 3377 521 3442 si
539 3377 578 3443 sit
595 3377 698 3465 aliqua
711 3399 764 3443 res
776 3378 916 3465 publica,
928 3384 959 3444 in
971 3401 1009 3445 ea
1023 3390 1053 3446 te
1068 3401 1137 3445 esse
1150 3388 1300 3467 oportere
1314 3378 1433 3445 iudicio
1447 3377 1504 3443 lro-

173 3477 293 3538 minum
309 3493 410 3559 reque
420 3471 610 3558 principem,
632 3471 815 3538 necessitate
827 3472 1151 3561 cedentemtempori:
1175 3474 1224 3539 sin
1242 3483 1347 3538 autem
1359 3471 1442 3537 nulla
1454 3471 1503 3546 sit,

173 3565 257 3652 lrunc
269 3576 372 3630 tamen
383 3565 577 3652 aptissimum
589 3565 761 3630 essectiam
775 3566 816 3630 ad
827 3566 1034 3634 exsulandum
1046 3569 1161 3633 locum.
1184 3568 1217 3632 Si
1233 3572 1315 3632 enim
1327 3566 1503 3632 libertatem

136 3659 353 3746 assequimur,
375 3658 431 3753 qui
454 3659 542 3724 locus
564 3657 624 3724 hoc
642 3657 802 3725 dominatu
825 3667 933 3725 vacat?
955 3661 1003 3726 sin
1018 3661 1267 3748 qualemcunque
1281 3662 1396 3733 locum,
1419 3680 1502 3747 qnae

173 3762 220 3818 est
240 3752 411 3818 domestica
426 3754 500 3818 sede
516 3752 708 3818 iucundiori
731 3753 793 3819 Sed
813 3754 889 3818 mihi
906 3755 1020 3829 crede,
1045 3754 1138 3819 etiam
1154 3755 1196 3828 is,
1220 3759 1273 3841 qui
1287 3754 1392 3820 omnia
1408 3762 1502 3823 tenet.

172 3846 256 3912 lavet
273 3847 420 3933 ingeniis:
443 3846 637 3913 nobilitatem
659 3868 737 3913 vero
753 3856 785 3914 ct
800 3846 966 3932 dignitates
989 3849 1166 3922 hominum,
1190 3860 1341 3937 quantum
1355 3847 1385 3914 ei
1402 3868 1455 3912 rea
1472 3855 1504 3912 et

173 3939 271 4026 ipsius
288 3961 382 4005 causa
403 3934 562 4013 concedit,
594 3942 799 4028 amplectitur.
843 3940 908 4007 Sed
935 3942 1026 4028 plura
1061 3963 1155 4029 quam
1183 3952 1362 4008 statueram.
1395 3940 1503 4007 ltcdeo

173 4052 251 4118 ergo
272 4033 312 4098 ad
335 4056 433 4099 nuum
454 4033 544 4106 illud,
568 4054 618 4099 me
638 4044 727 4101 tuum
749 4056 834 4108 esse,
855 4034 927 4101 lore
948 4057 1019 4101 cum
1042 4037 1120 4109 tuis,
1150 4037 1292 4102 simodo
1325 4045 1418 4102 erunt
1438 4034 1501 4108 tui,

136 4127 201 4191 osi
222 4126 342 4201 miuus,
372 4149 422 4192 me
444 4136 529 4192 certe
551 4132 583 4193 in
611 4127 757 4196 omnibus
782 4129 880 4196 rebus
902 4130 976 4195 satis
1003 4137 1130 4196 nostrae
1151 4129 1363 4195 coniunctioni
1385 4128 1502 4194 amori·

174 4242 236 4306 que
258 4220 423 4286 iacturum.
467 4221 554 4288 Vale.

242 4402 268 4451 3.
294 4404 448 4453 cuicuimodi
466 4417 521 4456 ma.
544 4404 648 4466 llepett.
676 4404 771 4455 nme.
804 4411 832 4456 et
857 4405 1026 4457 Gronovius:
1055 4406 1199 4455 cuiusmodi
1226 4405 1286 4456 Mil.
1309 4430 1338 4445 ·-
1366 4407 1500 4468 Mytilenis

173 4471 219 4522 ll:
238 4472 372 4535 Mitylenis
392 4474 421 4523 ll.
442 4497 473 4509 -
493 4471 587 4536 vivere]
606 4475 692 4525 uidero
709 4475 747 4526 ll.
768 4499 799 4511 -
836 4477 863 4527 5.
883 4484 943 4527 tuna
960 4477 1031 4526 domi
1049 4476 1094 4524 ttt:
1114 4477 1186 4525 domi
1205 4484 1266 4526 tunc
1284 4475 1314 4524 li.
1337 4500 1367 4511 -
1387 4479 1429 4527 10.
1449 4490 1500 4539 po-

173 4548 210 4591 tes
230 4542 278 4591 Va.
299 4568 330 4578 -
367 4544 412 4593 28.
432 4550 456 4593 et
475 4544 644 4595 tannasara
664 4551 694 4594 ot
714 4544 772 4595 tta.
795 4570 825 4582 -
861 4549 910 4603 sina
929 4546 972 4595 ll:
993 4547 1078 4595 adsim
1098 4547 1127 4594 ll.
1149 4570 1179 4581 -
1216 4548 1259 4596 29.
1281 4553 1327 4595 tuo
1345 4560 1435 4600 como,
1455 4547 1500 4594 aad

170 4624 252 4661 muso
271 4626 369 4676 quoque
388 4613 432 4672 dl,
451 4622 500 4663 tuo
519 4628 616 4670 corno,
649 4629 716 4678 quoe
732 4616 846 4677 poesim,
865 4617 908 4666 ssd
925 4630 956 4667 ce
975 4629 1074 4680 quoque
1091 4616 1336 4679 attinnt-Lagona
1357 4629 1419 4665 eum
1439 4615 1487 4668 Vb.

172 4681 207 4803 'dd
218 4695 271 4746 qna
290 4688 331 4803 epp
348 4696 462 4746 portum.
478 4705 508 4720 -
529 4685 572 4735 ³0.
592 4690 680 4735 tomen
696 4685 772 4736 emsa
789 4699 830 4737 me
847 4686 883 4736 tt.
900 4710 930 4723 -
949 4686 993 4738 δῦ.
1013 4683 1157 4749 lominum]
1171 4689 1286 4737 omnium
1300 4687 1457 4737 nmblnns.
1468 4709 1498 4723 -

209 4765 283 4813 .cqo
331 4787 338 4803 .
