3256 5400
582 224 656 288 un.
677 223 716 287 ll.
758 223 818 289 ΕΡ.
837 222 870 289 ³.
889 223 923 287 t.
943 224 974 288 d.
995 223 1024 289 d.
1423 230 1464 293 23

142 378 243 445 tabor.
297 381 353 445 Est
374 378 457 443 enim
480 377 536 443 tibl
557 380 662 463 gravis
683 378 861 445 adversaria
883 379 1049 444 constituta
1070 388 1101 444 et
1125 390 1248 465 parata,
1272 382 1464 455 incredibilis

142 472 297 561 quaedam
319 472 527 558 exspectatio:
551 494 643 559 quam
666 482 700 538 tu
721 494 782 538 una
803 493 838 536 re
860 471 1005 537 facillime
1028 473 1148 546 vinces,
1172 474 1198 537 si
1220 472 1279 538 boc
1301 478 1463 554 statueris,

142 589 276 656 quarum
298 565 423 631 laudum
446 565 579 650 gloriam
601 566 773 639 adamaris,
795 564 909 652 quibus
931 565 1050 631 artibus
1072 588 1127 631 eae
1149 566 1257 631 laudes
1279 591 1461 655 comparau-

143 671 204 734 tur,
225 660 260 725 in
280 660 319 725 iis
338 658 430 743 [esse]
446 657 680 726 elaborandum.
724 665 759 724 ln
780 661 858 725 banc
880 659 1064 724 sententiam
1086 660 1257 724 scriberem
1281 663 1379 747 plura,
1404 665 1464 729 nisi

143 765 173 820 te
206 763 259 819 tua
279 761 391 839 sponte
412 752 486 817 satis
508 752 668 818 incitatum
689 774 758 817 esse
780 752 983 830 confidercm;
1022 763 1053 817 et
1074 753 1150 827 boc,
1185 754 1337 842 quidquid
1357 757 1488 843 attigi‚s

142 870 206 914 nou
225 847 288 914 leci
308 845 520 913 inflammandi
540 846 587 911 tui
608 867 716 922 causa,
739 845 794 911 sed
816 846 998 913 testificandi
1020 849 1139 912 amoris
1160 849 1232 913 mei.

632 988 663 1049 v.
707 984 755 1068 (A.
781 988 814 1050 e.
837 989 869 1050 c.
891 989 978 1065 701.)

538 1102 579 1163 u.
602 1101 744 1164 cronno
767 1101 798 1162 s
820 1102 857 1162 n.
880 1101 913 1163 o.
936 1101 1104 1164 onerem.

229 1218 256 1279 1.
278 1216 363 1278 llaec
391 1210 517 1295 negotia
539 1209 699 1296 quomodo
727 1232 760 1274 se
783 1209 931 1284 babeant,
969 1233 1007 1274 ne
1030 1211 1161 1295 epistola
1182 1212 1308 1297 quidem
1332 1237 1461 1282 narrare

141 1309 254 1375 audeo.
305 1304 392 1379 Tibi,
425 1304 500 1379 etsi,
530 1303 710 1390 ubicunque
732 1325 783 1377 es,
817 1312 851 1369 ut
879 1304 990 1388 scripsi
1011 1303 1050 1367 ad
1072 1313 1101 1368 te
1124 1315 1211 1379 ante,
1241 1307 1273 1370 iu
1296 1309 1405 1374 cadem
1427 1330 1499 1377 esso

142 1401 231 1476 navi,
263 1409 383 1472 tamen,
419 1396 505 1484 quod
524 1395 617 1472 abes,
650 1396 813 1481 gratulor,
840 1397 889 1461 vol
912 1397 1069 1482 quianon
1092 1397 1179 1461 vides
1201 1419 1253 1471 ea,
1284 1424 1364 1487 quac
1387 1425 1461 1477 uos,

142 1496 192 1562 vel
213 1493 298 1582 quod
327 1491 453 1556 excelso
482 1500 514 1555 et
533 1489 647 1554 illustri
668 1490 739 1554 loco
761 1489 819 1553 sita
841 1499 888 1554 cst
909 1489 975 1554 laus
998 1499 1050 1553 tua
1072 1491 1103 1554 in
1131 1490 1338 1575 plurimorum
1361 1504 1392 1559 et
1410 1518 1459 1561 so·

140 1590 263 1655 ciorum
284 1596 315 1651 et
335 1585 451 1650 civium
473 1592 665 1669 conspectu:
699 1604 779 1668 quac
809 1582 847 1647 ad
875 1604 931 1648 nos
959 1603 1015 1646 nec
1044 1581 1180 1647 obscuro
1203 1607 1260 1648 nec
1283 1587 1370 1651 vario
1394 1610 1460 1653 scr·

142 1703 249 1756 moue,
278 1679 334 1745 sed
356 1689 387 1743 et
408 1676 577 1742 clarissima
600 1685 631 1741 ct
651 1696 712 1740 una
735 1675 874 1740 omnium
899 1696 974 1739 soce
997 1676 1164 1761 perfertur.
1209 1681 1238 1741 2.
1263 1682 1362 1744 Unum
1385 1680 1461 1746 illud

141 1775 264 1848 nescio,
300 1774 478 1859 gratulerne
500 1770 556 1835 tibi
579 1793 617 1835 an
640 1769 784 1842 timeam,
815 1767 899 1854 quod
922 1767 1072 1833 mirabilis
1095 1776 1141 1832 est
1163 1771 1354 1854 exspectatio
1376 1772 1459 1836 redi·
1472 1801 1499 1840 11

142 1880 191 1935 tus
212 1869 272 1934 tui:
295 1889 358 1933 non
381 1886 445 1952 qno
466 1886 595 1939 verear,
625 1885 664 1928 ue
688 1874 740 1928 tua
766 1863 865 1927 virtus
888 1861 1028 1946 opinioni
1051 1861 1212 1925 bominum
1238 1883 1301 1926 non
1330 1885 1460 1950 respon·

140 1963 229 2038 deat;
260 1959 317 2026 sed
339 1957 516 2024 mehercule
556 1979 610 2030 ue,
643 1977 715 2022 cum
733 1955 871 2030 veneris,
904 1978 967 2020 non
989 1955 1103 2021 habeas
1122 1957 1202 2029 iam,
1236 1956 1321 2042 quod
1347 1978 1459 2024 cures:

140 2055 182 2119 ita
204 2062 276 2118 sunt
297 2052 402 2118 omnia
424 2050 581 2115 debilitata
603 2050 717 2113 etiam
745 2069 845 2135 prope
878 2048 1038 2113 exstincta.
1083 2048 1143 2114 Sed
1167 2050 1243 2114 haec
1264 2049 1330 2137 ipsa
1353 2051 1460 2117 nescio

141 2155 266 2212 rectene
287 2145 349 2211 sint
370 2144 481 2209 litteris
502 2143 676 2208 commissa.
736 2146 842 2221 Quare
878 2153 982 2209 cetera
1013 2166 1183 2229 cognosces
1206 2165 1245 2208 ex
1278 2143 1357 2210 aliis.
1413 2150 1461 2210 Tu

141 2251 257 2315 tamem
288 2238 354 2305 sive
376 2235 473 2302 babes
494 2237 629 2323 aliquam
651 2257 737 2322 spem
760 2237 799 2301 de
821 2258 856 2301 re
879 2237 1003 2323 publica
1024 2239 1090 2302 sive
1113 2237 1279 2323 desperas,
1309 2258 1346 2301 ea
1368 2258 1498 2324 param

142 2334 308 2407 meditare,
331 2331 456 2416 cogita,
479 2352 558 2417 quae
581 2351 650 2394 esse
671 2331 704 2394 in
726 2352 765 2394 eo
787 2330 848 2395 civi
870 2352 906 2395 ac
928 2331 997 2395 vire
1020 2330 1153 2405 debent,
1176 2330 1230 2417 qui
1252 2331 1292 2395 sit
1313 2353 1380 2394 reru
1402 2352 1460 2418 pu·

141 2427 252 2493 blicam
274 2427 418 2492 afflictam
440 2434 472 2489 et
492 2445 675 2510 oppressam
698 2424 822 2488 miseris
844 2423 1038 2508 temporibus
1060 2446 1096 2489 ac
1111 2423 1242 2510 perditis
1264 2424 1405 2489 moribus
1427 2425 1460 2489 iu

141 2532 279 2587 veterem
301 2520 483 2606 dignitatem
504 2529 537 2584 et
556 2517 731 2584 libertatem
754 2517 974 2583 vindicaturus.

623 2661 670 2722 u.
714 2654 762 2738 (a.
788 2661 820 2721 u
843 2661 875 2722 c.
898 2657 983 2742 701.)

516 2775 557 2836 u.
580 2770 723 2836 cronno
746 2773 777 2834 s.
799 2774 836 2833 n.
858 2773 891 2835 c.
915 2772 1082 2835 onerem.
1469 2803 1497 2845 „

227 2890 254 2950 1.
276 2884 509 2951 Nondumerat
524 2882 663 2948 auditum
681 2891 711 2944 te
733 2879 771 2944 ad
794 2881 912 2945 ltaliam
927 2880 1112 2953 adventare,
1135 2902 1205 2945 cum
1225 2885 1297 2946 Sex.
1316 2880 1459 2954 Villium,

140 2978 264 3045 Milonis
289 2977 350 3042 mei
380 2976 584 3048 seruiliarem,
618 2996 688 3039 cum
712 2974 760 3038 his
784 2975 821 3039 ad
845 2984 875 3039 tc
902 2974 1014 3040 litteris
1039 2975 1120 3039 misi.
1179 2974 1239 3039 Sed
1265 2983 1460 3040 tamencum

140 3071 393 3160 appropinquare
417 3079 488 3135 tuus
510 3069 659 3134 adventus
681 3076 844 3153 putaretur
859 3077 889 3131 et
910 3077 940 3130 te
959 3066 1020 3130 iam
1042 3088 1082 3130 ex
1107 3067 1178 3132 bsia
1198 3074 1327 3133 Romam
1352 3088 1462 3131 versus

140 3165 314 3252 profectum
341 3185 411 3228 esse
430 3171 601 3234 constaret,
627 3159 807 3245 magnitudo
834 3160 881 3225 rei
913 3159 1006 3232 lecit,
1043 3169 1077 3224 ut
1097 3183 1160 3224 uon
1187 3183 1384 3232 vereremur,
1422 3181 1462 3224 ne

141 3258 232 3324 nimis
256 3258 319 3322 cito
344 3258 555 3328 mitteremus,
594 3277 664 3320 cum
692 3255 746 3319 bas
781 3277 874 3340 quam
900 3253 1036 3337 primum
1065 3253 1104 3316 ad
1129 3264 1157 3318 te
1185 3254 1320 3339 perferri
1343 3254 1462 3318 litteras
1471 3270 1499 3309 ³⁰

141 3373 253 3436 magno
275 3372 372 3437 opere
392 3349 553 3415 vellemus.
596 3353 681 3433 Ego,
715 3349 740 3413 si
766 3372 835 3412 mea
856 3349 887 3413 in
910 3356 940 3410 te
962 3356 1067 3410 esseut
1087 3347 1188 3411 officia
1209 3348 1326 3421 solum,
1349 3347 1461 3420 Curio,

139 3453 243 3517 1111111,
278 3443 512 3531 quantomagis
538 3452 607 3506 ate
628 3442 696 3527 ipso
717 3442 890 3526 praedicari
916 3462 1008 3527 quam
1035 3463 1053 3504 a
1077 3462 1127 3504 me
1150 3441 1319 3526 ponderari
1343 3440 1461 3514 solent,

140 3537 384 3603 verecundiusa
407 3545 451 3608 te,
483 3536 509 3600 si
534 3556 614 3622 quae
638 3555 821 3617 magnares
847 3533 922 3597 mihi
945 3533 1077 3618 petenda
1101 3544 1201 3605 esset,
1230 3534 1461 3599 contenderem.

141 3637 243 3696 Grave
265 3638 312 3693 est
334 3629 417 3693 euim
440 3628 557 3693 homini
578 3627 705 3713 pudenti
733 3637 840 3711 petere
865 3627 980 3712 aliquid
1008 3649 1153 3711 maguum
1173 3628 1212 3692 ab
1235 3651 1295 3702 1111,
1333 3628 1371 3693 de
1398 3649 1462 3713 quo

140 3745 174 3787 se
195 3723 276 3787 bene
297 3722 442 3787 meritum
467 3730 573 3807 putet,
597 3743 635 3783 no
658 3719 704 3791 id,
728 3719 811 3805 quod
834 3729 936 3804 petat,
960 3721 1088 3803 exigere
1111 3723 1208 3804 magis
1229 3743 1323 3808 quam
1348 3737 1501 3804 rogarem

140 3826 171 3881 et
195 3816 226 3880 in
250 3814 403 3880 mercedis
425 3815 528 3901 potius
557 3835 650 3900 quam
679 3812 821 3877 beneficii
851 3812 921 3876 leur
952 3836 1119 3878 numerare
1149 3815 1302 3880 videatur.
1345 3819 1376 3878 2.
1401 3813 1462 3879 Sed

140 3910 213 3996 quia
235 3918 287 3974 tua
307 3910 339 3973 in
363 3931 413 3973 me
437 3908 484 3972 vel
505 3917 579 3971 uota
602 3906 747 3970 omuibus
772 3906 819 3969 vel
848 3906 916 3991 ipsa
943 3908 1079 3971 novitate
1105 3929 1248 3999 mengum
1284 3918 1462 3993 temporum

140 4001 311 4066 clarissima
333 4012 364 4067 et
379 4001 513 4066 niaxima
534 3998 684 4064 benelicia
706 3999 889 4063 exstiterunt
904 4011 1013 4088 estque
1036 4002 1129 4066 animi
1147 4002 1294 4086 ingenui,
1318 4002 1368 4066 cui
1384 4001 1462 4065 mul·

141 4103 206 4160 tum
229 4094 363 4168 debeas,
397 4094 498 4159 eidem
524 4094 693 4179 plurimum
718 4094 797 4157 selle
823 4092 956 4158 debere:
985 4115 1048 4158 non
1076 4094 1214 4159 dubitavi
1239 4093 1269 4158 id
1298 4117 1315 4159 a
1351 4104 1380 4159 te
1407 4115 1464 4180 per

96 4252 103 4267 ,
141 4188 258 4254 litteras
281 4199 403 4275 petere,
426 4187 509 4273 quod
530 4187 604 4252 mihi
633 4187 772 4251 omnium
796 4197 878 4250 esset
902 4187 1073 4252 inanimum
1097 4188 1294 4274 maximeque
1320 4199 1501 4250 necessa-⁴⁰

141 4282 233 4347 rium.
289 4287 396 4369 Neque
418 4283 500 4346 onim
522 4303 590 4346 sum
612 4281 743 4353 veritus,
776 4303 815 4345 ne
837 4281 991 4345 sustinere
1016 4291 1066 4346 tua
1087 4282 1118 4344 iu
1142 4302 1192 4344 me
1213 4281 1262 4344 vel
1286 4280 1465 4343 innumera⁴

209 4453 236 4504 3.
263 4449 381 4514 mudum}
401 4453 477 4501 laude
496 4466 535 4513 pr.
555 4449 594 4501 Μ.
616 4475 646 4485 -
682 4451 708 4500 l.
746 4467 797 4500 esse
815 4467 870 4500 orn.
891 4452 927 4501 111.
949 4476 980 4486 -
1016 4453 1202 4500 elebororutnm
1227 4465 1297 4500 corr.
1318 4452 1364 4501 bl:
1394 4449 1463 4498 tabo·

142 4524 253 4573 randum
280 4523 301 4572 lt
325 4536 387 4572 cum
416 4537 455 4585 pr.
484 4522 521 4572 bl.
555 4544 584 4555 -
623 4523 768 4569 1111111110
796 4524 852 4571 1111.
890 4523 947 4571 Etsi
976 4521 1014 4570 Μ.
1046 4545 1076 4555 -
1113 4528 1174 4569 onte
1192 4521 1239 4570 bl:
1270 4520 1399 4569 1111111111.
1431 4541 1461 4552 -

142 4590 873 4643 11111111111111111111.1111111111111111111111.
902 4615 931 4625 -
971 4591 1127 4640 1111111111
1149 4590 1339 4652 bispouitbl.
1378 4589 1420 4638 18.
1439 4594 1464 4637 et

141 4664 194 4711 tom
208 4677 292 4726 propo
311 4662 365 4711 Va:
393 4665 449 4711 tam
464 4675 546 4723 prope
566 4675 605 4722 pr.
626 4660 670 4717 11,
699 4663 752 4709 iuer
775 4675 857 4722 prope
875 4670 897 4709 et
919 4660 938 4710 E
957 4675 1018 4708 curu
1038 4675 1108 4709 corr.
1136 4662 1172 4719 M,
1210 4661 1264 4709 cn.
1287 4661 1362 4708 lland
1383 4660 1462 4706 'l'urs.

143 4732 190 4781 lll.
211 4748 238 4795 p.
260 4732 320 4781 136.
342 4757 372 4766 -
408 4732 452 4782 23.
490 4738 512 4780 ct
532 4730 581 4779 M:
608 4745 639 4793 uc
661 4731 690 4780 E.
719 4753 750 4763 -
787 4732 831 4780 30.
858 4734 970 4792 perpure
997 4731 1032 4779 bl.
1063 4755 1092 4764 -
1130 4733 1173 4778 32.
1193 4745 1225 4778 nc
1250 4738 1325 4778 11111111
1347 4729 1461 4777 llostins.

142 4801 259 4851 Facilius
276 4802 373 4852 excidit
392 4809 415 4852 ct
435 4815 516 4865 quam
535 4815 575 4849 oc.
594 4800 673 4851 11111.
696 4826 728 4834 -
764 4800 808 4850 33.
828 4815 893 4864 qrcec
911 4815 1022 4864 caupone
1041 4814 1081 4861 pr.
1102 4799 1146 4858 M,
1178 4815 1228 4860 qun
1246 4815 1343 4861 maeque
1363 4798 1382 4847 11
1401 4811 1462 4847 curn

141 4884 210 4921 cerr.
233 4871 270 4922 ld.
