3256 5400
671 225 731 286 ΕΡ.
751 225 803 288 ΑΙ)
826 224 996 288 arriduit

631 384 710 446 ru.
753 383 805 462 (A.
832 387 864 447 u.
891 385 922 446 c.
946 383 1035 461 cess

654 505 795 569 CICERO
818 504 960 569 ATTICO
983 505 1015 567 S.

261 622 288 682 l.
318 615 450 693 Quaeris
478 634 519 678 ex
545 633 616 689 me,
652 613 728 700 quid
753 614 900 680 acciderit
927 614 966 680 de
993 613 1126 690 iudicio,
1159 618 1245 701 quod
1272 628 1335 684 tam
1366 628 1491 705 praeter

175 711 353 798 opinionem
381 708 520 773 omnium
548 706 661 771 iactum
690 707 746 783 sit,
779 717 810 772 et
836 708 928 773 simul
956 707 1004 773 vis
1025 706 1121 780 scire,
1151 731 1213 794 quo
1235 711 1330 776 modo
1352 733 1411 797 ego
1433 714 1490 777 mi-

153 818 247 879 ³nus‚
277 823 372 887 quam
400 802 532 876 soleam,
561 800 731 887 proeliatus
759 801 833 867 sins:
861 800 1059 888 respondebo
1081 800 1139 867 tibi
1160 805 1295 891 ὕστερον
1317 805 1490 894 πρότερον,

171 901 361 981 Ὁμηρικῶς.
420 899 487 979 Ego
514 899 611 969 enim.
642 915 736 980 quam
762 893 816 960 diu
842 904 966 960 senatus
993 895 1160 959 auctoritas
1188 897 1264 961 milri
1297 900 1491 967 defendenda

173 989 248 1066 init,
276 989 322 1056 sic
343 989 456 1055 acriter
483 999 524 1073 et,
535 988 736 1054 vehementer
756 989 924 1074 proeliatus
946 1010 1032 1064 sum,
1064 999 1099 1054 ut
1120 990 1237 1055 clamor
1259 1014 1491 1082 concursusque

174 1085 309 1164 maxima
338 1106 408 1149 cum
434 1104 504 1148 mea
533 1081 624 1147 laude
655 1081 774 1147 fierent.
832 1081 952 1160 Quodsi
982 1080 1038 1147 tibi
1070 1105 1208 1169 unquam
1239 1107 1309 1153 sum
1341 1089 1426 1155 visus
1458 1091 1491 1154 in

173 1200 210 1245 re
237 1178 361 1266 publica
389 1179 495 1254 sortis,
525 1188 609 1243 certe
635 1198 699 1241 me.
714 1176 748 1241 in
776 1174 827 1240 illa
854 1196 945 1240 causa
973 1175 1142 1241 admiratus
1171 1198 1264 1242 esses.
1309 1184 1386 1246 Cum
1407 1182 1489 1246 enim

140 1273 226 1340 ¹tille
256 1273 296 1339 ad
323 1273 483 1339 contiones
512 1271 701 1356 confugisset
725 1269 758 1335 in
785 1269 886 1356 iisque
917 1291 990 1335 meo
1010 1269 1136 1335 nomine
1158 1269 1197 1335 ad
1218 1271 1367 1338 invidiam
1387 1285 1491 1341 utere-

175 1376 244 1442 tur,
273 1366 318 1431 dii
345 1365 547 1431 immortales!
577 1385 654 1452 quas
682 1384 741 1448 ego
769 1384 888 1449 pugnas
915 1373 946 1429 et
973 1375 1102 1450 quantas
1129 1374 1249 1451 strages
1277 1366 1376 1432 edidil
1411 1392 1490 1456 quos

175 1461 308 1548 impetus
336 1463 369 1525 in
394 1460 554 1533 Pisonem,
590 1458 622 1523 in
651 1458 840 1534 Curionem,
876 1458 908 1523 in
937 1467 1032 1524 totam
1053 1458 1138 1524 illam
1159 1481 1283 1525 manum
1312 1461 1390 1526 lecil
1427 1485 1489 1550 quo

175 1553 271 1620 modo
299 1576 368 1619 snm
396 1553 562 1619 insectatus
582 1550 737 1616 levitatem
759 1571 883 1625 senum,
911 1550 1071 1616 libidinem
1097 1552 1280 1618 iuventutisl
1309 1557 1425 1641 Saepe,
1448 1557 1489 1622 ita

176 1669 226 1714 me
258 1648 301 1713 dii
332 1648 454 1712 inventi
491 1657 610 1711 tenen
638 1644 739 1710 solum
765 1655 924 1711 auctorem
951 1644 1155 1711 consiliorum
1183 1668 1346 1722 meorum,
1380 1671 1490 1715 verum

141 1741 268 1809 ttctiam
305 1750 509 1827 spectatorem
542 1759 717 1826 pugnarum
742 1738 944 1804 mirificarum
972 1738 1157 1806 desideravi.
1213 1744 1243 1805 2.
1270 1745 1380 1806 Postea
1412 1763 1489 1808 vero

176 1855 269 1924 qnam
304 1835 489 1899 Hortensius
516 1833 725 1919 excogitavit,
760 1844 795 1899 nt
826 1833 927 1918 legem
957 1833 996 1899 de
1027 1835 1180 1920 religione
1207 1834 1312 1901 Fulius
1346 1835 1489 1902 tribunus

176 1927 219 2016 pl.
243 1927 357 2002 ferret,
384 1928 416 1992 in
443 1949 503 2015 qua
532 1927 609 1992 nihil
630 1925 715 1992 aliud
734 1947 754 1990 a
775 1926 933 1992 consulari
959 1929 1122 2014 rogatione
1145 1927 1307 1994 differebat
1327 1930 1386 1995 nisi
1407 1930 1489 1995 iudi·

176 2042 247 2087 cum
279 2041 376 2106 genus
407 2059 448 2069 —
480 2021 513 2087 in
545 2042 585 2086 eu
616 2030 718 2086 autem
751 2032 840 2085 erant
872 2020 975 2086 omnia
1008 2059 1072 2097 -,
1108 2023 1342 2110 pugnavitque,
1380 2035 1415 2090 ut
1447 2027 1488 2089 ita

177 2114 281 2191 lieret,
312 2113 397 2201 quod
426 2124 457 2180 et
477 2114 536 2180 sibi
559 2124 591 2180 et
610 2114 677 2180 aliis
706 2125 905 2200 persuaserat
933 2115 1025 2181 nullis
1052 2115 1139 2181 illum
1167 2116 1322 2183 iudicibus
1350 2117 1489 2203 elingere

139 2229 291 2297 2⁸,posse,
323 2208 465 2274 contraxi
493 2208 561 2273 vela
594 2207 784 2294 perspiciens
810 2206 947 2294 inopiam
980 2207 1139 2285 iudicum,
1172 2231 1273 2298 neque
1305 2210 1371 2276 dixi
1399 2212 1488 2299 quid-

177 2323 269 2391 quam
295 2323 354 2388 pro
376 2302 569 2377 testimonio,
599 2301 660 2367 nisi
680 2299 765 2388 quod
787 2310 853 2366 erat
874 2302 917 2367 ita
938 2312 1046 2368 notum
1068 2312 1159 2390 atque
1181 2311 1337 2380 testatum,
1371 2317 1488 2372 utnon

177 2415 301 2482 possem
327 2396 509 2482 praeterire.
566 2399 689 2480 ltaque,
718 2394 745 2459 si
775 2414 898 2459 causam
926 2396 1051 2482 quaeris
1079 2395 1344 2464 absolutionis-
1366 2409 1400 2465 ut
1427 2399 1488 2464 iam

178 2491 257 2575 πρὸς
285 2490 321 2555 τὸ
349 2491 505 2574 πρότερον
532 2498 673 2553 revertar
702 2523 762 2562 -‚
792 2497 911 2572 egestas
932 2489 1071 2555 iudicum
1098 2489 1157 2555 luit
1179 2503 1209 2557 et
1229 2492 1401 2578 turpitudo.
1454 2492 1488 2558 ld

177 2592 281 2649 autem
308 2591 343 2648 ut
369 2583 539 2657 accideret,
572 2586 769 2647 commissum
793 2590 840 2645 est
860 2584 1020 2649 Hortensii
1042 2584 1188 2659 consili0,
1215 2585 1286 2672 qui,
1311 2585 1385 2650 dum
1406 2586 1487 2651 veri·

141 2688 227 2766 „tus
253 2687 316 2751 est,
345 2698 385 2743 ne
405 2675 509 2741 Fufius
538 2675 567 2739 ei
598 2675 658 2760 legi
684 2673 908 2749 intercederet,
938 2697 1017 2762 quae
1040 2698 1080 2741 ex
1102 2687 1225 2743 senatus
1246 2679 1387 2744 consulto
1407 2679 1488 2744 sere·

178 2771 284 2846 batur,
313 2791 376 2835 non
405 2769 482 2835 vidit
510 2768 601 2843 illud,
635 2768 730 2833 satius
762 2788 830 2832 esse
859 2768 946 2833 illum
968 2769 1000 2833 in
1021 2770 1148 2836 infamia
1177 2772 1312 2859 relinqui
1332 2794 1368 2836 ac
1388 2774 1488 2838 sordi-

177 2864 236 2932 bus
264 2886 356 2951 quam
385 2862 508 2928 infirmo
534 2861 649 2927 iudicio
678 2861 839 2926 committi.
889 2860 950 2926 Sed
980 2861 1090 2929 ductus
1119 2864 1193 2931 odio
1219 2867 1399 2952 properavit
1419 2887 1486 2931 rem

177 2956 331 3025 deducam
358 2958 391 3022 in
419 2956 584 3030 iudicium.
614 2976 692 3028 cnm
712 2955 797 3020 illurn
826 2954 973 3041 plumbeo
1001 2956 1104 3042 gladio
1132 2958 1304 3044 iugulatum
1324 2960 1365 3025 iri
1385 2971 1487 3026 tamen

177 3051 305 3117 diceret.
358 3056 389 3117 3.
419 3049 480 3115 Sed
508 3049 676 3123 iudicium,
706 3049 733 3113 si
754 3048 894 3134 quaeris,
922 3050 1013 3136 quale
1041 3049 1150 3118 inerit:
1182 3051 1357 3118 incredibili
1384 3054 1486 3127 exitu3

142 3146 238 3230 „sim
266 3145 312 3211 uti
339 3165 421 3210 nunc
448 3165 488 3209 ex
511 3152 623 3208 eventu
645 3141 684 3207 ab
705 3143 791 3216 aliis,
820 3164 838 3206 a
859 3164 909 3207 me
930 3153 1033 3208 tamen
1054 3165 1095 3210 ex
1116 3145 1186 3232 ipso
1207 3147 1297 3213 initio
1325 3146 1487 3212 consilium

179 3237 336 3306 Hortensii
363 3235 620 3325 reprehendatur.
672 3241 747 3300 Nam
775 3244 810 3300 ut
838 3236 966 3302 reiectio
993 3237 1073 3303 iacta
1100 3248 1147 3304 est
1175 3239 1362 3306 clamoribus
1388 3240 1488 3304 maxi·

178 3337 253 3407 mis,
282 3353 352 3397 cum
372 3339 548 3405 accusator.
576 3338 732 3415 tamquam
753 3350 865 3395 censor
885 3329 1002 3406 bonus,
1024 3331 1166 3398 homines
1188 3333 1394 3420 nequissimos
1415 3333 1488 3397 reii-

178 3436 278 3501 ceret,
310 3446 383 3490 reus
410 3435 565 3510 tamquam
593 3422 728 3487 clemens
754 3423 863 3489 lanista
891 3424 1134 3511 frugalissimum
1163 3448 1318 3515 quemque
1345 3446 1486 3490 secerne-

179 3526 248 3594 ret,
283 3526 318 3583 ut
343 3517 478 3603 primurn
508 3516 626 3582 iudices
653 3515 883 3591 consederunt,
919 3520 1008 3584 valde
1036 3519 1178 3585 diffidere
1205 3520 1281 3585 boni
1307 3529 1487 3607 coeperunt.

143 3616 247 3698 „reon
279 3615 361 3675 enim
395 3632 531 3698 unquam
565 3611 687 3696 turpior
713 3609 746 3676 in
773 3610 847 3676 ludo
880 3612 989 3678 talario
1021 3634 1184 3679 consessus
1216 3614 1288 3679 suit.
1339 3612 1488 3679 Macnlosi

180 3714 357 3778 senatores.
392 3704 469 3769 nudi
501 3703 640 3790 equites.
678 3703 794 3769 tribuni
827 3725 890 3770 non
916 3714 978 3771 tam
1010 3708 1126 3781 aerati,
1165 3729 1281 3793 quam,
1317 3716 1352 3772 ut
1383 3706 1488 3794 appel-

180 3798 301 3870 lantur,
335 3797 457 3861 aerarii.
514 3797 606 3862 Pauci
639 3807 741 3862 tamen
774 3796 848 3863 boni
883 3799 1024 3874 inerant,
1061 3821 1140 3887 quos
1174 3801 1344 3866 reiectione
1377 3800 1487 3885 fugare

180 3895 232 3960 ille
259 3914 322 3957 non
350 3899 513 3977 potuerat,
545 3890 600 3975 qui
626 3891 735 3955 maesti
761 3891 845 3955 inter
871 3892 921 3957 sui
947 3891 1112 3959 dissimiles
1140 3904 1170 3959 et
1197 3902 1371 3960 maerentes
1399 3892 1488 3957 sede·

179 3987 254 4053 bant
281 3996 311 4051 et
337 3985 519 4070 contagione
541 3983 739 4070 turpitudinis
760 3984 960 4050 vehementer
987 3986 1259 4072 permovebantur.
1301 3991 1333 4052 1.
1359 3987 1430 4062 llic,
1452 3994 1487 4049 ut

142 4101 321 4168 ⁴⁰quaeque
353 4100 404 4144 res
429 4077 469 4143 ad
495 4078 657 4142 consilium
683 4077 792 4162 primis
819 4079 1079 4164 postulationibus
1106 4079 1318 4155 referebatur.
1354 4077 1489 4144 incredi-

179 4173 250 4240 bilis
272 4182 338 4238 erat
357 4172 521 4247 severitas,
550 4169 633 4235 nulla
654 4170 801 4235 varietate
823 4172 1063 4252 sententiarum
1092 4173 1168 4239 nibil
1190 4174 1372 4260 impetrarat
1396 4193 1486 4247 reus;

249 4355 277 4406 3.
296 4361 382 4404 temen
398 4354 430 4402 ll.
458 4376 490 4389 -
525 4352 701 4403 thamnam
718 4352 750 4402 ll.
780 4377 810 4388 -
845 4353 871 4404 5.
890 4356 956 4404 eim:
983 4355 1241 4420 egoreepondebcl.
1273 4381 1305 4390 -
1341 4353 1487 4404 ronse

179 4426 285 4491 quael.
307 4450 336 4461 -
364 4422 900 4486 ll.deibll.-15.iaepeetutereml.
921 4449 953 4460 -
987 4424 1031 4475 lb.
1051 4426 1143 4474 Fusius
1160 4425 1233 4476 Mill.
1256 4447 1291 4459 -
1325 4424 1367 4473 18.
1384 4437 1487 4487 pugnu-

179 4495 308 4560 oiqueltl
326 4498 352 4543 et
370 4506 410 4556 pr.
429 4493 467 4543 Μ.
496 4514 524 4525 —
559 4491 756 4542 utiditnlll.
791 4515 817 4525 —
854 4492 898 4542 at.
917 4495 1085 4544 neomnlet
1103 4508 1144 4557 pr.
1163 4494 1200 4544 Μ.
1222 4520 1250 4530 -
1288 4493 1488 4543 24.Horteneii

180 4572 217 4618 eet
237 4566 259 4615 l.
280 4589 310 4600 -
345 4565 388 4613 25.
407 4562 488 4626 sudus
505 4574 546 4623 pr.
565 4561 602 4612 Μ.
621 4581 655 4599 -
689 4561 734 4611 26.
751 4558 827 4624 illud]
846 4563 919 4612 atiud
936 4564 959 4614 1.
985 4589 1018 4600 -
1050 4564 1125 4613 ilium
1140 4566 1252 4627 infamio
1268 4563 1379 4628 relinqui
1396 4578 1414 4612 u
1431 4575 1488 4611 eor·

181 4636 256 4686 (tibae
273 4648 350 4699 quum
366 4633 441 4696 fimo
459 4645 498 4694 pr.
517 4630 553 4681 Μ.
573 4653 606 4668 -
639 4632 683 4681 27.
703 4632 823 4681 deductae
840 4631 863 4682 l.
886 4655 913 4665 -
949 4633 993 4683 31.
1011 4635 1243 4696 reprehendebatur
1260 4634 1281 4682 l.
1302 4660 1334 4669 —
1367 4633 1411 4683 32.
1431 4633 1488 4696 quie

180 4717 291 4756 summos
316 4704 353 4753 Μ.
391 4703 570 4764 (nequissimos
595 4714 649 4763 mg.
668 4701 730 4760 M.)
769 4723 796 4734 -
834 4701 877 4751 33.
896 4702 1046 4753 decentii.
1079 4727 1106 4737 -
1143 4704 1187 4754 at.
1206 4704 1301 4753 iudices
1318 4717 1372 4754 om.
1391 4703 1422 4752 n.
1452 4726 1487 4736 -

180 4775 223 4827 33.
245 4788 322 4840 quum
339 4785 392 4824 om·
413 4786 452 4836 pr·
472 4771 510 4823 Μ.
532 4794 561 4806 -
598 4771 641 4821 37.
660 4769 850 4836 effugerem.
873 4794 899 4805 -
937 4771 981 4824 38.
998 4779 1104 4836 poterut
1121 4774 1143 4825 lt
1162 4778 1189 4824 et
1206 4787 1246 4838 pr.
1266 4773 1304 4825 Μ.
1324 4800 1354 4810 -
1380 4771 1426 4823 to.
1442 4785 1486 4834 pe·

181 4845 314 4897 titionibus
330 4844 353 4892 l.
376 4865 402 4876 -
438 4839 483 4892 11.
501 4840 659 4904 impetrabat
675 4840 831 4892 bernblnue.
