3256 5400
220 245 291 299 m

306 385 356 477 3)
379 390 597 462 omissionum
608 409 731 484 magna
740 408 822 480 pars
835 393 967 459 nonnisi
981 391 1130 461 incuriae
1144 390 1353 459 librariorum
1367 390 1545 461 tribuenda

221 502 290 583 est,
310 501 506 587 praesertim
527 500 561 563 ln
582 500 639 585 ils,
661 499 781 586 quibus
803 497 951 579 omissis,
971 516 1092 563 sensus
1113 500 1224 563 tamen
1240 495 1436 583 constabat3
1457 496 1544 565 allae

220 607 331 671 autem
353 604 398 670 lbi
419 602 650 688 inveniuntur,
672 603 728 669 ubl
750 603 898 687 corrupti
920 601 999 688 quid
1021 603 1153 668 eratne
1176 618 1259 666 vera
1280 604 1339 667 aut
1352 604 1546 687 corruptum

221 706 415 794 videbatur3
446 708 528 774 tunc
555 706 670 773 eadem
698 708 788 790 arte,
823 724 888 792 qua
908 704 1007 771 hodie
1029 722 1160 792 quoque
1181 705 1294 771 solent
1315 705 1364 769 uti
1386 722 1491 791 saepo
1511 706 1547 773 in

219 813 305 879 locis
333 809 520 896 desperatis
549 805 665 879 critici
693 804 862 896 nonnulli,
897 810 1021 876 librarii
1051 807 1220 876 doctiores
1249 807 1425 895 delebant,
1460 826 1548 896 quae

220 918 378 1002 suspecta
407 913 619 983 videbantur.
661 907 751 982 Sunt
777 915 857 978 item
884 914 951 981 loci
977 914 1120 1000 aliquot,
1151 909 1214 979 sed
1234 911 1407 979 admodum
1430 915 1548 999 pauci,

219 1018 275 1084 ubi
297 1019 486 1085 necessario
510 1016 635 1104 aliquid
649 1015 825 1083 delendum
840 1021 930 1103 erat,
951 1036 984 1084 v.
998 1035 1028 1085 c.
1041 1018 1150 1083 salsae
1164 1019 1385 1102 repetitiones
1399 1016 1548 1085 eiusdem

218 1122 390 1206 vocabuli,
411 1122 654 1212 geminationes
675 1139 877 1211 perversae,
898 1122 1026 1188 similia.
1069 1120 1166 1188 'falia
1187 1120 1299 1189 deleta
1320 1139 1397 1189 ease
1413 1119 1549 1189 11011.

217 1226 329 1294 multis
350 1244 425 1306 cur,
447 1242 589 1311 quaeso,
611 1217 789 1291 miremur?

304 1321 355 1412 4)
376 1328 688 1397 Additamentorum
710 1331 787 1395 item
809 1327 934 1415 duplex
955 1330 1009 1396 est
1029 1347 1158 1418 genus;
1180 1328 1358 1414 aliquoties
1372 1330 1459 1396 enlm
1479 1347 1548 1395 vo-

219 1433 372 1504 cabulum
392 1431 526 1520 aliquod
547 1451 687 1519 prorsus
708 1436 932 1499 necessarlum
961 1432 1087 1500 excidit
1109 1451 1128 1497 e
1149 1430 1307 1498 Mediceo
1328 1431 1420 1499 facili
1443 1450 1550 1519 opera

218 1537 460 1606 restituendum
485 1537 529 1604 ab
557 1554 613 1620 eo,
647 1536 702 1621 qul
723 1536 846 1603 Latine
867 1538 985 1603 sciret:
1021 1537 1213 1623 neutiquam
1235 1536 1339 1624 igitur
1360 1535 1403 1603 ds
1425 1536 1550 1603 Victo-

220 1646 335 1710 rianae
364 1641 552 1707 sententiae
580 1634 728 1706 veritato
755 1638 991 1722 dubitabimus,
1022 1641 1078 1707 ubi
1099 1659 1121 1705 a
1142 1635 1267 1707 Codice
1297 1658 1363 1705 uno
1392 1640 1550 1706 alterove

219 1745 404 1831 particulas
422 1745 580 1829 imprimis
600 1744 756 1830 praeberi
776 1742 946 1826 udonus,
969 1762 1052 1830 quas
1073 1744 1290 1833 negligenter
1311 1744 1420 1810 omisit
1441 1743 1550 1809 libra·

219 1851 291 1918 rius
317 1848 512 1916 Medieeus:
547 1849 687 1914 alterum
717 1851 827 1915 autem
859 1865 970 1934 genus
1002 1851 1055 1914 est
1081 1848 1387 1933 supplementorum
1417 1847 1550 1913 minimo

220 1955 503 2034 necessariorum,
524 1951 763 2039 glossematum
778 1951 907 2018 scillcet
928 1952 961 2016 in
983 1950 1179 2018 adiiciendis
1200 1951 1342 2037 singulis
1362 1951 1549 2034 vocabulis,

220 2059 321 2144 alque
346 2057 639 2141 interpolationum
668 2057 733 2120 tria
761 2057 963 2141 quattuorve
984 2055 1151 2121 vocabulo
1175 2073 1281 2141 prave
1303 2054 1549 2122 inculcantlum.

304 2152 352 2245 b)
374 2158 538 2246 Reliquae
560 2164 670 2225 autem
692 2159 950 2242 immutationes,
974 2177 1059 2244 quaa
1081 2157 1125 2224 ad
1140 2160 1279 2224 istorum
1294 2177 1456 2246 generum
1470 2159 1549 2224 nul-

216 2273 284 2339 ium
304 2265 424 2332 referri
446 2265 606 2350 possunt,
633 2279 744 2327 merae
766 2263 979 2329 coniecturae
1001 2265 1080 2328 sunt
1102 2261 1352 2329 existimandae.
1396 2261 1548 2329 Pertinet

216 2375 283 2442 huc
305 2367 501 2456 aliquando,
522 2365 583 2432 red
604 2384 761 2451 perraro,
782 2367 972 2431 immutatus
995 2367 1214 2452 epistolarum
1232 2365 1332 2451 ordo;
1352 2367 1459 2432 veluti
1474 2385 1549 2435 cnm

217 2475 374 2546 Ambros.
401 2470 463 2538 13.
479 2473 522 2557 ,et
549 2469 633 2537 Rec.
654 2467 744 2554 apud
772 2469 997 2535 Bentivolium
1019 2470 1096 2536 Vol.
1120 2470 1167 2536 11.
1197 2468 1341 2555 11311.
1372 2470 1465 2537 Libri
1488 2468 1549 2537 14.

218 2582 282 2665 Ep.
297 2576 333 2644 4.
354 2575 573 2663 praemittunt
594 2576 717 2640 ceteris
737 2571 840 2657 Epp,
871 2591 955 2658 quas
976 2572 1020 2638 ad
1041 2593 1121 2639 suos
1142 2575 1279 2659 scripsit
1301 2573 1431 2642 cicero.
1472 2574 1549 2640 Ha-

218 2705 291 2754 rum
319 2683 430 2748 autem
458 2678 586 2744 varium
615 2694 726 2767 genus
755 2693 831 2741 esse
854 2677 1025 2761 perspexi:
1058 2695 1133 2742 nam
1155 2677 1350 2744 conlectura
1371 2676 1550 2745 emendare

220 2786 398 2857 tentabant
425 2784 483 2849 aut
512 2784 608 2849 recta
636 2784 671 2846 et
698 2781 832 2869 integra
859 2797 922 2846 nee
953 2784 1063 2847 temen
1092 2782 1176 2847 satis
1202 2782 1390 2865 intellecta,
1422 2781 1549 2848 trustra

221 2908 305 2980 ergo
327 2891 363 2956 et
383 2905 506 2974 prave,
527 2888 586 2952 aut
608 2886 820 2950 immutarunt
841 2887 1016 2971 corrupta3
1039 2886 1157 2971 quibus
1179 2886 1383 2952 coniecturis
1402 2890 1463 2952 aut
1484 2904 1550 2954 va-

220 3014 292 3062 rum
313 2987 421 3079 ipsum
441 2991 680 3078 restituerunt,
712 2991 771 3053 aut
799 2988 1016 3073 probabiliter
1045 2996 1086 3054 ea
1107 2990 1141 3053 in
1163 3007 1201 3055 re
1222 2989 1350 3056 versati
1370 2993 1469 3071 sunt,
1501 2992 1551 3056 lta

220 3102 259 3165 ut
280 3097 415 3163 meliora
437 3091 582 3160 nondum
603 3094 671 3157 sint
693 3092 907 3180 excogitata3
929 3095 988 3157 aut
1009 3091 1152 3180 denique
1168 3111 1306 3178 prorsus
1319 3094 1551 3180 improbabilia

220 3221 262 3271 oc
282 3202 505 3289 praepostera
527 3196 723 3282 depravatis
744 3195 1004 3283 substituerunt,
1026 3197 1074 3262 lta
1095 3200 1132 3263 ut
1154 3216 1215 3284 pro
1238 3216 1304 3264 nno
1327 3214 1443 3266 errore
1465 3196 1550 3266 duos

220 3325 310 3375 nune
330 3297 489 3390 plures'ue
511 3301 701 3368 babeamus.

305 3400 355 3491 6)
377 3405 534 3476 Ultimum
562 3423 690 3495 genus,
723 3404 841 3491 procul
869 3421 958 3472 nunc
985 3408 1128 3471 amotum
1156 3405 1219 3473 bac
1240 3424 1313 3472 meo
1334 3422 1437 3491 cura,
1467 3403 1551 3473 illud

222 3516 313 3600 erat,
334 3514 390 3579 ubi
413 3509 495 3579 011.
516 3513 594 3596 post
616 3509 806 3575 Ernesttum
828 3509 1018 3576 accuratius
1040 3510 1172 3593 collati,
1193 3510 1236 3576 ab
1258 3511 1330 3576 eius
1350 3513 1549 3577 recensione

223 3639 296 3689 cum
317 3615 501 3683 levioribus
522 3615 557 3677 11
577 3613 695 3695 rebus,
731 3615 799 3677 tum
829 3612 863 3676 ln
893 3612 1008 3680 ordine
1031 3614 1169 3679 maxime
1190 3614 1427 3680 vocabulorum
1451 3612 1551 3680 dille·

222 3724 360 3801 rebant,
382 3735 445 3786 nec
466 3721 577 3783 tamen
599 3718 679 3783 ante
701 3714 759 3782 01.
774 3714 965 3782 Mediceum
987 3716 1096 3795 denuo
1119 3734 1293 3784 excussum
1310 3717 1389 3784 seiri
1404 3720 1551 3803 poterat,

223 3825 306 3896 cdd.
319 3824 396 3890 illos
418 3841 490 3890 cum
512 3823 586 3907 ipso
608 3818 793 3908 archetypo
815 3818 972 3887 Mediceo
995 3824 1183 3887 consentire
1204 3826 1323 3888 contra
1342 3823 1552 3887 recentiores

223 3929 372 3999 1111.-
408 3923 504 4010 Quae
533 3944 607 3992 cum
638 3924 812 3990 verissima
840 3925 908 3989 sint
937 3929 971 3989 et
1001 3944 1042 3990 ex
1070 3923 1198 3991 diutina
1219 3925 1469 4010 comparatione
1491 3923 1551 3992 01.

225 4034 371 4103 Mediccl
395 4050 467 4099 oum
490 4032 604 4097 cetera
625 4028 779 4094 lectionis
800 4029 967 4094 varietate
989 4030 1151 4114 repetita,
1173 4029 1334 4110 exemplis
1354 4030 1468 4094 tamen
1490 4026 1552 4093 tir-

226 4140 308 4207 mari
330 4136 469 4204 debent:
502 4151 576 4199 nam
598 4137 636 4196 ut
656 4132 822 4222 integrum
845 4132 1000 4197 volumen
1023 4133 1249 4214 conscribam,
1278 4134 1400 4218 inquo
1423 4148 1551 4197 omnem

228 4244 369 4310 omnium
391 4239 539 4307 codicum
558 4235 667 4304 adbuc
681 4239 848 4322 repertam
862 4238 1060 4302 varietatem
1075 4254 1273 4320 persequar,
1295 4233 1329 4300 id
1344 4237 1438 4301 certa
1452 4252 1550 4301 nemo

227 4365 322 4415 ame
344 4344 535 4432 postulabit.
576 4340 617 4408 ld
638 4343 748 4406 autem
770 4339 801 4405 11.
821 4341 842 4405 1.
862 4341 1018 4424 imprimis
1039 4341 1220 4405 convenire
1241 4338 1404 4421 iudicavi,
1436 4340 1467 4403 sl
1488 4356 1550 4405 su·

229 4468 350 4518 merem
379 4444 439 4516 01.
460 4446 688 4530 Erfurtensls,
719 4443 761 4510 de
788 4463 852 4530 quo
874 4445 1015 4510 maxima
1036 4445 1267 4510 controversia
1288 4440 1365 4507 mihi
1387 4444 1552 4527 movetur,

230 4558 395 4644 integram
423 4552 619 4617 varietatem
648 4547 693 4615 ad
717 4548 890 4632 Epistulas
918 4551 989 4613 tres
1016 4549 1145 4632 priores
1167 4548 1259 4615 Libri
1280 4543 1359 4612 XV.
1380 4548 1550 4613 enotata·

231 4657 555 4739 demonstraremque
576 4653 612 4718 in
631 4653 791 4740 singulis,
818 4651 861 4718 ad
884 4649 971 4739 quod
992 4669 1153 4742 generum
1173 4667 1277 4736 supra
1297 4652 1550 4716 memoratorum

229 4778 383 4849 quaeque
410 4759 509 4826 lectio
537 4756 730 4844 pertineret.
771 4756 894 4823 Acrius
928 4755 984 4820 ubi
1020 4757 1168 4844 urgebor
1203 4755 1246 4821 ab
1281 4752 1551 4820 adversariorum

204 4953 207 4957 ἢ
233 4865 402 4955 quopiam,
432 4862 519 4933 idem
547 4861 667 4933 taciem
687 4861 723 4930 in
742 4861 887 4931 lectione
909 4857 1049 4928 omninno
1070 4858 1153 4929 011.
1169 4860 1285 4948 plures
1305 4875 1368 4947 per
1389 4856 1551 4946 epistolas
