3256 5400
181 236 223 305 ss
613 230 1078 329 arnpocsauuanrau

181 413 248 463 sam
272 408 401 478 quoque
428 398 460 457 te
475 403 590 475 ¹aeque
619 386 704 454 ierne
726 408 820 476 posse
851 410 955 475 news
976 387 1009 454 ld
1039 391 1158 461 matus.
1187 407 1282 474 (luam
1302 385 1431 459 debeat,
1453 384 1510 451 tibi

180 500 262 555 unns
286 483 404 561 viderit
440 503 481 551 ne
512 504 554 549 ex
576 480 723 551 omnibus
746 481 913 551 virtutibus
940 482 1025 548 baec-
1047 502 1110 548 una
1137 479 1196 547 tibi
1223 480 1370 549 videatur
1389 479 1510 546 deesse

181 578 276 659 Quod
299 577 339 647 ad
366 597 418 647 mo
443 575 566 650 attinet,
588 596 662 643 urm
680 585 712 643 te
733 577 984 663 tranquilliorem
1010 580 1117 645 animo
1137 595 1208 640 essa
1227 594 1388 660 cognoro,
1410 573 1451 639 de
1474 573 1511 640 iis

179 672 292 750 rebus,
314 690 395 759 quae
409 671 460 737 bic
472 679 641 756 gerantur,
663 669 992 758 quemadmodumque
1012 683 1047 735 se
1068 667 1230 756 provincia
1244 667 1375 742 babeat,
1396 674 1512 735 eortiu-

156 780 250 835 iram
269 765 391 835 luciam.
434 765 521 835 Vale.

674 904 1024 990 umnmm

517 1021 558 1084 u.
580 1019 723 1084 cresso
747 1019 778 1083 s.
800 1020 838 1083 n.
860 1021 943 1082 sna
966 1019 1154 1083 suanno.

266 1146 295 1209 1.
316 1145 384 1226 Ego
403 1158 496 1213 sero,
534 1140 642 1210 Servi,
672 1137 801 1210 vellem,
831 1145 867 1203 ut
894 1136 1025 1212 scribis,
1058 1143 1090 1203 in
1117 1156 1189 1204 meo
1217 1138 1404 1222 gravissimo
1436 1162 1509 1206 casu

159 1235 335 1323 siluisses.
388 1236 548 1310 Quantum
572 1235 656 1297 enirn
677 1253 826 1318 praesens
852 1252 902 1295 me
920 1230 1070 1297 adiuvare
1092 1236 1234 1317 potueris
1264 1241 1297 1296 et
1317 1233 1509 1302 consolando

144 1337 210 1395 root
227 1349 327 1415 prope
347 1347 448 1412 aeque
473 1324 627 1400 dolendo,
649 1324 740 1390 iacile
760 1346 802 1390 ex
832 1346 872 1390 eo
898 1324 1055 1410 intelligo,
1083 1324 1169 1412 qnod
1190 1325 1302 1391 litteris
1333 1326 1422 1395 lectis
1455 1329 1510 1394 ali-

179 1431 329 1508 quantum
353 1418 507 1507 acquievi.
563 1423 641 1485 Nam
663 1428 695 1484 et
721 1439 758 1485 ea
784 1417 956 1504 scripsisti,
978 1438 1060 1504 quae
1087 1418 1191 1483 levare
1215 1418 1332 1484 luctum
1360 1434 1509 1507 possent,

178 1525 210 1581 et
240 1515 274 1581 in
305 1535 356 1579 mc
384 1512 577 1580 consolando
603 1534 667 1579 non
695 1513 888 1579 mediocrem
915 1513 983 1600 ipse
1015 1512 1112 1578 animi
1147 1512 1291 1579 dolorem
1327 1514 1509 1583 adhibuisti.

179 1609 308 1676 Servius
331 1617 433 1673 tamen
455 1616 527 1672 tuus
550 1606 697 1674 omnibus
718 1606 844 1682 officiis,
871 1627 953 1693 quae
975 1605 1021 1671 illi
1043 1605 1178 1691 tempori
1199 1604 1297 1672 tribui
1318 1618 1508 1692 potuerant,

178 1702 349 1769 declaravit
368 1712 400 1768 et
428 1701 536 1789 quanti
563 1701 634 1787 ipse
661 1722 713 1767 me
734 1700 852 1767 faceret
874 1709 906 1765 et
926 1721 1021 1786 quam
1043 1721 1136 1765 suum
1159 1700 1252 1765 talem
1273 1720 1347 1784 erga
1368 1722 1424 1766 me
1442 1703 1510 1768 ani-
1540 1726 1545 1734 ·

34 1854 37 1859 .
144 1817 265 1862 romum
287 1794 344 1860 tibi
364 1805 488 1879 gratnm
510 1790 634 1880 putarit
656 1793 746 1870 lore;
775 1795 865 1861 cuius
887 1793 990 1861 officia
1012 1793 1198 1860 iucundiora
1220 1793 1293 1858 lieet
1313 1814 1409 1880 saepe
1430 1796 1508 1863 mibi

178 1889 310 1963 luerint,
347 1908 506 1975 nunquam
539 1896 641 1953 umen
675 1889 823 1974 gratiora.
867 1887 1255 1953 Meautemnonoratio
1278 1888 1455 1955 luceolum
1476 1900 1508 1957 et

176 1982 312 2048 societas
333 2002 432 2066 paene
453 1981 674 2064 aegritudinis,
696 1981 753 2046 sed
769 1981 864 2046 etiam
878 1980 1047 2047 auctoritas
1062 1979 1255 2046 consolatur.
1298 1985 1404 2067 Turpe
1423 1982 1508 2048 enim

178 2097 247 2142 esse
268 2074 415 2140 existimo
437 2094 488 2140 me
508 2095 573 2139 non
595 2074 638 2140 ita
659 2073 744 2140 ierre
765 2097 873 2140 ausum
894 2096 1020 2149 meum,
1042 2081 1078 2139 ut
1099 2082 1153 2147 tu,
1176 2073 1230 2139 tali
1244 2075 1396 2158 sapientia
1417 2098 1509 2162 prae-

178 2168 275 2242 ditus,
305 2165 472 2232 ferendum
498 2176 599 2252 putas.
658 2167 720 2233 Sed
748 2168 914 2255 opprimor
935 2166 1095 2233 interdum
1117 2176 1149 2232 et
1170 2167 1225 2233 six
1245 2168 1360 2233 resisto
1382 2168 1507 2247 dolori,

139 2260 263 2349 eoquod
285 2282 324 2326 ea
345 2281 395 2324 me
416 2259 527 2326 solatia
549 2260 716 2335 deliciunt,
750 2282 831 2349 quae
853 2263 983 2336 ceteris,
1010 2282 1147 2349 quorum
1169 2261 1246 2327 mibi
1267 2263 1413 2348 exempla
1433 2285 1508 2350 pro·

175 2370 277 2443 pono,
301 2353 395 2420 simili
416 2354 448 2419 in
470 2354 597 2421 lortuna
618 2377 682 2420 non
704 2354 881 2421 defuerunt.
925 2361 1002 2421 Nam
1024 2363 1055 2419 et
1077 2356 1117 2432 Q.
1137 2355 1310 2428 ldaximus,
1332 2355 1388 2442 qui
1409 2356 1508 2423 lilium

178 2449 391 2522 consularem,
425 2447 544 2513 clarum
567 2447 670 2513 vuum
693 2457 726 2513 et
748 2447 869 2533 magnis
890 2446 987 2514 robus
1008 2447 1124 2533 gestis,
1157 2447 1276 2522 amisit,
1307 2458 1339 2513 et
1360 2454 1395 2515 L.
1417 2451 1508 2517 Paul-

175 2543 246 2616 lus,
276 2541 330 2628 qni
353 2538 418 2606 dno
439 2549 560 2627 septem
582 2540 712 2616 diebus,
748 2551 780 2609 et
807 2550 913 2607 vester
941 2540 1048 2607 calm
1076 2551 1108 2606 et
1129 2545 1170 2608 ll.
1193 2545 1285 2616 Cato,
1307 2542 1508 2629 quisummo

177 2635 324 2722 ingenio,
347 2656 468 2701 summa
490 2635 606 2701 virtute
628 2635 725 2701 lilium
746 2634 898 2721 perdidit,
921 2634 960 2700 iis
976 2632 1172 2720 temporibus
1182 2634 1326 2711 bierunt,
1349 2646 1508 2704 uteorum

140 2730 295 2795 ssluctum
316 2730 459 2815 ipsorum
480 2729 614 2814 dignitas
635 2728 853 2794 consolaretur
874 2748 929 2804 ea,
951 2749 1047 2815 quam
1068 2749 1110 2793 ex
1130 2748 1166 2793 re
1187 2726 1312 2814 publica
1334 2750 1510 2818 conseque·

176 2821 301 2888 bantur.
344 2826 375 2888 2.
402 2822 478 2888 ldibi
500 2832 603 2887 autem
634 2821 757 2888 amissis
789 2820 981 2888 ornamentis
1002 2819 1062 2896 iis,
1085 2842 1166 2908 quae
1187 2820 1256 2907 ipso
1276 2843 1508 2891 commemoras

176 2936 321 3002 quaeque
342 2936 430 2980 eram
451 2915 597 2980 maximis
619 2914 782 2982 laboribus
804 2914 951 3003 adeptus,
973 2936 1071 2982 unum
1086 2913 1233 2983 manebat
1252 2915 1329 2983 illud
1351 2918 1506 2993 solatium,

177 3007 264 3096 qnod
284 3018 427 3095 ereptum
449 3020 505 3076 est.
563 3015 632 3076 Non
653 3009 826 3076 amicorum
849 3010 999 3095 negotiis,
1036 3032 1100 3076 non
1122 3010 1170 3074 rei
1192 3008 1335 3096 publicae
1356 3034 1508 3098 procura·

176 3101 263 3168 tione
282 3100 533 3186 impediebantur
562 3102 767 3188 cogitationes
789 3127 891 3183 meae;
924 3104 1000 3169 nibil
1022 3103 1055 3169 in
1077 3104 1149 3170 loro
1171 3125 1267 3189 agere
1288 3104 1420 3185 libebat3
1453 3107 1508 3175 ad·

139 3197 298 3282 suspicere
320 3197 440 3263 curiam
461 3218 524 3261 non
550 3205 707 3282 poteram;
740 3197 975 3272 existimabam,
999 3197 1031 3262 id
1054 3197 1140 3284 quod
1162 3208 1249 3272 erat,
1271 3219 1382 3264 omnes
1403 3221 1454 3266 me
1476 3211 1508 3267 et

176 3289 348 3356 industriae
368 3312 458 3356 meae
481 3291 600 3356 tructus
616 3300 648 3356 et
662 3290 808 3357 fortunae
822 3291 1008 3376 perdidisse.
1052 3290 1132 3365 Sed,
1154 3311 1227 3357 cum
1241 3291 1414 3377 cogitarem
1431 3293 1507 3359 baec

177 3382 253 3449 mibi
284 3394 387 3451 tecum
408 3395 439 3451 ot
460 3406 532 3450 eum
560 3383 749 3472 quibusdam
776 3406 845 3451 esse
874 3385 1070 3459 communia,
1094 3394 1126 3452 ot
1147 3406 1218 3451 cum
1239 3385 1422 3471 frangerem
1441 3387 1505 3453 iam

177 3476 244 3562 ipse
266 3498 332 3553 me,
367 3476 603 3565 cogereurlque]
625 3477 679 3547 illa
700 3477 785 3542 ferre
808 3478 998 3544 toleranter:
1022 3478 1175 3545 habebam
1198 3500 1262 3566 quo
1284 3480 1505 3564 confugerem,

177 3567 232 3635 ubi
244 3571 515 3657 conquiescerem,
538 3571 627 3636 cuius
648 3571 680 3635 in
701 3592 847 3637 sermone
870 3584 901 3640 et
919 3573 1070 3639 suavitate
1086 3593 1195 3639 omnes
1209 3595 1301 3640 curas
1316 3574 1506 3660 doloresque

141 3660 380 3748 „deponerem
422 3669 510 3729 Nunc
530 3673 635 3730 autem
658 3664 718 3729 boc
739 3673 802 3730 tam
824 3668 913 3751 gravi
936 3668 1065 3733 vulnere
1087 3666 1181 3732 etiam
1203 3667 1270 3741 illa,
1294 3688 1375 3755 quae
1396 3689 1506 3733 consa·

175 3756 285 3829 nuisse
307 3755 515 3832 videbantur,
548 3758 784 3824 recrudescunt.
837 3767 906 3827 lion
933 3760 1033 3833 enim,
1068 3770 1102 3825 ut
1123 3771 1188 3827 tum
1211 3782 1261 3826 me
1284 3760 1506 3847 erepublica

177 3859 330 3915 maestum
359 3850 472 3916 domus
500 3850 692 3937 excipiebat,
726 3873 807 3938 quac
830 3854 965 3929 levaret,
1009 3854 1055 3919 sic
1077 3876 1161 3919 nunc
1183 3856 1278 3920 domo
1301 3875 1444 3922 maerens
1467 3855 1506 3920 ad

177 3968 247 4011 rem
263 3946 606 4032 publicamconsugere
620 3968 765 4034 possum,
794 3959 828 4013 ut
849 3947 882 4015 in
903 3948 971 4013 cius
992 3946 1084 4012 bonis
1105 3948 1310 4033 acquiescam.
1342 3953 1453 4034 ltaque
1475 3959 1506 4013 et

177 4040 274 4107 domo
295 4041 405 4108 absum
427 4053 459 4108 et
480 4042 567 4118 loro,
590 4043 677 4130 quod
698 4061 758 4107 nec
778 4062 852 4106 eum
873 4040 1033 4114 dolorem,
1056 4062 1184 4126 querna
1206 4040 1381 4124 republica
1403 4041 1504 4124 capio,

140 4132 291 4205 sodomus
312 4135 374 4201 iam
396 4136 553 4201 corrmlnri
575 4145 679 4222 potest
699 4153 758 4201 noc
778 4134 984 4201 domesticum
1007 4156 1058 4199 res
1081 4134 1218 4219 publica.
1258 4140 1289 4200 3.
1312 4139 1386 4211 Quo
1408 4133 1505 4219 magis

179 4237 210 4293 te
231 4239 381 4314 exspecto
403 4236 496 4315 teque
520 4228 627 4295 videre
649 4250 743 4316 quam
765 4228 902 4313 primum
917 4228 1020 4314 cupio.
1064 4228 1165 4294 blaior
1181 4227 1255 4293 mihi
1271 4227 1504 4293 levatioailerri

178 4321 262 4386 nulla
291 4333 394 4407 potest
428 4344 523 4409 quam
555 4324 733 4391 coniunctio
764 4322 998 4391 consuetudinis
1030 4342 1276 4406 sermonumque
1305 4330 1503 4386 nostrorum:

249 4522 274 4570 l.
299 4519 388 4585 usque]
415 4523 455 4572 Ci.
477 4524 554 4572 lland
581 4525 660 4574 Ture.
683 4525 704 4573 l.
725 4539 752 4588 p.
772 4525 832 4575 197.
863 4548 892 4559 -
930 4524 957 4574 ³.
977 4525 1161 4587 tranquilliora
1180 4524 1420 4587 liuttici-Lagona
1440 4537 1502 4571 ruso

173 4588 281 4652 Repeti.
303 4591 396 4641 bamb.
416 4618 446 4626 -
468 4589 510 4656 iis]
530 4597 568 4642 bis
588 4595 629 4651 bl,
650 4600 679 4644 ut
697 4594 776 4645 solet.
799 4617 829 4628 -
856 4595 883 4643 ¹1.
912 4590 998 4656 wli]
1026 4592 1192 4644 servitioli.
1218 4595 1311 4643 -12
1338 4595 1387 4657 ipsi
1411 4592 1448 4642 bl.
1472 4618 1500 4629 -

178 4660 221 4711 15.
241 4660 298 4710 licat
317 4686 327 4696 ·
345 4686 356 4698 ·
372 4664 470 4722 fuerint
488 4664 746 4727 Mariani-Lagona:
773 4664 868 4713 seilicet
887 4688 899 4701 ·
915 4688 927 4701 ·
944 4664 1041 4728 fuerim
1061 4663 1103 4720 bl,
1124 4664 1218 4713 scilicet
1237 4689 1247 4699 ·
1265 4689 1275 4699 ·
1293 4665 1397 4726 [uerrunt
1418 4661 1448 4712 ll.
1472 4688 1499 4699 -

176 4730 220 4779 ²0.
240 4731 338 4781 solatia
356 4733 391 4781 ud
410 4732 529 4796 deficiunt
551 4735 587 4784 ll.
619 4759 648 4771 -
686 4736 729 4785 25.
750 4730 858 4796 luctum]
878 4733 931 4783 lunt
950 4734 987 4784 bl.
1017 4759 1047 4770 -
1085 4733 1128 4783 33.
1149 4749 1196 4797 qao
1215 4747 1269 4783 om.
1292 4733 1332 4791 it,
1359 4747 1442 4795 quara
1462 4747 1502 4783 se·

177 4799 316 4850 clusimus.
355 4800 462 4852 Poterat
492 4805 572 4853 etiam
604 4805 723 4869 suppleri
750 4818 781 4854 oc
807 4819 930 4870 cogerem.
967 4804 1019 4855 Οι.
1048 4827 1077 4840 -·
1115 4805 1158 4854 39.
1184 4799 1212 4866 u]
1242 4818 1255 4854 a
1283 4803 1441 4855 Lambinus.
1472 4829 1499 4839 -

176 4870 221 4921 st.
240 4871 304 4921 mibi
323 4874 396 4922 sntio
413 4873 477 4922 mibi
495 4875 597 4936 adferre
616 4875 661 4933 bl,
682 4876 745 4925 mibi
762 4873 887 4924 alterantio
905 4875 996 4940 efferri
1014 4873 1264 4939 diuisui-laguna.
