3256 5400
610 235 746 299 slav.
787 234 1006 299 ΒΗΜΛ.
1432 237 1468 296 71

146 386 347 474 †prudenti,
370 395 433 453 tum
455 388 546 453 valde
567 412 636 455 esse
658 399 806 457 moutam
829 390 1021 456 voluntatem
1044 400 1139 456 tuam.
1183 390 1246 454 Sed
1267 399 1470 477 posteaquam

145 492 177 547 et
197 480 342 549 Cornelia
362 489 414 546 tua
432 483 609 548 Terentiam
630 485 776 550 convenit
793 495 824 551 et
844 504 904 569 ego
923 505 995 549 cum
1018 486 1057 562 Q.
1078 483 1226 550 Cornelio
1246 485 1368 548 locutus
1390 505 1470 554 sum,

144 573 275 641 adhibui
296 573 503 659 diligentiam,
536 577 784 664 quotiescunque
802 588 928 643 senatus
947 576 1026 651 tuit,
1048 586 1084 641 ut
1105 576 1262 647 adessem,
1285 576 1472 661 plurimum—

144 690 207 755 que
224 667 258 733 iu
276 687 316 731 eo
337 667 456 753 negotii
471 667 582 742 habui,
606 680 640 735 ut
662 673 700 748 Q.
723 670 865 747 Fufium,
888 668 1049 737 tribunum
1070 669 1186 755 plebis,
1216 679 1247 735 et
1270 679 1407 742 ceteros,
1430 668 1470 734 ad

145 781 226 848 quos
256 770 291 826 tu
322 761 507 847 scripseras,
540 783 688 847 cogerem
722 764 799 828 mihi
826 764 931 850 potius
959 762 1091 828 eredere
1127 784 1222 849 mam
1255 764 1315 828 tuis
1347 762 1495 827 litteris.⁵

145 853 283 920 Omnino
301 876 353 919 res
375 864 439 920 tota
460 854 492 919 in
511 877 649 921 mensem
669 857 849 922 Ianuarium
869 857 987 922 reiecta
1009 864 1096 930 crat,
1118 855 1174 920 sed
1194 856 1284 921 facile
1308 854 1471 921 obtineba-

144 959 207 1014 tur.
250 952 280 1013 3.
302 952 370 1033 Ego
391 958 444 1014 tua
464 949 672 1033 gratulatione
693 960 882 1026 commotus,
912 949 998 1037 quod
1018 949 1058 1014 ad
1079 971 1130 1014 me
1150 949 1274 1035 pridem
1299 951 1471 1036 scripseras

144 1041 225 1106 velle
246 1051 277 1106 te
302 1040 382 1106 bene
407 1041 552 1117 evenire,
575 1040 661 1129 quod
678 1042 718 1107 de
741 1047 853 1108 Crasso
874 1043 1003 1109 domum
1021 1042 1183 1117 emissem,
1207 1042 1269 1107 emi
1286 1064 1355 1108 eam
1371 1043 1471 1129 ipsam

144 1133 274 1200 domum
298 1136 369 1201 HS.
397 1138 526 1202 XXXV.
551 1135 710 1223 aliquanto
735 1147 807 1222 post
830 1148 916 1202 tuam
943 1136 1193 1223 gratulationem.
1243 1141 1351 1224 Itaque
1388 1157 1472 1201 uuuc

145 1249 195 1293 me
215 1229 295 1294 scito
316 1237 436 1294 tautum
455 1227 571 1293 babere
596 1230 679 1295 aeris
704 1230 815 1306 alieni,
843 1239 880 1296 ut
901 1232 1025 1318 cupiam
1050 1230 1234 1305 coniurare,
1256 1229 1283 1295 si
1304 1231 1470 1318 quisquam
1483 1245 1508 1283 ¹⁰

146 1321 292 1408 recipiam
314 1322 370 1388 sed
389 1323 503 1409 partim
525 1322 601 1388 odio
626 1323 745 1390 inducti
766 1347 817 1390 me
842 1325 1013 1391 excludunt
1040 1331 1071 1391 et
1091 1334 1198 1413 aperte
1219 1322 1374 1388 vindicem
1397 1344 1489 1388 con-·

145 1415 310 1482 iurationis
326 1416 478 1488 oderunt,
501 1417 615 1502 partim
636 1439 700 1483 nou
716 1419 848 1484 creduut
863 1431 894 1485 et
911 1442 930 1485 a
945 1443 996 1486 me
1018 1419 1147 1488 insidias
1165 1426 1321 1491 metuunt,
1344 1437 1402 1481 nec
1413 1437 1470 1502 pu-

145 1517 211 1575 tant
233 1510 263 1575 ei
286 1531 431 1576 nummos
460 1509 569 1575 deesse
595 1531 706 1597 posse,
739 1512 792 1600 qui
821 1535 862 1578 ex
888 1512 1054 1580 obsidione
1086 1515 1280 1580 feneratores
1305 1512 1469 1578 exemerit.

146 1604 282 1670 Omnino
302 1603 485 1670 semissibus
505 1625 617 1692 magna
640 1607 731 1692 eopia
753 1616 811 1672 est.
865 1610 933 1695 Ego
950 1617 1056 1675 autem
1079 1609 1158 1674 meis
1176 1606 1273 1673 rebus
1293 1607 1388 1692 gestis
1410 1605 1470 1672 hoc

145 1719 214 1763 sum
232 1707 410 1775 assecutus,
432 1708 467 1765 ut
487 1698 605 1766 bonum
623 1720 738 1766 nomen
753 1701 925 1768 existimer.
970 1707 1000 1768 3.
1021 1708 1159 1768 Domum
1176 1710 1260 1767 tuam
1275 1708 1368 1788 atque
1382 1698 1469 1764 aedi·
1481 1711 1507 1751 ’ὅ

146 1790 321 1858 ficationem
336 1813 462 1859 omnem
482 1793 631 1882 perspexi
651 1804 682 1860 et
702 1795 906 1861 vehementer
922 1794 1068 1884 probavi.
1111 1795 1299 1869 Antonium,
1323 1794 1381 1859 etsi
1400 1791 1468 1858 eius

146 1886 247 1952 inme
269 1887 372 1953 otiicia
392 1908 501 1953 omues
523 1884 719 1963 desiderant,
750 1897 853 1954 umen
881 1890 913 1954 iu
937 1898 1046 1955 senatu
1072 1889 1255 1975 gravissime
1280 1909 1316 1954 ao
1336 1888 1468 1973 diligen·

147 1979 263 2047 tissime
290 1980 416 2047 delendi
444 1991 649 2068 senatumque
675 1981 877 2050 vehementer
902 1983 1045 2050 oratione
1070 2004 1140 2048 mea
1163 1992 1256 2070 atque
1283 1981 1466 2049 auctoritate

146 2075 313 2141 commori.
354 2079 402 2141 'lu
423 2075 463 2140 ad
485 2096 536 2139 me
557 2075 650 2141 velim
672 2075 792 2141 litteras
813 2074 956 2143 crebrius
977 2076 1092 2142 mittas.

623 2218 685 2281 ur.
729 2214 779 2298 (A.
804 2219 837 2282 u,
859 2221 891 2283 c.
914 2216 1000 2304 ses.)
1477 2245 1505 2284 ω

203 2332 245 2393 Μ.
267 2331 430 2394 TULLIUS
452 2332 494 2393 Μ.
515 2332 549 2392 F.
572 2331 920 2489 Clessllgpslifllib'ggl
935 2331 1113 2397 POMPEIO
1136 2334 1196 2395 CN.
1217 2334 1251 2394 12.
1273 2329 1412 2393 MAGNO

231 2547 259 2610 l.
282 2545 314 2608 S.
337 2545 372 2608 T.
393 2544 430 2607 E.
453 2544 492 2619 Q.
513 2548 552 2608 V.
573 2547 608 2607 B.
630 2546 666 2607 E.
708 2545 756 2607 Ex
776 2542 888 2608 litteris
911 2543 995 2616 tuis,
1018 2565 1097 2630 quas
1111 2542 1236 2629 publice
1254 2543 1375 2616 misisti,
1398 2541 1466 2626 cepi

144 2659 204 2704 una
226 2657 298 2702 arm
319 2633 466 2703 omnibus
482 2632 698 2700 incredibilem
719 2637 926 2723 voluptatem
952 2645 1068 2702 tantam
1090 2638 1174 2703 enim
1191 2657 1279 2723 spem
1292 2636 1348 2702 otii
1363 2645 1466 2700 osteu-

144 2731 231 2807 disti,
254 2738 402 2818 quanm
423 2749 483 2815 ego
504 2748 629 2814 semper
650 2728 797 2795 omuibus
819 2739 849 2795 tc
874 2752 940 2795 uuo
961 2729 1061 2795 fretus
1086 2729 1268 2816 pollicebar.
1321 2728 1384 2794 Sed
1406 2727 1505 2802 boc„

144 2825 237 2900 scito,
268 2832 341 2889 tuos
368 2832 492 2889 veteres
511 2821 632 2896 hostes,
661 2843 762 2889 novos
784 2823 915 2898 amicos,
938 2822 1143 2889 vehementer
1163 2823 1275 2889 litteris
1301 2822 1466 2908 perculsos

143 2930 236 3005 atque
256 2940 298 2984 ex
320 2937 433 3003 magua
455 2936 511 3003 spe
534 2913 715 2981 deturbatus
743 2917 857 2983 iacere.
915 2922 945 2983 2.
967 2917 1015 2983 sd
1032 2938 1084 2982 me
1103 2927 1209 2983 autem
1229 2917 1366 2987 litteras,
1389 2935 1467 3000 quas

144 3012 270 3087 misisti,
292 3032 481 3099 quamquam
499 3010 644 3094 exiguam
664 3009 921 3097 significationem
936 3024 1008 3078 tuae
1031 3032 1108 3096 erga
1126 3033 1177 3076 me
1191 3008 1358 3076 voluntatis
1373 3006 1469 3071 babe-

143 3105 232 3180 baut.
254 3116 358 3172 umen
380 3105 458 3171 mibi
477 3104 556 3168 scito
577 3103 729 3169 iucundas
748 3105 862 3181 luisse;
891 3105 975 3170 nulla
996 3104 1079 3169 euim
1102 3127 1138 3169 re
1160 3113 1223 3169 mm
1242 3102 1352 3169 laetari
1378 3101 1467 3167 soleo

142 3221 238 3288 quam
257 3220 402 3265 meorum
424 3199 599 3265 officiorum
624 3198 835 3270 conscientia,
865 3198 979 3285 quibus
1002 3198 1027 3263 si
1053 3196 1179 3286 quaudo
1198 3218 1261 3263 nou
1287 3205 1395 3261 mutue
1416 3216 1464 3259 re·
1477 3230 1504 3268 so

142 3295 331 3384 spondetur,
368 3295 452 3381 apud
482 3315 533 3360 mc
560 3294 630 3380 plus
660 3293 754 3358 otiicii
786 3293 927 3358 residere
954 3292 1100 3358 facillime
1132 3291 1244 3378 patior.
1302 3289 1382 3355 Illud
1403 3310 1465 3353 nou

142 3387 268 3462 dubito,
292 3388 383 3476 quin,
406 3389 433 3454 si
455 3397 485 3453 te
505 3407 576 3451 mea
596 3408 716 3451 summa
744 3407 819 3471 erga
840 3395 870 3451 te
892 3387 994 3452 studia
1014 3405 1126 3472 parum
1151 3383 1228 3449 mibi
1248 3382 1466 3457 adiunxeriut‚

145 3482 342 3569 respublica
374 3503 432 3548 nos
460 3481 542 3547 iuter
570 3500 628 3544 nos
651 3478 855 3545 conciliatura
875 3480 1141 3565 coniuncturaque
1169 3479 1219 3543 sit.
1273 3482 1303 3542 3.
1333 3483 1391 3549 tte,
1429 3499 1467 3540 sse

143 3579 287 3663 ignores,
324 3574 401 3663 quid
420 3595 480 3659 ego
501 3574 534 3638 in
553 3574 615 3638 tuis
633 3572 744 3638 litteris
766 3573 989 3645 desiderarim,
1022 3571 1157 3637 scribam
1182 3580 1306 3658 aperte,
1336 3572 1416 3637 sicut
1437 3579 1468 3633 et

144 3692 212 3736 mea
232 3681 344 3736 natura
366 3678 398 3733 et
419 3676 525 3732 nostra
550 3666 686 3732 amicitia
710 3667 856 3753 postulat.
900 3673 961 3733 Res
987 3690 1038 3730 (sas
1058 3666 1155 3751 gessi,
1178 3687 1312 3753 quarum
1330 3664 1465 3748 aliquam
1478 3695 1506 3734 ss

144 3765 175 3830 iu
194 3765 256 3831 tuis
277 3762 387 3829 litteris
409 3772 440 3826 ot
460 3769 587 3826 nostrae
608 3759 846 3825 necessitudinis
876 3771 907 3825 et
924 3762 972 3825 rei
995 3758 1139 3846 publicae
1164 3780 1258 3824 causa
1285 3754 1468 3842 gratulatio-
1504 3810 1513 3819 .

144 3881 214 3926 nem
247 3856 445 3945 exspectavi:
479 3875 573 3942 quam
596 3874 656 3938 ego
683 3850 739 3917 abs
765 3862 795 3918 te
822 3851 1074 3939 praetermissam
1100 3874 1170 3917 esse
1193 3849 1349 3921 arbitror,
1383 3845 1467 3933 quod

144 3974 310 4026 vererere,
332 3974 372 4016 nc
395 3950 483 4015 cuius
504 3948 644 4014 animum
668 3946 857 4012 offenderes.
903 3944 964 4011 Sed
990 3947 1088 4020 scito,
1119 3967 1173 4019 ea,
1209 3965 1291 4032 quae
1316 3965 1374 4008 nos
1409 3963 1468 4026 pro

144 4046 241 4112 salute
271 4044 393 4131 patriae
418 4042 588 4127 gessimus,
611 4037 698 4103 orbis
724 4050 826 4105 terrae
848 4040 966 4106 iudicio
988 4062 1024 4105 ae
1048 4039 1228 4105 testimonio
1254 4034 1466 4124 comprobari.

143 4180 254 4191 -ι
1367 4170 1461 4178 --—-·

213 4247 240 4296 l.
264 4244 390 4308 prudenti
417 4240 528 4291 seclusit
553 4238 584 4288 ts.
629 4238 766 4288 Sententia
790 4238 905 4302 requtrit
925 4239 1037 4288 verbum
1057 4240 1170 4289 huiusce
1189 4240 1245 4289 lere
1263 4237 1470 4299 significationis

145 4315 350 4370 smmi,
370 4311 536 4377 esttrsuonts'.
554 4310 758 4369 munerasse»,
788 4322 839 4358 uec
858 4315 948 4358 tamen
964 4311 1089 4371 prodenti
1107 4316 1152 4359 sut
1170 4310 1304 4376 profitenti
1330 4308 1394 4356 sutts
1415 4308 1470 4369 pls·

145 4393 195 4438 cst.
221 4387 274 4438 On.
294 4409 327 4419 -
364 4384 391 4433 a.
411 4395 516 4445 curaque
535 4378 654 4428 Cornelio
673 4379 711 4429 Μ.
751 4405 782 4416 -
818 4379 845 4428 ὁ.
864 4385 942 4442 astque
959 4379 1050 4444 fufium
1068 4380 1105 4430 Μ.
1128 4406 1154 4416 -
1195 4381 1221 4430 5.
1241 4379 1304 4428 milri
1320 4379 1409 4440 potius
1426 4379 1468 4428 bl:

142 4457 231 4521 potius
250 4455 315 4505 mibs'
334 4454 364 4504 tt.
396 4476 422 4487 -
461 4451 489 4500 S.
508 4450 569 4499 bens
588 4449 676 4497 ventre
695 4448 732 4499 Μ.
755 4474 784 4485 -
820 4449 847 4499 S.
873 4450 978 4498 doraum
997 4443 1065 4504 Ηδ.
1087 4451 1191 4499 I'XXI'.
1211 4447 1468 4511 Martyul-Lsguoa:

144 4528 248 4577 dom
267 4558 390 4576 .....
410 4520 507 4571 XXXV
526 4516 599 4579 (cum
621 4517 729 4581 lacuna)
749 4521 794 4579 Μ,
820 4520 925 4568 dossum
943 4521 1076 4585 quinquies
1097 4522 1181 4569 trtcs‘ss
1200 4519 1229 4568 II.
1252 4543 1282 4553 -
1320 4518 1363 4567 ll.
1383 4518 1419 4581 et]
1439 4531 1470 4567 eo

144 4598 181 4649 tt.
203 4619 232 4631 -
269 4595 312 4647 1³.
332 4593 464 4644 meruit.
502 4590 613 4639 Omnian
630 4590 775 4638 semissibus
793 4595 903 4640 auctore
924 4591 1016 4640 Ilerus.
1039 4591 1156 4639 Itsrbaro
1174 4590 1213 4638 E:
1239 4589 1370 4638 armarit.
1399 4590 1471 4637 omsst

144 4667 287 4719 semissibus
306 4665 351 4723 Μ,
370 4662 490 4712 crement
510 4660 591 4708 emat.
628 4659 777 4708 semissibus
796 4660 953 4709 Cratander.
975 4687 1005 4694 —
1044 4661 1087 4708 21.
1109 4660 1158 4708 Gn.
1176 4661 1297 4722 pempeio
1314 4673 1359 4722 qn.
1380 4659 1418 4710 Μ.
1439 4684 1467 4693 -

144 4738 188 4789 2³·
214 4736 244 4788 S.
272 4735 303 4785 Τ.
330 4735 364 4784 Ii.
390 4733 422 4796 Q.
451 4731 479 4780 l'·
499 4730 532 4779 Β.
551 4729 584 4778 Ε.
604 4728 646 4778 nt:
673 4729 700 4778 S.
724 4730 753 4779 Τ,
773 4730 805 4778 E.
826 4732 858 4792 Q.
883 4731 910 4778 I'.
930 4729 962 4778 B.
981 4731 1014 4779 Ε.
1036 4732 1066 4778 Ε.
1091 4730 1118 4778 l'.
1139 4729 1169 4778 ll.
1200 4753 1229 4764 -
1267 4729 1310 4778 25.
1330 4723 1469 4791 quantem]

145 4821 223 4872 qm
240 4805 278 4856 Ι.
298 4828 329 4839 -
362 4803 407 4852 Sd.
426 4800 520 4852 litters‘s
540 4799 579 4848 Iu's
594 4799 635 4847 vel
655 4802 707 4847 tus's
728 4800 846 4850 malebat
863 4799 1021 4856 Ernestius,
1041 4801 1092 4850 sss's
1110 4799 1206 4850 ls'tters's
1217 4798 1469 4862 linqui-Lageus.

146 4878 217 4930 fort.
236 4876 300 4927 stre.
320 4875 372 4927 01.
394 4899 424 4909 -
461 4871 505 4921 33.
526 4868 680 4919 coudts'ctsr
698 4869 736 4922 Μ.
759 4894 789 4906 -
826 4870 870 4922 38.
890 4883 976 4922 vsrsrs
999 4870 1035 4922 Μ.
