3256 5400
552 274 626 339 ΙΙΙ).
647 273 703 337 ΙΙΙ.
744 272 805 340 llll·
825 271 855 336 6.
878 271 909 335 7.
930 272 962 337 8.
982 272 1014 338 ll.
1388 275 1448 341 tat

126 431 228 499 maior
248 441 281 497 et
301 429 417 496 clarior
437 466 495 504 -,
518 440 550 495 et
571 430 801 494 adolescentem
823 426 874 493 vel
900 448 1035 514 puerum
1055 429 1161 514 potius
1183 432 1347 501 Caesarem
1368 430 1451 503 indi.

126 545 179 590 cea
199 535 319 591 temere
349 522 475 595 lesisse,
509 522 564 608 qui
585 531 700 586 tantm
723 543 847 589 causam
868 520 1025 608 publicam
1047 523 1171 609 privato
1192 525 1322 590 consilio
1344 546 1451 597 susee-

127 621 224 704 perit;
246 614 382 702 denique
403 614 546 680 homines
567 614 717 687 rusticos,
740 614 795 680 sed
817 614 1006 683 fortissimos
1028 615 1114 681 viros
1135 621 1281 701 civesque
1304 619 1449 704 optimos,

126 711 286 781 dementes
307 710 404 783 luisse
425 708 561 782 indices,
597 709 734 795 primum
756 709 870 783 milites
891 720 1075 784 veteranos,
1107 711 1335 776 commilitones
1358 722 1450 786 tuos,¹

127 803 239 871 deinde
249 803 405 888 legionem
418 801 577 877 Martiam,
600 801 754 886 legionem
770 812 928 888 quartam,
951 823 1032 889 quae
1046 824 1138 869 snum
1152 804 1313 873 consulem
1328 804 1473 877 hostanes

127 898 344 964 iudicaverunt
371 916 467 981 seque
503 893 541 959 ad
570 895 700 959 salutem
730 895 778 959 rei
806 894 949 981 publicae
982 895 1208 961 defendendam
1240 899 1449 963 contulerunt.

128 991 279 1056 Voluntas
300 999 425 1053 senatus
445 1008 506 1073 pro
527 988 711 1053 auctoritate
733 988 843 1054 haberi
865 989 971 1064 debet,
995 1011 1066 1055 cum
1089 990 1258 1055 auctoritas
1282 990 1451 1075 impeditur

128 1093 223 1148 metu.
265 1089 296 1149 3.
318 1087 480 1146 Postremo
502 1091 645 1168 suscepta
668 1081 722 1146 tibi
745 1103 838 1148 causa
860 1083 922 1147 iam
944 1081 993 1148 bis
1008 1094 1072 1158 est,
1094 1095 1128 1149 ut
1144 1104 1206 1148 non
1222 1084 1261 1148 sit
1275 1086 1448 1169 integrum:

128 1176 264 1262 primum
287 1175 393 1240 ldibus
414 1175 550 1250 Martiis,
587 1174 701 1241 deinde
722 1176 885 1261 proxime,
921 1182 1064 1243 exercitu
1085 1197 1168 1243 novo
1191 1185 1222 1241 et
1244 1179 1343 1262 copiis
1364 1199 1449 1242 com·

128 1271 253 1357 paratis.
298 1268 513 1348 Quamobrem
538 1268 703 1341 adomnia
725 1269 766 1334 ita
781 1279 923 1356 paratus,
945 1272 989 1336 ita
1005 1271 1159 1341 animatus
1173 1269 1269 1336 debes
1284 1293 1363 1344 esso,
1386 1293 1488 1337 noum

129 1374 163 1434 ut
183 1363 259 1429 nibil
281 1363 376 1428 iacias
404 1363 464 1429 nisi
497 1362 618 1435 iussus,
655 1362 711 1429 sed
736 1373 772 1430 ut
793 1384 831 1430 ea
852 1383 958 1448 geras,
993 1386 1075 1452 quae
1100 1363 1140 1431 ab
1162 1362 1308 1434 omnibns
1329 1384 1450 1438 summa

128 1478 199 1529 curn
220 1456 427 1527 admiratione
447 1455 625 1523 laudentur.

604 1598 685 1661 rur.
727 1596 777 1681 (A.
803 1601 835 1664 u
858 1602 891 1665 c.
912 1598 998 1684 711.)

343 1721 385 1784 bl.
407 1719 550 1784 CICERO
573 1721 605 1783 S.
627 1723 664 1783 Ι).
686 1722 723 1784 Ι).
745 1722 875 1785 BRUTO
896 1724 977 1787 IMP.
999 1721 1084 1786 COS.
1104 1723 1233 1785 DESIG.

215 1836 244 1897 t.
278 1835 325 1897 Eo
348 1841 490 1915 tempore
520 1829 606 1897 Polla
628 1839 681 1897 tna
702 1830 801 1906 misit,
836 1842 871 1898 ut
891 1830 931 1897 ad
952 1842 997 1906 te,
1029 1836 1055 1896 si
1077 1830 1154 1918 qnid
1175 1830 1305 1903 vellem,
1341 1830 1488 1909 daremus

129 1925 318 1999 litterarum,
340 1943 427 1997 cum,
449 1921 524 2009 quid
546 1922 735 1999 scriberem,
757 1946 821 1990 non
841 1923 1005 1995 habebam.
1049 1924 1160 1989 Omnia
1182 1924 1267 1989 enim
1288 1934 1379 1989 erant
1399 1945 1452 1995 stt·

129 2040 239 2104 spensa
260 2025 391 2103 propter
413 2017 678 2101 exspectationem
706 2017 900 2102 legatorum
936 2018 991 2106 qni
1012 2017 1087 2104 quid
1108 2023 1260 2102 egissent,
1297 2017 1450 2087 nihildum

130 2112 340 2178 nutatiabatur.
381 2112 466 2175 llaec
487 2120 590 2175 tamen
613 2107 777 2176 scribenda
795 2110 985 2176 existimavi:
1007 2112 1159 2197 primurn,
1183 2114 1214 2176 S.
1235 2114 1269 2178 P.
1291 2113 1330 2188 Q.
1353 2117 1389 2178 R.
1411 2110 1450 2176 de

129 2216 160 2270 te
188 2203 331 2270 laborare
358 2226 421 2270 non
453 2203 554 2269 solum
586 2204 694 2270 salutis
726 2225 800 2269 suae
829 2225 940 2281 causa,
977 2204 1033 2270 sed
1063 2204 1158 2269 etiam
1185 2202 1342 2289 dignitatis
1370 2214 1450 2270 tuac.

129 2298 331 2364 admirabilis
352 2299 434 2362 enim
464 2307 511 2363 est
532 2297 684 2385 quaedam
706 2298 751 2362 tui
773 2298 908 2364 nominis
934 2299 1046 2365 caritas
1067 2318 1219 2384 amorque
1241 2298 1273 2362 in
1294 2307 1324 2363 te
1346 2297 1489 2382 singunn

129 2392 205 2457 laris
226 2391 367 2457 omnium
388 2390 514 2457 civium.
558 2395 603 2458 lta
625 2390 709 2457 enim
731 2401 857 2475 sperant
877 2401 970 2477 atque
992 2390 1168 2464 conlidunt,
1191 2399 1227 2456 ut
1247 2401 1338 2456 antea
1359 2411 1450 2474 rege,

129 2485 175 2550 sic
203 2485 265 2550 hoc
290 2494 434 2572 ternpore
456 2506 556 2573 regno
586 2495 616 2551 te
648 2483 894 2569 rempublicam
916 2483 1133 2551 liberaturum.
1176 2488 1207 2550 2.
1228 2489 1345 2550 Romae
1366 2481 1452 2547 dele·

129 2589 197 2644 ctus
218 2577 351 2645 habetur
371 2587 498 2665 totaque
525 2578 628 2652 ltalia,
663 2577 691 2642 si
721 2576 772 2642 bic
792 2575 928 2642 delectus
949 2577 1151 2663 appellandus
1173 2586 1241 2650 est,
1275 2598 1348 2642 cum
1365 2576 1451 2642 ultro

130 2694 164 2737 se
192 2671 329 2739 ollerunt
355 2691 481 2748 omnes;
517 2680 619 2737 tantus
648 2670 745 2736 ardor
776 2670 896 2736 animos
917 2670 1077 2736 hominnm
1107 2670 1272 2756 occuparit
1292 2668 1451 2735 desiderio

130 2764 282 2831 libertatis
302 2763 441 2852 odioque
462 2763 600 2831 diutinae
622 2763 791 2830 servitutis.
832 2768 880 2828 Ile
901 2764 1032 2850 reliquis
1053 2762 1148 2829 rebus
1170 2783 1188 2828 a
1210 2771 1241 2828 te
1263 2762 1325 2827 iam
1340 2782 1490 2848 exspers

129 2867 214 2923 ctare
236 2858 355 2929 litteras
375 2856 543 2933 debemus,
565 2858 642 2946 qnid
661 2859 729 2945 ipse
750 2877 840 2942 agas,
863 2858 937 2944 quid
961 2870 1068 2928 noster
1082 2856 1216 2930 Hirtius,
1240 2855 1315 2943 quid
1338 2860 1453 2923 Caesar

130 2973 236 3029 meus;
258 2973 340 3039 quos
360 2972 455 3039 spero
473 2951 563 3024 brevi
578 2962 720 3037 tempore
738 2949 886 3017 societate
909 2951 1060 3017 victoriae
1075 2959 1177 3019 tecum
1193 2952 1357 3037 copulatos
1371 2950 1452 3016 lore.

130 3045 296 3130 Reliquum
317 3055 381 3120 est,
402 3057 437 3111 nt
458 3044 498 3110 de
519 3065 570 3111 me
591 3044 623 3110 id
644 3044 796 3119 scribam,
818 3044 903 3131 qnod
925 3054 956 3110 te
978 3064 1018 3109 ex
1041 3054 1168 3111 tuorum
1181 3043 1293 3109 litteris
1309 3052 1342 3109 et
1357 3064 1453 3130 spero

131 3149 164 3202 et
185 3138 268 3204 malo
286 3159 494 3223 cognoscere:
527 3159 578 3208 me
600 3158 702 3225 neque
723 3137 833 3203 deesse
855 3137 918 3204 nlla
938 3140 970 3205 in
992 3157 1027 3206 re
1048 3158 1150 3225 neque
1171 3158 1308 3224 unquam
1330 3135 1454 3203 delubr-

130 3252 202 3306 rum
223 3230 365 3317 dignitati
387 3242 470 3304 tuae.
1462 3252 1489 3290 aa

606 3375 661 3437 m.
704 3369 752 3456 (A.
779 3374 811 3436 u.
833 3373 865 3435 e.
887 3374 973 3456 711.)

487 3498 525 3559 D.
547 3497 695 3561 BRUTUS
717 3496 749 3558 S.
771 3497 808 3557 Ι).
831 3497 871 3557 M.
893 3493 1087 3558 CICERONl.

216 3609 245 3673 1.
277 3608 377 3671 Pansa
397 3604 513 3673 amisso
535 3615 685 3691 quantum
707 3604 885 3670 detrimenti
906 3626 959 3669 res
980 3602 1104 3688 publica
1124 3607 1299 3688 acceperit,
1337 3623 1399 3668 non
1421 3612 1452 3668 tc

131 3699 292 3784 praeterit,
343 3703 431 3764 Nunc
458 3699 642 3765 auctoritate
664 3709 695 3764 et
716 3698 881 3785 prudentia
904 3709 956 3764 tua
977 3695 1150 3782 prospicias
1171 3704 1311 3782 oportet,
1334 3717 1375 3761 ne
1393 3696 1452 3761 ini·

132 3790 205 3857 nrici
232 3791 347 3864 nostri,
380 3791 561 3858 consulibus
582 3791 725 3868 sublatis,
762 3802 888 3879 sperent
915 3813 950 3857 se
971 3791 1189 3855 convalescere
1209 3809 1314 3875 posse.
1367 3793 1491 3872 Ego,⁸³

133 3909 171 3951 ne
193 3885 362 3951 consistere
384 3886 482 3972 possit
503 3886 535 3950 in
557 3887 643 3952 ltalia
663 3886 831 3960 Antonius,
854 3885 936 3952 dabo
959 3905 1098 3971 operam.
1142 3887 1263 3969 Sequar
1284 3905 1356 3947 emn
1377 3905 1452 3947 eon·

132 3979 245 4045 testim.
300 3984 471 4066 Utrumque
499 4001 550 4045 me
580 3990 808 4066 praestaturum
838 3999 953 4065 spero,
982 3998 1022 4042 ne
1049 3988 1103 4043 aut
1130 3976 1292 4042 Ventidius
1313 3976 1454 4045 elabatur

131 4083 186 4139 aut
205 4072 358 4141 Antonius
379 4072 413 4139 in
435 4073 521 4138 ltalia
543 4084 694 4139 moretur.
744 4078 778 4138 ln
801 4071 911 4158 primis
932 4091 1012 4156 rogo
1034 4079 1080 4146 te,
1104 4069 1144 4135 ad
1165 4069 1323 4136 bominem
1346 4080 1455 4135 rento-

132 4166 306 4241 sissimnm,
328 4165 497 4252 Lepidum,
520 4167 644 4243 mittas,
674 4190 714 4231 ne
736 4165 852 4231 bellum
874 4164 965 4230 nobis
986 4163 1201 4246 redintegrare
1222 4164 1337 4247 possit,
1360 4169 1455 4227 Anto-

133 4260 185 4326 nio
217 4259 277 4325 sibi
308 4260 485 4326 coniuncto.
541 4265 617 4326 Nam
646 4259 685 4326 de
706 4259 846 4325 Pollione
870 4258 978 4324 Asinio
1001 4268 1077 4342 puto
1099 4267 1129 4321 te
1151 4257 1346 4341 perspicere,
1379 4254 1493 4341 quidm

134 4353 272 4417 lecturus
293 4353 342 4418 sit.
400 4354 515 4419 ldultae
537 4363 569 4418 et
589 4353 692 4419 bonae
719 4362 750 4416 et
777 4352 885 4416 firmae
907 4361 978 4416 sunt
1000 4350 1140 4435 legiones
1161 4348 1271 4434 Lepidi
1294 4360 1325 4413 et
1347 4348 1455 4412 Asinii.

133 4448 163 4509 2.
201 4450 308 4532 Neque
335 4446 411 4510 haec
439 4447 557 4512 idcirco
586 4446 641 4511 tibi
671 4446 794 4521 scribo,
831 4443 917 4532 quod
937 4454 968 4509 te
990 4464 1053 4509 non
1076 4441 1184 4506 eadem
1207 4441 1456 4507 animadtertcre

203 4630 247 4682 to.
264 4642 397 4697 paratu,
425 4637 465 4686 tte
490 4638 625 4687 ontmotcr
647 4651 701 4700 mg.
727 4637 833 4700 ltepett.
858 4634 971 4684 lumb:
998 4640 1113 4696 paratus
1137 4635 1171 4682 stt
1198 4636 1332 4684 animatus
1352 4646 1392 4695 pr.
1412 4632 1456 4688 ll,

132 4706 441 4760 potusustentante·
458 4719 529 4756 eorr.
548 4706 575 4757 ΙΙ
585 4743 593 4767 ,
612 4714 726 4770 paratus
742 4720 786 4756 reat
804 4707 937 4756 animatur
955 4704 985 4753 a.
1008 4729 1037 4741 -
1076 4704 1119 4753 16.
1139 4704 1202 4766 pald
1220 4705 1265 4754 lle
1283 4705 1355 4767 qood
1373 4702 1403 4751 a.
1423 4724 1457 4736 -

135 4767 179 4818 ¹7·
199 4773 246 4833 lul
256 4771 329 4836 ΨΜ]
341 4775 467 4840 quidquid
475 4776 513 4827 lt.
526 4801 560 4812 -
578 4778 622 4827 23.
642 4778 749 4828 dilectus
762 4773 826 4838 (bia)
841 4775 878 4826 lt.
892 4799 925 4809 -
944 4773 989 4824 Sd.
1008 4776 1111 4824 animoa
1121 4774 1254 4822 bominum
1266 4774 1400 4835 occupavit
1413 4771 1458 4822 bl:

135 4843 276 4961 milam}
293 4845 397 4896 ammos
413 4846 545 4896 mnenon
563 4847 593 4897 ll.
624 4873 655 4883 -
694 4846 738 4898 37.
757 4847 909 4898 elaboratur
925 4844 963 4896 Μ.
984 4868 1015 4880 -
1051 4844 1096 4894 dS.
1115 4843 1386 4894 animadvertentis
1413 4842 1462 4890 nd·

133 4914 236 4961 emera
278 4947 286 4962 .
