3256 5400
492 244 565 307 nn.
586 245 670 309 xvi.
711 246 770 310 nr.
791 246 843 311 nn.
865 244 917 309 aa.
938 245 990 309 at.
1011 245 1063 309 na.
1082 245 1135 309 ns.
1228 224 1232 234 “
1400 246 1462 308 soa

149 409 277 464 teratam
299 399 366 463 sine
387 398 449 464 ulla
477 399 649 466 ofsensione
671 401 836 467 amicitiam
857 401 994 466 retinere
1016 422 1089 465 sane
1111 400 1184 466 volo
1206 398 1402 486 scribamque
1423 399 1462 465 ad

148 515 236 566 enm,
259 491 312 557 sed
335 513 398 557 non
420 501 507 567 ante,
530 515 623 579 quam
645 505 675 559 te
697 495 818 560 videro.
860 499 923 559 Nec
944 505 1047 559 tamen
1069 503 1099 559 te
1121 514 1219 559 avoco
1234 515 1253 558 a
1271 493 1461 581 syngrapba3

147 591 225 671 γόνυ
254 587 379 671 κνήμης.
425 590 499 652 Cras
521 596 668 674 exspecto
690 592 817 675 Leptam
839 591 927 653 etn!
950 587 1098 653 adonius
1119 596 1222 652 rutam
1244 587 1371 674 pulegio
1386 587 1461 653 mibi

146 682 191 747 tui
214 681 367 747 sermonis
388 680 536 746 utendum
560 691 616 747 est.
658 682 744 747 Vale.

587 824 696 885 xxrr.
738 821 789 902 (A.
815 823 847 885 o.
870 823 901 886 c.
924 824 1013 902 710.)
1470 839 1485 883 a

616 945 778 1007 TULLIUS
801 945 935 1007 TlltONl
959 947 988 1008 S.

231 1060 259 1120 1.
280 1053 345 1118 Etsi
366 1074 456 1117 mane
478 1053 647 1138 Harpalum
673 1053 834 1127 miseram,
857 1065 978 1128 tamen,
1015 1075 1085 1119 cum
1104 1052 1267 1128 haberem,
1304 1055 1354 1119 cui
1377 1064 1461 1120 recte

146 1150 251 1215 darem
269 1147 403 1220 litteras,
426 1151 482 1212 etsi
503 1149 578 1212 novi
603 1146 680 1212 nibil
700 1156 782 1218 erat,
812 1145 922 1211 iisdem
946 1145 1100 1212 derebus
1122 1146 1207 1211 volui
1228 1146 1268 1211 ad
1291 1157 1321 1212 te
1338 1150 1461 1235 saepius

145 1242 298 1318 scribere3
322 1261 385 1305 non
413 1240 488 1327 quin
513 1238 701 1306 confiderem
726 1239 903 1323 diligentiae
928 1249 1014 1318 tuae3
1047 1239 1102 1305 sed
1136 1239 1183 1304 rei
1208 1261 1259 1305 me
1281 1242 1461 1326 magnitudo

146 1334 300 1402 movebat
354 1333 428 1398 Mihi
449 1355 544 1420 prora
571 1344 602 1398 et
622 1333 749 1419 puppis,
779 1343 814 1398 ut
845 1338 1036 1400 Graecorum
1057 1332 1258 1419 proverbium
1281 1344 1341 1408 est,
1364 1335 1422 1400 suit
1442 1349 1497 1399 nto

145 1451 194 1495 me
216 1428 261 1494 tui
283 1425 477 1501 dimittendi,
500 1435 535 1491 ut
555 1427 692 1491 rationes
713 1436 836 1491 nostras
858 1425 1040 1512 explicares.
1083 1425 1176 1490 Ofilio
1201 1434 1232 1489 et
1253 1426 1382 1491 Aurelio
1400 1427 1461 1492 uti·

144 1545 205 1611 que
231 1519 304 1586 satis
330 1517 391 1584 liat.
433 1525 460 1586 Α
486 1521 640 1592 Flamma,
674 1520 784 1584 sinon
808 1528 898 1606 potes
924 1540 1033 1593 omne,
1066 1528 1185 1604 partem
1208 1518 1342 1606 aliquam
1366 1518 1459 1583 velim

144 1627 331 1702 extorqueas
338 1633 347 1690 ;
369 1611 400 1676 in
421 1613 610 1700 primisque,
632 1621 667 1678 nt
688 1611 833 1698 expedita
854 1613 893 1677 sit
913 1611 1023 1698 pensio
1044 1611 1190 1677 Kalendis
1204 1617 1268 1677 lan.
1312 1617 1356 1676 De
1372 1612 1458 1677 attri-

144 1709 272 1775 butione
298 1705 452 1775 conficies.
504 1711 550 1770 De
576 1710 861 1792 repraesentatione
894 1704 1023 1771 videbis.
1074 1710 1119 1770 De
1153 1703 1331 1771 domesticis
1362 1705 1460 1786 'seius

144 1803 300 1869 hactonus.
345 1806 376 1868 2.
399 1804 445 1864 De
473 1798 605 1885 publicis
637 1800 740 1863 omnia
762 1799 837 1864 mibi
859 1808 956 1864 certa:
986 1798 1061 1885 quid
1084 1801 1242 1872 Octavius,
1270 1797 1343 1884 quid
1365 1804 1498 1862 Anto-tt

143 1897 229 1973 nius;
251 1917 331 1982 quae
349 1894 511 1959 bominum
533 1893 660 1979 opinio;
684 1891 760 1979 quid
782 1892 920 1957 futurum
934 1901 1035 1979 putes.
1079 1895 1146 1975 Ego
1166 1891 1220 1955 vix
1238 1901 1362 1964 teneor,
1384 1892 1459 1978 quin

143 2010 313 2054 accurram.
364 1986 424 2053 Sed
450 1991 490 2051 stt
528 1986 645 2051 litteras
669 1996 740 2054 tuas¹
765 1995 930 2070 exspecto;
967 1994 998 2050 et
1024 1985 1102 2050 scito
1126 1983 1255 2050 Balbum
1277 1994 1342 2050 tum
1363 1985 1460 2055 luisse

142 2087 271 2168 Aquini,
304 2103 375 2146 cum
404 2079 460 2145 tibi
489 2088 536 2145 est
556 2079 690 2155 dictum,
719 2088 750 2144 et
770 2078 921 2165 postridie
943 2078 1090 2146 Hirtium.
1133 2082 1212 2143 Puto
1228 2090 1398 2166 atrumque
1420 2078 1460 2144 ad

142 2197 247 2262 aquas.
291 2174 352 2240 Sed
375 2173 450 2261 quid
477 2172 596 2258 egerint
620 2221 628 2237 .
652 2219 660 2236 .
684 2220 722 2237 ..
765 2171 943 2237 Dolabellae
971 2180 1191 2259 procuratores
1218 2171 1267 2237 lac
1297 2183 1333 2239 ut
1353 2172 1460 2238 admo-

142 2278 283 2333 neantur.
325 2266 503 2354 Appellabis
524 2272 616 2332 etiam
638 2267 773 2351 Papiam.
815 2265 902 2332 Vale.
1467 2283 1497 2321 so

596 2408 688 2485 xxn
739 2405 788 2488 (A.
814 2407 846 2469 o.
868 2408 901 2470 c.
923 2404 1008 2489 rio.)

548 2529 690 2593 ClCERO
713 2530 746 2591 F.
768 2529 903 2590 TIRONI
926 2528 1000 2591 SUO
1023 2529 1055 2591 S.

226 2641 290 2708 Etsi
316 2641 398 2706 iusta
426 2647 458 2703 et
486 2637 598 2703 idonea
624 2657 700 2702 usus
729 2658 763 2702 es
789 2637 989 2701 excusatione
1018 2637 1256 2703 intermissionis
1285 2638 1458 2703 litterarum

143 2748 280 2810 tuarum,
314 2745 415 2799 tamen
445 2732 477 2797 id
505 2753 545 2795 no
575 2732 701 2817 saepius
729 2729 839 2804 iacias,
875 2750 964 2815 rogo.
1016 2735 1108 2804 Nam,
1138 2732 1195 2794 etsi
1218 2730 1256 2795 de
1279 2730 1459 2817 republica

141 2829 321 2896 rumoribus
341 2836 372 2892 ot
399 2824 514 2891 nuntiis
535 2825 652 2889 certior
672 2823 713 2887 fio
732 2832 763 2888 ot
784 2823 823 2888 de
845 2844 902 2888 sua
924 2825 957 2887 in
971 2845 1021 2887 me
1039 2825 1195 2889 voluntate
1212 2845 1335 2911 semper
1354 2825 1497 2889 admeto

141 2921 306 3009 perscribit
326 2930 434 3007 pater,
458 2928 560 2983 tamen
582 2918 621 2983 de
643 2917 752 3004 quavis
768 2921 894 2981 minima
912 2938 948 2981 re
966 2919 1079 3003 scripta
1104 2939 1122 2981 a
1145 2927 1175 2981 te
1195 2917 1234 2982 ad
1255 2942 1306 2983 me
1328 2919 1460 3005 epistola

141 3036 264 3102 semper
294 3015 353 3080 luit
385 3013 569 3098 gratissima.
627 3015 732 3089 Quare
760 3032 830 3076 cum
850 3011 883 3076 in
912 3011 1022 3097 primis
1039 3022 1105 3076 tuas
1125 3010 1300 3076 desiderem
1322 3012 1484 3105 litteras,¹

141 3109 204 3173 noli
232 3108 442 3181 committere,
472 3117 505 3171 ut
525 3107 726 3171 excusatione
746 3105 851 3192 potius
874 3105 1001 3191 expleas
1032 3106 1168 3170 officium
1191 3105 1347 3171 scribendi
1367 3128 1459 3192 quam

141 3201 317 3267 assiduitate
340 3200 553 3288 epistolarum.
597 3200 683 3266 Vale.

584 3323 693 3384 xxvi.
735 3321 788 3402 (A.
814 3323 846 3385 o.
869 3323 901 3386 c.
924 3324 1013 3403 rio)
1470 3363 1500 3407 o

529 3435 568 3510 o.
592 3434 727 3496 ninom
749 3434 824 3497 suo
846 3435 956 3498 enon.
979 3437 1011 3498 e.
1034 3438 1071 3498 n.

224 3552 252 3612 1.
273 3544 448 3610 verberavi
470 3553 500 3609 te
522 3543 718 3627 cogitationis
741 3545 833 3610 tacito
862 3544 1022 3610 dumtaxat
1043 3545 1201 3621 convicio,
1224 3547 1309 3633 quod
1331 3547 1461 3613 fascicu-

139 3641 187 3706 lus
210 3640 289 3705 alter
314 3638 353 3703 ad
390 3659 440 3702 me
469 3637 532 3701 iam
556 3636 625 3700 sine
648 3637 708 3702 tuis
742 3638 852 3703 litteris
870 3638 1008 3724 perlatus
1026 3646 1081 3703 est.
1124 3643 1192 3704 Non
1210 3650 1300 3725 potes
1318 3642 1459 3727 effugere

139 3734 231 3799 buius
252 3733 361 3818 culpae
383 3752 532 3817 poenam,
555 3740 586 3794 te
608 3741 750 3817 patrono.
794 3737 917 3797 Marcus
938 3742 986 3797 est
1007 3730 1219 3810 adhibendus;
1240 3735 1328 3821 isque
1351 3734 1405 3800 diu
1427 3745 1459 3801 et

139 3827 243 3892 multis
256 3824 524 3890 lucubrationibus
545 3833 750 3889 commentata
768 3826 910 3891 oratione
930 3825 1001 3890 vide
1022 3838 1056 3892 ut
1071 3824 1206 3911 probare
1223 3829 1322 3913 possit
1344 3841 1374 3895 te
1397 3851 1498 3903 nones

138 3940 291 4007 peccasse.
334 3923 364 3984 2.
387 3919 479 3983 Plane
502 3928 532 3983 te
555 3939 651 4003 rogo,
681 3918 762 3983 sicut
783 3919 858 3983 olim
880 3929 1011 3983 matrem
1034 3929 1171 3993 nostram
1194 3919 1298 3986 lacere
1320 3922 1458 3997 memini,

138 4035 217 4101 quae
240 4015 363 4098 lagenas
384 4014 477 4077 etiam
493 4012 598 4078 inanes
617 4011 813 4097 obsignabat,
836 4034 875 4076 ne
895 4013 1074 4077 dicerentur
1092 4013 1198 4078 inanes
1213 4014 1335 4102 aliquae
1354 4017 1460 4090 luisse,

138 4130 219 4195 quae
239 4108 346 4172 furtim
368 4116 473 4171 essent
494 4109 681 4180 exsiccatae,
704 4106 749 4169 sic
771 4115 820 4179 tu,
856 4106 977 4171 etiamsi
999 4106 1075 4192 quid
1097 4106 1215 4171 scribas
1237 4129 1299 4173 non
1321 4108 1461 4183 babebis,

138 4201 265 4267 scribito
294 4213 415 4275 tamen,
451 4223 490 4265 ne
512 4200 629 4265 furtum
652 4199 834 4264 cessationis
856 4200 1048 4286 quaesivisse
1070 4201 1216 4265 videaris.
1259 4200 1355 4268 Valde
1377 4202 1458 4267 enim

138 4303 180 4359 mt
202 4316 326 4381 semper
347 4304 379 4359 et
400 4316 475 4359 vera
497 4307 528 4358 et
549 4294 650 4358 dulcia
674 4293 734 4358 tuis
756 4293 895 4378 epistolis
917 4295 1106 4359 nuntiantur.
1149 4300 1225 4358 Arna
1248 4316 1306 4359 nos
1329 4304 1360 4359 et
1382 4295 1461 4360 vale.
1472 4327 1500 4371 to

207 4459 233 4508 ³.
262 4468 369 4520 excepto
396 4459 432 4507 Μ.
461 4483 491 4492 -
527 4458 636 4517 Leptam
662 4463 686 4505 et
710 4459 748 4504 nt
774 4458 809 4506 od
828 4458 900 4506 coins
918 4458 963 4507 tt:
987 4458 1105 4518 Leptam.
1125 4459 1218 4506 etenim
1235 4460 1271 4506 od
1288 4461 1360 4508 caios
1380 4460 1409 4508 li.
1431 4483 1461 4494 -

133 4531 222 4590 puleio
241 4528 277 4578 Μ.
299 4553 326 4562 -
357 4528 384 4576 8.
405 4528 501 4576 triadem
520 4527 594 4576 rebus
613 4525 650 4575 Μ.
672 4551 699 4562 -
721 4527 748 4576 9.
767 4527 886 4586 diligenti
910 4527 947 4576 Μ.
967 4551 997 4562 -
1028 4527 1070 4575 11.
1090 4526 1168 4590 Ofilio
1184 4528 1224 4577 N:
1246 4528 1333 4592 Opilio
1350 4529 1409 4578 ΜΕ.
1428 4554 1462 4563 -

138 4597 180 4649 tt.
200 4601 344 4648 domesticis
362 4600 416 4647 eins
435 4597 481 4646 M:
500 4597 645 4645 domesticis
662 4595 736 4644 rebus
748 4597 789 4656 N,
810 4598 953 4646 domesticis
971 4596 1002 4645 Ε.
1024 4622 1054 4631 -
1076 4598 1118 4645 tt.
1138 4593 1172 4658 st]
1190 4599 1213 4644 si
1229 4597 1267 4646 Μ.
1289 4622 1316 4632 -
1338 4599 1381 4648 to.
1401 4600 1463 4663 qaid

136 4669 305 4718 Cratander:
324 4667 472 4732 qoodblli.
494 4689 521 4698 -
559 4664 713 4730 foentbl:
732 4667 775 4729 [oc
793 4667 824 4717 ll.
845 4692 877 4703 -
912 4667 956 4716 2³.
975 4668 1173 4715 intermissionis
1192 4667 1361 4716 Cratander:
1383 4670 1463 4717 inter·

135 4740 257 4788 missione
274 4739 319 4797 Μ,
338 4738 369 4786 da
387 4738 579 4786 intermissione
597 4735 628 4783 li.
656 4759 686 4770 -
723 4735 767 4784 32.
787 4737 944 4799 rogitatione
961 4736 1056 4784 Aldus.
1084 4758 1112 4768 -
1150 4736 1193 4785 at.
1211 4750 1311 4799 ponam
1330 4737 1367 4786 M.
1390 4761 1419 4772 -
1439 4745 1463 4788 te

135 4816 260 4869 patrono.
298 4808 403 4859 liorem
433 4807 480 4856 Μι
511 4806 549 4856 De
565 4811 681 4867 patrono
699 4805 804 4855 litoreos
822 4806 853 4855 ll.
885 4831 917 4840 —
964 4805 1008 4856 ³7.
1028 4806 1137 4870 toponos
1155 4805 1193 4856 Μ.
1224 4830 1254 4841 -
1289 4809 1378 4856 inanis
1395 4810 1463 4870 opst·

132 4879 235 4943 pnobot
253 4878 291 4929 Μ.
312 4901 343 4914 -
379 4876 422 4926 38.
442 4875 505 4941 qoid
523 4875 558 4925 li:
577 4874 645 4939 qood
663 4873 723 4925 llll.
