3256 5400
578 237 652 301 us.
672 238 712 301 ll.
753 240 814 305 ΕΡ.
834 240 866 303 0.
890 239 940 303 10.
963 239 1013 303 il.

626 399 664 459 Χ.
719 396 756 460 Α.
783 398 816 459 ll.
838 399 871 462 C.
892 399 966 462 703.

292 509 335 572 Μ.
357 508 500 572 CICERO
522 511 601 572 [ΜΡ.
624 511 656 572 S.
677 400 721 573 0.(
737 512 778 572 M.
801 509 946 573 CAELIO
960 396 1102 573 bunun
1123 512 1209 576 CUR.
1231 513 1316 577 bne.

228 621 257 684 1.
279 623 328 684 ‘lu
350 616 438 690 vide,
461 639 556 704 quam
575 617 616 682 ad
638 639 689 683 me
712 618 835 684 litterae
857 639 920 684 non
942 618 1155 704 perferantur.
1197 625 1266 686 Non
1287 623 1370 689 enlm
1393 643 1467 711 pos-

142 734 211 780 sum
242 711 374 785 adduci,
411 720 446 776 ut
471 710 528 776 abs
556 721 604 785 te,
638 722 863 799 posteaquam
890 712 1001 778 aedilis
1026 733 1060 778 es
1085 713 1209 788 fadus,
1232 717 1335 783 nullas
1358 729 1467 805 putem

142 808 248 882 datas,
281 805 466 894 praesertim
494 825 565 870 cunr
595 815 678 871 esset
714 814 798 871 taum
831 828 884 872 res
921 814 1026 872 tantae
1059 808 1296 893 gratulationis;
1332 812 1372 877 de
1408 821 1490 888 te,⁸

141 902 216 989 quia
239 900 326 988 quod
348 899 529 986 sperabam
562 900 602 965 de
622 900 706 966 Hillo
728 938 769 948 -
790 899 903 967 balbus
924 902 1008 966 enim
1033 922 1104 966 snm
1126 937 1184 976 -,
1208 903 1294 989 quod
1317 927 1380 971 non
1409 927 1467 993 pu-

141 1008 252 1062 taram.
310 994 404 1082 Atqui
434 994 479 1058 sic
507 991 643 1067 habeto,
676 995 792 1059 nullam
817 1017 869 1060 me
898 994 1062 1080 epistolam
1092 995 1250 1081 accepisse
1282 1007 1368 1064 tuam
1397 1009 1468 1086 post

142 1089 268 1155 comitia
289 1088 348 1154 ista
373 1086 550 1174 praeclara,
580 1109 663 1175 quae
687 1108 739 1152 me
764 1087 881 1153 laetitia
905 1087 1101 1153 extulerunt:
1124 1108 1166 1152 en
1184 1109 1249 1173 quo
1271 1111 1404 1168 vereor,
1427 1113 1468 1158 ne

141 1183 225 1248 idem
255 1183 378 1247 eveniat
402 1182 436 1246 in
461 1200 546 1245 meas
572 1179 700 1246 litteras.
758 1180 910 1266 Equidem
935 1202 1094 1267 nunquam
1123 1179 1252 1246 domum
1275 1184 1348 1248 misi
1373 1205 1466 1250 unam

142 1277 322 1364 epistolam,
345 1275 421 1363 quin
446 1284 529 1340 esset
554 1275 594 1339 ad
615 1284 645 1340 te
669 1274 782 1353 altera;
805 1295 863 1340 nec
883 1274 961 1340 mibi
982 1285 1029 1339 est
1051 1284 1082 1338 te
1105 1274 1273 1339 iucundius
1295 1276 1505 1364 quidquam¹⁰

141 1391 200 1436 nec
220 1369 334 1436 carius.
378 1368 440 1434 Sed
461 1404 502 1416 -
523 1368 608 1433 balbi
633 1389 697 1433 non
716 1389 824 1433 sumus
846 1403 886 1415 -
908 1369 947 1434 ad
965 1389 1034 1432 rem
1055 1368 1231 1433 redeamus.
1273 1372 1304 1434 0.
1327 1374 1366 1436 Ut
1380 1379 1469 1457 opta·

142 1463 201 1537 sti,
224 1463 266 1526 ita
289 1471 346 1528 est
388 1462 493 1527 velles
514 1462 615 1537 eninr,
638 1463 705 1536 ais,
733 1469 852 1527 tantum
874 1462 970 1527 modo
991 1470 1027 1528 ut
1048 1460 1199 1527 haberem
1220 1463 1359 1547 negotii,
1382 1463 1468 1550 quod

142 1565 224 1620 esset
234 1556 274 1621 ad
289 1555 459 1621 laureolam
475 1556 565 1620 satis:
581 1555 711 1621 Parthos
726 1556 831 1630 times,
846 1555 919 1641 quia
935 1555 1048 1621 diffidis
1063 1556 1163 1642 copiis
1178 1555 1304 1620 nostris.
1326 1559 1412 1641 Ergo
1425 1558 1470 1623 ita

142 1642 263 1715 accidit.
306 1655 383 1714 Nam
414 1649 559 1715 Parthico
583 1647 666 1713 bello
691 1648 848 1722 nuntiato,
885 1647 1027 1714 locorum
1049 1647 1238 1735 quibusdam
1258 1650 1409 1734 angustiis
1437 1659 1470 1715 et

142 1752 253 1809 natura
283 1743 437 1809 montium
458 1743 557 1808 fretus
579 1741 617 1807 ad
640 1749 792 1807 Amanum
813 1743 987 1807 exercitum
1011 1742 1128 1807 adduxi
1152 1744 1227 1809 satis
1253 1743 1354 1829 probe
1376 1756 1508 1810 orna-¹⁸

143 1846 209 1902 tum
231 1837 356 1903 auxiliis
378 1847 410 1901 et
430 1836 563 1923 quadam
581 1835 764 1900 auctoritate
786 1835 869 1922 apud
892 1857 963 1911 cos,
987 1837 1042 1923 qui
1065 1858 1116 1901 me
1138 1858 1202 1902 non
1217 1844 1345 1912 norant,
1368 1837 1470 1902 nomi·

142 1931 191 1995 nis
211 1930 321 1995 nostri.
363 1931 494 1996 Multum
517 1939 564 1995 est
585 1930 668 1994 enim
689 1929 721 1994 in
741 1929 791 1994 bis
807 1927 905 1995 locis:
943 1931 1079 2004 „Hicine
1103 1941 1150 1996 est
1171 1931 1243 2007 ille,
1267 1930 1321 2017 qui
1336 1930 1468 1996 urbem?

143 2045 235 2110 quem
267 2029 439 2089 senatnst''
460 2024 543 2089 nosti
570 2035 685 2088 cetera.
742 2027 820 2089 Cum
847 2024 1001 2089 venissem
1030 2023 1071 2088 ad
1092 2029 1265 2098 Amanum,
1302 2024 1356 2109 qui
1377 2045 1469 2091 mons

142 2116 219 2181 mibi
241 2138 312 2182 cum
326 2116 439 2182 Bibulo
453 2116 628 2182 communis
641 2126 704 2191 est,
726 2115 845 2180 divisus
857 2136 1010 2202 aquarum
1025 2116 1187 2192 divortiis,
1211 2118 1334 2183 Cassius
1348 2127 1468 2194 noster,

143 2210 228 2297 quod
251 2210 327 2274 mibi
348 2231 478 2295 magnae
499 2209 651 2297 voluptati
678 2209 755 2285 brit,
792 2209 924 2275 feliciter
946 2206 985 2274 ab
1011 2210 1183 2275 Antiochea
1203 2209 1327 2276 bostem
1350 2211 1506 2276 reione-¹⁰

144 2313 206 2380 rat;
228 2301 358 2368 Bibulus
379 2304 574 2389 provinciam
595 2312 767 2389 acceperat
810 2308 841 2368 3.
862 2308 984 2369 Interea
1005 2323 1077 2367 cum
1099 2305 1177 2368 meis
1199 2304 1299 2390 copiis
1321 2303 1469 2370 omnibus

143 2397 256 2462 vexavi
277 2396 494 2472 Amanienses,
517 2397 624 2462 bostes
645 2397 862 2482 sempiternos.
905 2395 996 2461 Multi
1017 2395 1132 2472 occisi,
1155 2398 1253 2482 capti;
1275 2397 1390 2484 reliqui
1405 2396 1469 2463 dis·

143 2489 251 2576 sipati;
287 2489 413 2554 castella
433 2490 552 2555 munita
573 2489 747 2575 improviso
769 2488 906 2554 adventu
927 2496 1015 2574 capta
1037 2498 1069 2552 et
1089 2489 1225 2555 incensa.
1268 2494 1314 2555 Ita
1336 2490 1469 2556 victoria

143 2584 224 2648 iusta
244 2583 417 2670 imperator
437 2584 609 2670 appellatus
630 2581 713 2669 apud
734 2587 834 2648 Issum
862 2618 902 2628 -
938 2583 1056 2669 quoin
1078 2582 1171 2657 loco,
1204 2603 1298 2669 saepe
1319 2591 1354 2646 ut
1376 2605 1416 2648 ex
1438 2592 1469 2649 te

143 2676 266 2751 audivi,
289 2677 461 2744 Clitarchus
483 2676 541 2741 tibi
562 2676 702 2741 narravit
722 2681 859 2742 Dareum
880 2675 919 2741 ab
941 2675 1121 2744 Alexandro
1143 2697 1213 2742 esse
1236 2683 1508 2760 superatum-⁸⁸

143 2769 261 2836 abduxi
283 2771 458 2837 exereitum
479 2771 518 2836 ad
539 2769 771 2835 infestissimam
794 2770 919 2837 Ciliciae
936 2780 1067 2856 partem.
1111 2769 1158 2835 lbi
1180 2769 1323 2857 quintum
1338 2777 1370 2833 et
1384 2768 1472 2853 vige·

144 2863 257 2929 εἰωιιω
279 2865 340 2929 iam
363 2864 446 2930 diem
468 2863 654 2949 aggeribus,
677 2863 793 2935 vineis,
823 2862 964 2928 turribus
985 2861 1206 2949 oppugnabam
1229 2861 1380 2948 oppidum
1402 2880 1472 2926 mn·

144 2956 351 3033 nitissimum,
387 2957 625 3030 Pindenissum,
662 2958 755 3022 tantis
784 2955 896 3042 opibus
920 2964 1069 3042 tantoque
1095 2955 1241 3041 negotio,
1278 2962 1313 3022 ut
1333 2951 1412 3018 mibi
1431 2950 1471 3019 ud

144 3070 297 3114 summam
330 3050 461 3136 gloriam
496 3051 574 3116 nibil
602 3051 684 3116 desit
711 3049 771 3115 nisi
799 3069 915 3114 nomen
936 3048 1059 3134 oppidi:
1091 3047 1177 3134 quod
1209 3047 1254 3123 si,
1289 3056 1324 3115 ut
1354 3066 1471 3133 spero,

145 3163 279 3228 cepero,
315 3151 382 3207 tum
402 3164 481 3208 vero
503 3144 629 3215 litteras,
643 3143 767 3229 publice
788 3142 919 3208 mittam.
976 3146 1006 3207 ll.
1039 3144 1125 3207 llaec
1145 3140 1184 3206 ad
1206 3148 1238 3207 te
1258 3141 1292 3206 in
1313 3139 1508 3228 praesentio

145 3234 277 3321 scripsi,
310 3244 346 3300 ut
367 3257 512 3322 sperares
534 3246 564 3301 te
586 3237 711 3324 assequi
732 3236 785 3311 id,
817 3235 904 3323 quod
925 3245 1077 3321 optasses.
1120 3233 1202 3310 Sed,
1224 3242 1259 3300 ut
1278 3234 1410 3300 redeam
1431 3233 1471 3301 ad

145 3327 292 3401 Parthos,
321 3328 398 3392 baec
419 3340 518 3394 aestas
540 3330 649 3396 babuit
670 3330 753 3395 bunc
774 3331 894 3396 exitum
916 3329 990 3394 satis
1012 3328 1155 3407 lelicem3
1186 3349 1240 3402 ea,
1263 3349 1345 3415 qnae
1366 3327 1472 3414 sequi-

145 3430 212 3495 tur,
235 3441 349 3504 magno
370 3431 417 3486 est
437 3423 470 3487 in
491 3424 616 3489 timore.
669 3426 792 3501 Quare,
825 3425 869 3489 mi
891 3423 993 3499 ltuie,
1028 3422 1140 3506 vigila:
1178 3421 1316 3508 primum
1337 3429 1373 3488 nt
1393 3419 1472 3487 mibi

145 3514 347 3593 succedatur;
376 3517 423 3580 sin
445 3517 477 3582 id
500 3518 581 3592 erit,
618 3527 653 3583 ut
673 3517 784 3583 scribis
807 3526 839 3582 et
859 3526 894 3582 ut
915 3537 975 3601 ego
997 3515 1150 3588 arbitror,
1187 3514 1337 3602 spissius,
1375 3512 1470 3589 illud,

145 3609 230 3696 qnod
253 3608 343 3675 lacile
365 3620 427 3683 est,
451 3632 489 3675 ne
511 3611 587 3698 quid
608 3611 684 3676 mibi
707 3611 857 3695 temporis
879 3618 1079 3696 prorogetur.
1138 3614 1184 3674 lle
1206 3630 1242 3673 re
1264 3607 1405 3694 publica,
1428 3627 1509 3673 exse

146 3702 216 3768 tuis.
235 3703 364 3776 litteris,
400 3712 436 3768 ut
463 3713 553 3768 antea
581 3703 637 3770 tibi
665 3704 796 3790 scripsi,
834 3723 904 3768 eum
927 3703 1121 3788 praesentia,
1159 3712 1225 3766 tum
1248 3700 1342 3765 etiam
1363 3699 1471 3766 futura

146 3796 244 3880 magis
265 3807 424 3883 exspecto.
469 3801 591 3876 Quare,
614 3799 708 3864 ulad
729 3820 780 3864 me
802 3798 907 3863 omnia
922 3819 1016 3885 quam
1030 3794 1267 3880 diligentissime
1282 3791 1470 3880 perscribas,

146 3898 176 3954 te
197 3890 399 3957 vehementer
420 3912 509 3977 rogo.

620 4035 674 4096 m.
718 4033 768 4108 (A.
794 4035 827 4097 u.
849 4036 882 4097 o.
904 4032 990 4114 roa.)

350 4147 391 4207 u.
414 4145 556 4210 cronno
579 4148 658 4209 rm.
680 4147 712 4209 s.
733 4148 772 4209 n.
793 4148 835 4210 u.
858 4146 1001 4209 canno
1024 4147 1158 4209 annun
1180 4145 1264 4208 cna.
1479 4151 1508 4191 ω

233 4267 260 4328 l.
282 4266 452 4328 Putaresne
474 4285 611 4350 unquam
633 4264 776 4331 accidere
797 4285 908 4351 posse,
932 4273 966 4330 ut
982 4264 1057 4328 mihi
1072 4263 1169 4328 verba
1184 4263 1344 4334 deessent,
1368 4281 1469 4346 neque

147 4357 248 4422 solum
270 4358 328 4422 ista
349 4366 452 4422 vestra
474 4357 632 4430 oratoria,
655 4358 711 4423 sed
732 4358 809 4422 baec
826 4358 918 4423 etiam
935 4357 1017 4422 levia
1031 4357 1204 4422 nostratia?
1233 4360 1352 4420 Desunt
1367 4363 1469 4418 autern

214 4548 242 4599 0.
262 4550 293 4598 ds
311 4548 384 4598 ffltlo
403 4547 569 4598 Lambinnst
599 4550 631 4601 de
648 4551 732 4600 sstltlle
749 4550 795 4608 Μ,
815 4551 875 4598 dela
894 4549 966 4598 Hillo
985 4548 1015 4597 E.
1038 4574 1066 4584 -
1104 4550 1131 4598 0.
1150 4551 1179 4596 in
1195 4549 1259 4597 meis
1277 4546 1372 4595 litteris
1388 4544 1469 4594 Mars.

149 4617 213 4680 bag.
235 4643 265 4654 -
302 4619 344 4670 10.
371 4619 490 4668 diceritis
507 4619 545 4669 Μ.
567 4643 588 4655 ·
632 4621 677 4670 00.
698 4621 839 4670 Antiochea
866 4619 911 4668 M:
942 4619 1081 4668 Antiochia
1108 4618 1138 4667 lt.
1160 4641 1191 4650 -
1227 4617 1271 4666 25.
1293 4616 1406 4664 Dorsum
1424 4612 1469 4664 Ma

58 4717 63 4725 ›
149 4688 260 4738 Durium
278 4687 309 4737 Ε.
330 4715 361 4724 -
398 4689 441 4738 00.
462 4689 561 4738 obduci
578 4689 628 4740 ld:
648 4691 750 4740 adduci
768 4690 799 4739 ll.
819 4715 852 4725 -
879 4690 1074 4751 infestissimum
1092 4688 1129 4737 Μ.
1152 4711 1181 4722 -
1200 4689 1320 4749 quintum
1337 4692 1361 4734 et
1381 4685 1471 4746 otpert-

147 4772 217 4808 mum
235 4758 280 4808 bl:
311 4760 431 4820 quintum
448 4761 593 4809 otoesimum
614 4760 644 4810 ll.
672 4786 704 4794 —
742 4760 785 4810 00.
808 4760 926 4822 operibus
953 4773 1023 4808 corr.
1051 4758 1088 4807 Μ.
1122 4781 1152 4792 -
1189 4757 1233 4806 31.
1252 4769 1371 4818 sperares
1395 4752 1470 4804 Orel-

150 4827 218 4879 lius:
245 4842 334 4891 aperus
361 4843 401 4890 pr.
422 4829 466 4887 Μ,
493 4843 579 4893 speres
606 4831 626 4880 ll
651 4844 712 4880 curn
739 4843 810 4879 corr.
840 4830 877 4879 Μ.
908 4828 962 4879 Cir.
991 4828 1070 4878 lland
1097 4827 1179 4878 ans.
1206 4825 1258 4874 lll.
1291 4839 1318 4888 p.
1348 4824 1409 4876 000.
1438 4847 1469 4862 -

149 4898 192 4949 30.
211 4899 306 4948 ltttsrs's
324 4911 378 4948 orn.
399 4898 429 4948 ll.
