3256 5400
180 207 255 277 224,
611 203 886 271 paterclanum
904 206 958 271 hl)
979 206 1071 275 sas.

180 362 289 430 vinciis
310 364 350 429 ab
371 365 425 440 iis,
447 365 502 452 qni
520 362 717 437 obtinerent,
740 360 912 427 retinendis
942 383 1045 448 neque
1066 363 1211 451 cuiquam
1236 365 1415 442 tradendis,
1437 368 1496 437 uisi

181 459 235 545 qni
257 480 297 524 ex
318 467 443 526 senatus
476 458 618 524 consulto
647 456 855 522 successisset
907 459 974 521 IIoc
998 478 1058 543 ego
1079 479 1150 524 cum
1172 461 1220 525 rei
1240 460 1383 547 publicae
1405 482 1497 529 cansa

181 553 305 629 censui,
327 562 393 619 tum
414 552 593 619 mehercule
613 551 646 618 in
667 550 778 638 primis
792 549 972 617 retinendae
987 551 1143 636 dignitatis
1157 563 1238 619 tuae.
1283 554 1497 633 Quamobrem

181 657 211 712 te
233 648 349 713 amoris
370 647 470 714 nostri
490 667 584 712 causa
604 664 702 730 rogo,
723 644 772 709 rei
792 641 936 731 publicae
957 665 1050 710 causa
1071 645 1200 721 hortor,
1222 656 1317 714 utne
1339 652 1389 717 cui
1409 651 1498 738 quid·

157 762 278 827 squam
312 743 391 808 iuris
421 742 455 807 iu
487 750 541 806 tua
568 737 729 827 provincia
762 757 830 802 esse
860 738 996 824 patiare,
1024 746 1117 825 atque
1138 749 1174 806 ut
1193 743 1297 806 omnia
1318 745 1438 809 referas
1458 741 1498 809 ad

181 839 377 926 dignitatem,
403 857 465 923 qna
486 833 563 900 nibil
584 854 652 899 esse
674 840 777 918 potest
796 832 1014 918 praestantius.
1056 838 1087 899 4.
1109 841 1192 902 Vere
1213 844 1315 901 tecum
1337 857 1441 921 agam,
1462 845 1498 902 ut

179 930 377 1000 necessitudo
397 938 504 996 nostra
525 927 678 1017 postulat:
721 930 753 991 iu
781 930 984 1012 Sempronio,
1007 928 1034 992 si
1055 928 1133 993 meis
1153 928 1265 995 litteris
1285 927 1499 1016 obtemperas·

180 1049 246 1104 ses,
268 1029 436 1092 maximam
457 1021 497 1088 ab
519 1020 665 1089 omnibus
685 1018 810 1085 laudern
831 1019 962 1105 adeptus
984 1041 1078 1086 esses.
1122 1021 1184 1086 Sed
1204 1022 1280 1089 illud
1302 1034 1334 1088 et
1359 1033 1499 1110 praeter

180 1120 217 1186 iit
246 1127 277 1184 et
305 1117 406 1184 levius
436 1125 492 1182 est.
548 1119 633 1180 Haec
653 1134 764 1199 magna
785 1134 837 1179 res
858 1122 923 1179 est:
966 1112 1015 1179 fac
1033 1124 1068 1180 ut
1089 1116 1280 1202 provinciam
1308 1118 1444 1183 retineas
1465 1120 1497 1184 iu

146 1237 172 1279 so
181 1221 333 1300 potestate
366 1215 413 1277 rei
438 1208 591 1297 publicae.
633 1209 726 1274 Plura
754 1207 963 1294 scripsissem,
998 1209 1059 1275 nisi
1084 1210 1130 1276 tui
1156 1209 1347 1278 festinarent.
1389 1217 1498 1301 Itaque

182 1306 357 1393 Chaerippo
378 1312 487 1372 nocuo
507 1323 559 1369 me
580 1301 675 1369 velim
696 1322 838 1368 excuses.

623 1445 739 1508 xxm.
781 1439 828 1526 (a.
856 1444 889 1507 u,
912 1445 944 1507 c.
966 1442 1051 1517 πο.)

613 1564 756 1631 CIOEIIO
779 1565 1003 1630 CORNIFICIO
1025 1568 1057 1631 S.

266 1685 295 1747 l.
319 1682 450 1746 Omnem
479 1675 694 1743 condicionem
723 1675 847 1761 imperii
877 1676 921 1740 tui
946 1686 1123 1763 statumque
1144 1679 1324 1765 provinciae
1345 1681 1423 1746 mihi
1446 1681 1500 1748 de-

145 1806 171 1846 ss
179 1774 365 1841 monstravit
399 1771 571 1838 Tratorius.
614 1772 650 1836 0'
676 1770 772 1835 mnlta
803 1768 1010 1835 intolerabilia
1037 1771 1115 1836 locis
1146 1772 1307 1839 omnihusl
1352 1775 1412 1840 Sed
1434 1796 1499 1862 qno

180 1879 232 1935 tua
246 1870 348 1934 maior
362 1867 510 1952 dignitas,
533 1885 588 1939 eo,
611 1885 691 1950 quae
706 1862 761 1928 tibi
782 1863 981 1939 acciderunt,
1003 1864 1106 1930 minus
1121 1864 1265 1945 ferenda;
1287 1869 1498 1955 nequeenim,

180 1984 260 2050 quae
291 1971 326 2026 tu
358 1968 486 2046 propter
519 1957 761 2043 magnitudinem
797 1966 828 2021 et
856 1957 951 2022 animi
973 1966 1004 2022 et
1024 1958 1142 2042 ingenii
1161 1960 1322 2036 moderate
1343 1963 1427 2036 fers,
1461 1984 1498 2029 ea

179 2077 242 2122 uon
274 2052 450 2120 ulciscenda
482 2061 569 2125 sunt,
604 2051 724 2116 etiamsi
753 2073 816 2115 non
848 2061 919 2115 sunt
954 2050 1096 2116 dolenda.
1151 2054 1211 2119 Sed
1234 2054 1308 2120 haec
1329 2057 1497 2143 posterius.

181 2154 212 2215 2.
234 2155 350 2216 Rerum
371 2145 562 2212 urbanarum
583 2155 650 2210 acta
681 2143 737 2210 tibi
765 2144 846 2208 mitti
873 2154 960 2209 certo
987 2145 1063 2210 scio.
1120 2147 1246 2224 Quodui
1274 2148 1315 2214 ita
1336 2158 1498 2235 putarem,

141 2244 251 2330 seipse
282 2239 528 2328 perscriberem,
564 2237 793 2325 inprimisque
824 2238 964 2305 Caesaris
994 2239 1154 2304 Octaviani
1175 2250 1338 2319 conatum;
1372 2242 1498 2331 dequo

181 2334 371 2401 multitudini
392 2332 497 2399 lictum
524 2330 564 2395 ab
596 2331 732 2397 Antonio
760 2331 878 2396 crimen
900 2331 1044 2405 videtur,
1076 2341 1112 2397 ut
1138 2332 1170 2397 iu
1199 2335 1363 2419 pecuniam
1394 2337 1501 2403 adole-

180 2430 294 2495 scentis
315 2429 464 2514 impetum
484 2426 620 2504 faceret;
643 2425 812 2511 prudentes
833 2435 936 2491 autern
958 2435 990 2491 et
1010 2424 1084 2491 boni
1107 2425 1168 2490 viri
1190 2435 1221 2491 et
1241 2428 1371 2495 credunt
1384 2432 1501 2498 factum

182 2533 213 2589 et
233 2521 378 2610 probant.
420 2520 504 2598 Quid
524 2519 672 2606 quaeris?
705 2540 816 2605 magna
838 2541 909 2606 spes
931 2519 1031 2584 estin
1053 2539 1102 2585 eo.
1145 2519 1226 2584 Nihil
1249 2531 1310 2596 est,
1333 2525 1418 2610 qnod
1436 2546 1500 2590 non

182 2617 378 2683 existimetur
408 2614 509 2679 landis
545 2624 577 2679 et
607 2613 727 2699 gloriae
756 2634 848 2678 causa
874 2611 1022 2678 facturus.
1070 2613 1224 2679 Antonius
1246 2623 1366 2691 autem,
1392 2628 1500 2684 noster

141 2735 170 2780 es
180 2711 359 2784 familiaris,
382 2718 467 2773 tanto
489 2729 522 2773 se
545 2707 619 2773 odio
642 2728 710 2772 esse
731 2706 889 2790 iutelligit,
911 2715 965 2782 ut,
988 2726 1058 2771 curn
1080 2706 1296 2773 interfectores
1317 2731 1391 2775 suos
1413 2710 1499 2777 domi

181 2803 430 2890 comprenderit,
452 2823 519 2867 rem
541 2801 687 2888 proferre
708 2822 771 2866 non
794 2799 916 2865 audeat.
960 2806 995 2865 h.
1019 2799 1048 2864 d.
1071 2802 1133 2866 v'11.
1153 2800 1227 2867 Idus
1249 2802 1377 2869 Octobr.
1399 2809 1501 2869 Brun-
1558 2842 1561 2849 .

180 2897 294 2964 disium
328 2905 396 2962 erat
426 2894 587 2982 profectus
619 2894 743 2960 obviam
774 2892 948 2979 legionibus
976 2892 1183 2960 Macedonicis
1216 2915 1417 2985 1111.,·quas
1439 2897 1498 2963 sibi

182 2991 349 3057 conciliare
377 2988 508 3076 pecnnia
529 2987 685 3073 cogitabat
705 3008 820 3073 easque
847 2986 885 3051 ad
906 2985 1019 3052 urbem
1042 2986 1196 3053 adducere
1218 2999 1249 3055 et
1270 2989 1302 3053 iu
1325 2989 1499 3055 cervicibus

180 3085 296 3151 nostris
329 3084 493 3149 collocare.
549 3087 580 3147 3.
615 3081 719 3146 Habes
740 3080 874 3145 formam
902 3078 1131 3166 reipublicae,
1165 3083 1191 3146 si
1213 3082 1244 3146 in
1265 3083 1375 3147 castris
1396 3092 1500 3170 potest

141 3201 251 3248 soesse
271 3200 323 3243 res
344 3176 488 3264 publica;
515 3175 547 3241 iu
569 3198 630 3261 qua
653 3184 737 3240 tuam
759 3174 859 3240 vicem
881 3196 976 3261 saepe
998 3174 1111 3249 doleo,
1134 3176 1218 3263 quod
1241 3177 1356 3244 nullam
1378 3186 1499 3262 partem

180 3294 238 3360 per
259 3280 389 3337 aetatem
411 3291 503 3335 sanae
526 3278 556 3334 et
578 3269 680 3334 salvae
701 3274 747 3334 rei
769 3267 912 3354 publicae
934 3277 1059 3353 gustare
1075 3270 1212 3355 potuisti.
1255 3276 1356 3357 Atque
1370 3271 1499 3335 antchac

180 3365 305 3454 quidem
329 3385 456 3450 sperare
477 3364 584 3429 saltem
606 3361 733 3439 licebat;
764 3362 959 3428 nuncetiam
981 3362 1012 3427 id
1035 3373 1178 3448 ereptum
1200 3372 1256 3428 est.
1302 3368 1391 3443 Quae
1413 3368 1498 3429 enirn

180 3468 228 3525 cst
253 3480 339 3545 spes,
376 3479 447 3522 curn
478 3458 511 3522 iu
532 3458 677 3523 contione
705 3456 810 3520 dicere
832 3477 925 3521 ausus
947 3457 986 3520 sit
1005 3457 1177 3531 Antonius,
1209 3458 1392 3524 Cannutium
1415 3458 1500 3545 apud

180 3574 235 3618 eos
269 3554 372 3619 locum
405 3550 463 3616 sibi
492 3572 659 3637 quaerere,
693 3549 807 3636 quibus
840 3570 874 3613 se
903 3549 989 3614 salvo
1016 3550 1104 3616 Iocus
1132 3551 1164 3615 in
1191 3552 1314 3616 civitate
1344 3573 1499 3618 essenon

143 3653 310 3734 sepossett
345 3650 376 3712 t.
409 3644 560 3732 Equidem
583 3653 614 3708 et
634 3644 712 3708 haec
734 3653 764 3709 et
786 3644 910 3718 omnia,
941 3665 1020 3730 quae
1043 3644 1162 3710 homini
1184 3645 1326 3710 accidere
1348 3656 1497 3733 possunt,

180 3741 224 3806 sic
245 3740 334 3814 fero,
357 3749 392 3804 ut
411 3738 628 3825 philosophiae
649 3758 792 3822 magnam
815 3736 945 3802 habeam
967 3738 1118 3821 gratiam,
1141 3761 1222 3825 quae
1244 3759 1379 3804 menon
1401 3739 1498 3805 modo

180 3832 219 3897 ab
240 3832 445 3899 sollicitudine
467 3831 612 3905 abducit,
635 3830 688 3896 sed
712 3833 805 3896 etiam
820 3840 927 3897 contra
944 3851 1053 3896 omues
1067 3831 1212 3898 fortunae
1226 3833 1360 3919 impetus
1382 3842 1497 3910 armat3

180 3925 299 4011 tibique
331 3925 414 3990 idem
442 3946 554 3990 censeo
581 3924 759 3990 faciundum
786 3946 863 3998 nec,
899 3946 1002 4012 aquo
1027 3925 1117 4011 culpa
1139 3926 1236 4001 absit,
1273 3926 1441 4012 quidquam
1465 3925 1498 3991 in

180 4019 268 4083 malis
285 4019 519 4085 numerandum.
563 4018 625 4084 Sed
647 4019 722 4083 haec
744 4028 778 4084 tu
798 4018 920 4084 melius.
963 4019 1139 4084 Tratorium
1162 4029 1302 4084 nostrum
1324 4041 1395 4084 cum
1417 4041 1499 4085 sem·

143 4133 237 4198 sopor
258 4112 458 4198 probassem,
481 4123 546 4177 tum
567 4112 703 4176 maxime
725 4113 756 4177 iu
779 4114 840 4179 tuis
861 4112 957 4178 rebus
978 4133 1129 4177 summam
1152 4114 1221 4178 eius
1236 4113 1343 4186 fidem,
1367 4113 1500 4197 diligen-

182 4206 254 4270 tiam
276 4207 533 4293 prudentiamque
563 4207 707 4292 cognovi.
748 4211 795 4272 Da
817 4228 966 4293 operam,
998 4219 1033 4272 nt
1054 4206 1177 4284 valeas;
1200 4208 1259 4272 hoc
1281 4206 1357 4271 mihi
1379 4205 1498 4291 gratius

180 4299 283 4364 lacere
305 4299 381 4363 nihiI
403 4310 501 4385 potes.

251 4510 277 4558 f.
297 4509 336 4557 tls
353 4508 391 4557 bl.
424 4535 455 4545 -
491 4509 518 4558 o.
537 4523 589 4559 ease
604 4517 688 4573 potest
705 4510 751 4561 M:
768 4516 852 4572 potest
871 4523 922 4559 esre
940 4510 970 4559 Ε.
994 4536 1029 4545 -
1065 4509 1108 4560 fl.
1127 4510 1272 4574 Chaerippo
1291 4511 1349 4559 Vh:
1371 4509 1498 4570 Cbcrtppo

182 4578 241 4629 ils.
274 4603 307 4614 -
344 4580 387 4628 ¹5.
423 4579 560 4629 Tratorius
588 4582 637 4632 bl:
668 4581 815 4630 Strotortur
840 4580 877 4639 Ε,
907 4579 1039 4629 Statortus
1070 4578 1216 4630 blauutins.
1257 4581 1319 4630 item
1348 4595 1373 4630 v.
1400 4578 1443 4629 ³9.
1465 4600 1497 4612 -

183 4649 226 4698 Π.
245 4656 268 4698 et
288 4655 349 4698 aute
366 4651 464 4708 iustruit
482 4663 536 4699 om.
555 4649 592 4699 bl.
623 4677 651 4687 -
687 4653 758 4710 fars,
791 4663 822 4698 eo
839 4663 894 4698 non
911 4650 968 4700 Vb:
998 4651 1094 4714 {ersten
1118 4665 1172 4700 aon
1198 4651 1243 4706 bl,
1268 4653 1338 4713 serr,
1365 4663 1384 4698 n
1403 4656 1427 4698 te
1444 4661 1498 4696 ooo

182 4717 213 4769 Ε.
235 4743 261 4755 -
298 4719 342 4768 st.
367 4719 416 4768 sibi
435 4757 443 4769 .
465 4752 472 4765 .
492 4753 500 4768 .
519 4720 659 4770 reuellere
677 4721 749 4779 (cum
768 4717 873 4781 rasura)
891 4719 929 4769 II.
962 4745 992 4757 -
1029 4719 1075 4772 30.
1104 4721 1133 4771 to
1158 4735 1209 4785 qno
1234 4728 1343 4771 anctore
1375 4717 1498 4768 Ernestlo
1524 4763 1538 4791 0

182 4788 330 4840 Schtltzius.
352 4815 380 4826 -
421 4789 465 4840 st.
485 4791 568 4839 Iocum
586 4791 635 4841 ribi
650 4792 700 4842 II:
719 4791 868 4841 sibilorum
886 4789 917 4839 Ε.
