3256 5400
172 228 232 291 tta
596 223 869 288 EPlSTOLAllUM
890 220 943 284 llll
966 225 1056 292 ΕΔΜ.

168 384 320 448 victorem
342 382 531 466 complectar
551 402 587 446 re
609 380 732 467 publica
754 390 954 465 recuperata,
976 390 1011 445 ut
1033 400 1175 464 magnam
1190 389 1310 465 partem
1331 380 1408 445 milri
1423 380 1487 445 lae·

168 478 254 542 titiae
267 488 319 541 tua
334 475 468 560 dignitas
485 475 591 546 affert,
614 495 707 560 quam
730 485 761 540 et
782 495 851 538 esse
866 473 929 537 iam
951 482 982 537 et
997 473 1132 538 futuram
1154 473 1376 558 amplissimam
1397 474 1488 539 intel·

168 569 243 655 ligo.
300 574 381 635 Cave
409 570 492 633 enim
525 577 615 654 putes
648 568 725 632 ullas
754 588 892 654 unquam
921 567 1039 632 litteras
1074 567 1227 652 gratiores
1249 588 1341 652 quam
1364 579 1432 632 tuas
1453 567 1486 632 in

169 671 277 728 senatu
293 683 363 727 esse
382 664 535 729 recitatas.
579 661 675 747 ldque
693 660 821 744 contigit
832 682 903 726 cum
917 660 1102 725 meritorum
1118 672 1243 725 tuorum
1258 659 1290 724 in
1305 681 1372 723 rem
1385 659 1487 744 publi-

146 777 234 821 scam
247 755 362 819 eximia
377 755 509 842 quadam
524 754 746 839 magnitudine,
763 763 827 819 tum
839 752 1009 819 verborum
1024 754 1311 841 sententiarumque
1325 755 1486 839 gravitate.

170 848 263 926 Quod
284 848 363 913 mihi
385 849 512 935 quidem
534 848 661 913 minime
683 869 819 921 novum,
844 847 896 933 qui
919 857 949 912 et
971 857 1001 911 te
1023 869 1147 912 nossem
1169 858 1200 911 et
1222 857 1346 912 tuarum
1369 847 1486 912 littera-

167 962 238 1007 rum
261 942 298 1007 ad
321 963 370 1007 me
393 943 557 1008 missarum
581 941 735 1027 promissa
757 939 966 1004 meminissem
989 950 1019 1005 et
1040 939 1187 1005 haberem
1210 941 1362 1006 aFurnio
1377 953 1486 1007 nostro

167 1045 219 1103 tua
241 1035 366 1121 penitus
389 1035 518 1101 consilia
541 1034 684 1119 cognita:
721 1032 776 1098 sed
798 1033 918 1099 senatui
942 1034 1060 1099 maiora
1084 1035 1148 1099 visa
1171 1045 1258 1110 sunt,
1281 1057 1374 1121 quam
1397 1048 1487 1100 erant

167 1139 358 1214 exspectata;
382 1151 444 1195 non
466 1151 530 1216 quo
552 1150 688 1215 unquam
711 1127 749 1192 de
772 1137 822 1191 tua
846 1127 1002 1192 voluntate
1025 1126 1211 1200 dubitasset,
1234 1127 1287 1192 sed
1310 1150 1367 1193 nec
1389 1152 1486 1216 quan·

131 1230 233 1287 sotum
256 1224 358 1286 lacere
380 1244 506 1308 posses,
544 1243 601 1286 nec
623 1221 726 1307 quoad
748 1220 895 1306 progredi
927 1221 1041 1294 velles,
1075 1222 1272 1307 exploratum
1294 1223 1369 1287 satis
1391 1222 1486 1288 babe-

168 1314 230 1380 bat.
287 1320 318 1381 2.
349 1321 455 1398 ltaque
477 1337 547 1380 cum
575 1338 603 1380 a.
627 1314 656 1380 d.
679 1335 741 1379 var.
765 1313 836 1379 ldus
859 1313 979 1399 Apriles
1001 1335 1092 1378 mane
1115 1314 1190 1379 mibi
1213 1325 1281 1379 tuas
1303 1315 1421 1381 litteras
1443 1321 1483 1381 Μ.

167 1408 340 1474 Varisidius
358 1409 544 1474 reddidisset
556 1430 670 1493 easque
686 1408 839 1493 legissem,
856 1407 1031 1471 incredibili
1047 1408 1244 1490 gaudiosum
1260 1409 1377 1485 elatus;
1399 1432 1485 1474 cum-

167 1523 229 1588 que
251 1522 360 1586 magna
383 1502 548 1567 multitudo
571 1501 761 1588 optimorum
784 1501 924 1565 virorum
946 1513 978 1565 et
999 1501 1113 1565 civium
1136 1523 1186 1565 me
1209 1501 1247 1565 de
1270 1500 1365 1566 domo
1387 1501 1485 1567 dedu-

167 1604 268 1668 ceret,
302 1594 361 1658 feci
383 1595 531 1660 continuo
553 1617 662 1660 omnes
683 1595 849 1680 participes
870 1615 957 1659 meae
990 1594 1167 1679 voluptatis.
1223 1594 1351 1659 Interim
1373 1595 1412 1660 ad
1434 1617 1484 1660 mc

132 1688 252 1752 revenit
279 1688 434 1752 Munatius
456 1698 582 1763 noster,
618 1700 654 1754 ut
674 1697 853 1763 consuerat;
884 1697 916 1752 at
938 1707 998 1772 ego
1021 1685 1051 1749 ei
1071 1686 1190 1751 litteras
1212 1697 1297 1760 tuas,
1332 1686 1484 1752 nihildum

168 1781 251 1846 enim
273 1781 400 1846 sciehat.
457 1786 533 1847 Nam
555 1782 664 1847 adme
686 1783 821 1867 primum
849 1780 1042 1853 Varisidius,
1069 1778 1163 1866 idque
1185 1779 1244 1845 sibi
1267 1804 1285 1844 a
1307 1792 1337 1847 te
1360 1782 1485 1846 manda·

167 1884 232 1938 tum
255 1896 323 1939 esse
345 1873 476 1940 dicebat.
527 1875 634 1940 Paullo
654 1885 725 1961 post
746 1874 828 1939 idem
850 1873 924 1938 mibi
946 1872 1102 1959 Munatius
1124 1894 1176 1938 eas
1198 1874 1317 1939 litteras
1338 1875 1484 1961 legendas

167 1966 266 2042 dedit,
299 1990 376 2053 quas
405 1968 466 2054 ipsi
497 1967 643 2041 miseras,
680 1977 711 2032 et
733 1990 801 2041 eas,
838 1989 914 2055 quas
936 1965 1070 2052 publice.
1126 1969 1156 2031 3.
1178 1966 1295 2032 Placuit
1317 1966 1426 2038 nobis,
1449 1976 1484 2031 ut

166 2058 270 2124 statim
292 2060 330 2125 ad
353 2065 525 2126 Cornutum
545 2069 724 2147 praetorem
746 2060 899 2126 urbanum
921 2060 1040 2124 litteras
1061 2058 1272 2136 deferremus,
1303 2063 1375 2148 qui,
1398 2060 1482 2149 quod

129 2153 309 2218 aeonsules
331 2152 478 2229 aberant,
511 2154 675 2219 consulare
697 2175 810 2219 munus
831 2152 1002 2218 sustinebat
1023 2174 1112 2218 more
1134 2155 1298 2220 maiorum.
1353 2159 1482 2220 Senatus

166 2254 213 2310 est
234 2247 383 2312 continuo
410 2257 598 2313 convocatus
627 2248 838 2334 frequensque
860 2248 1006 2313 convenit
1027 2257 1157 2334 propter
1178 2247 1291 2312 famam
1313 2256 1405 2334 atque
1428 2269 1483 2310 cx·

166 2340 389 2425 spectationem
412 2351 536 2406 tuarum
558 2343 741 2408 litterarum.
788 2341 933 2407 Recitatis
951 2341 1063 2406 litteris
1085 2339 1186 2406 oblata
1208 2340 1321 2425 religio
1344 2345 1482 2406 Cornuto

165 2441 213 2496 est
232 2433 437 2518 pullariorum
460 2433 634 2510 admonitu,
657 2457 719 2500 non
742 2434 815 2500 satis
836 2433 1001 2519 diligenter
1023 2455 1094 2499 eum
1112 2433 1258 2519 auspiciis
1278 2455 1406 2519 operam
1429 2433 1483 2498 de-

167 2525 269 2603 disse;
299 2526 393 2612 idque
421 2549 438 2591 a
471 2537 580 2593 nostro
601 2528 734 2614 collegio
755 2526 995 2613 comprobatum
1017 2536 1073 2590 est.
1115 2526 1225 2612 ltaque
1247 2549 1298 2592 res
1319 2526 1412 2592 dilata
1436 2537 1483 2590 cst

129 2618 198 2683 nin
220 2630 391 2704 posterum.
434 2625 480 2686 Eo
501 2630 605 2686 autem
627 2621 677 2686 die
699 2642 810 2706 magna
831 2620 908 2685 mibi
928 2641 987 2706 pro
1010 2629 1061 2684 tua
1076 2619 1225 2704 dignitate
1239 2620 1396 2685 contentio
1411 2641 1482 2685 cum

167 2712 320 2788 Servilio;
343 2713 397 2799 qui
419 2735 490 2778 cum
511 2714 609 2800 gratia
631 2713 805 2788 offecisset,
835 2723 870 2779 ut
891 2736 947 2779 sua
968 2712 1118 2779 sententia
1140 2714 1243 2798 prima
1263 2715 1484 2800 pronuntiare-

165 2816 233 2881 tur,
264 2805 411 2893 frequens
443 2828 514 2872 oum
542 2817 666 2872 senatus
687 2808 813 2894 reliquit
834 2817 865 2872 et
889 2807 922 2871 in
944 2807 1003 2872 alia
1025 2806 1130 2872 omnia
1152 2807 1308 2883 discessit;
1331 2828 1482 2893 meaeque

165 2899 356 2973 sententiae,
393 2920 474 2984 quae
496 2900 630 2965 secunda
652 2901 850 2986 pronuntiata
872 2909 955 2975 erat,
984 2922 1054 2965 cum
1077 2900 1259 2987 frequenter
1280 2901 1483 2966 assentiretur

165 3002 303 3067 senatus,
326 3000 437 3077 rogatu
459 2993 582 3058 Servilii
605 2998 637 3058 P.
660 2995 759 3060 Titius
781 2994 963 3059 intercessit.
1006 2998 1036 3059 4.
1059 2999 1119 3059 Res
1141 2994 1173 3058 in
1194 3003 1356 3080 posterum
1378 2994 1481 3059 dilata.

127 3087 257 3152 avenis
277 3098 403 3172 paratus
426 3087 592 3161 Servilius,
614 3087 682 3152 lovi
704 3087 764 3174 ipsi
785 3087 924 3174 iniquus,
947 3086 1036 3152 cuius
1056 3088 1088 3152 in
1110 3088 1300 3174 templares
1322 3087 1481 3174 agebatur.

164 3181 255 3245 Hunc
276 3179 539 3266 quemadmodum
562 3181 710 3265 fregerim
732 3189 908 3268 quantaque
930 3181 1129 3246 contentione
1158 3181 1274 3246 Titium
1296 3181 1482 3246 intercesso-

164 3293 232 3337 rem
254 3271 438 3348 abiecerim,
461 3295 502 3338 er
531 3273 664 3339 aliorum
693 3284 723 3338 te
751 3274 861 3339 litteris
891 3274 972 3339 malo
994 3294 1194 3358 cognoscere.
1237 3278 1336 3339 Unum
1359 3274 1419 3339 hoc
1440 3297 1481 3338 nr

163 3366 257 3432 meis:
280 3378 403 3432 senatus
425 3365 567 3452 gravior,
590 3367 797 3443 constantior,
820 3367 950 3432 amicior
965 3366 1025 3432 tuis
1044 3366 1187 3433 laudibus
1203 3389 1271 3433 esse
1290 3389 1352 3431 non
1367 3367 1480 3453 potuit,

163 3481 257 3546 quam
279 3470 344 3525 tum
366 3460 440 3538 fuit;
464 3481 521 3525 nec
541 3481 618 3525 vero
639 3458 695 3524 tibi
717 3469 842 3525 senatus
870 3460 1001 3524 amicior
1021 3481 1114 3546 quam
1131 3470 1239 3526 cuncta
1264 3460 1381 3525 civitas.
1424 3461 1482 3526 Mi-

128 3552 305 3618 ttrabiliter
338 3553 422 3618 euim
453 3554 590 3640 populus
626 3560 783 3620 Romanus
811 3553 977 3619 universus
1002 3563 1033 3618 et
1056 3555 1196 3620 omnium
1220 3575 1369 3639 generum
1396 3555 1482 3619 ordi·

164 3667 301 3732 numque
323 3667 492 3711 consensus
520 3646 559 3711 ad
580 3645 773 3712 liberandam
796 3669 864 3712 rem
894 3647 1049 3733 publicam
1075 3648 1273 3734 conspiravit.
1329 3655 1359 3716 5.
1382 3656 1481 3735 l'ergc

162 3738 272 3823 igitur,
308 3749 344 3804 ut
364 3740 449 3824 agis.
486 3761 663 3827 nomenque
693 3751 779 3806 tunm
803 3741 986 3806 commenda
1008 3741 1254 3807 immortalitati:
1288 3752 1379 3828 atque
1403 3744 1481 3810 haec

162 3833 283 3908 omnia,
306 3854 385 3920 quae
409 3832 524 3899 habent
549 3834 685 3919 speciem
708 3835 844 3919 gloriae,
867 3835 996 3900 collecta
1022 3835 1211 3901 inanissimis
1231 3834 1407 3921 splendoris
1433 3839 1479 3902 in·

161 3925 316 4011 signibus,
352 3936 531 4005 contemne;
563 3926 686 4002 brevia,
710 3928 844 4012 fugacia,
873 3928 989 3994 caduca
1011 3930 1166 3996 existima.
1189 3937 1305 3996 Verum
1331 3929 1425 3993 decus
1447 3930 1480 3995 in

124 4018 277 4086 ovirtute
303 4020 439 4106 positum
467 4030 527 4092 ost,
564 4042 646 4108 quae
673 4022 809 4086 maxime
838 4022 1012 4088 illustratur
1035 4023 1155 4109 magnis
1181 4028 1213 4087 in
1232 4045 1301 4086 rem
1322 4021 1479 4107 publicam

161 4113 293 4178 meritis.
348 4119 424 4179 Eam
453 4114 629 4180 facultatem
662 4113 758 4179 babes
787 4117 971 4194 marimam3
1008 4138 1101 4203 quam
1127 4116 1275 4202 quoniam
1297 4115 1480 4201 complexus

161 4215 263 4282 tenes,
291 4208 421 4293 perfice,
457 4219 491 4275 ut
512 4231 551 4274 ne
573 4211 676 4274 minus
700 4230 752 4275 res
777 4209 900 4295 publica
925 4210 982 4275 tibi
1019 4232 1111 4296 quam
1133 4220 1167 4275 tu
1193 4210 1240 4273 rei
1262 4208 1403 4295 publicae
1425 4209 1480 4274 dc-

229 4371 255 4421 2.
276 4373 353 4437 apert
371 4373 410 4422 M:
436 4373 530 4438 operm
549 4373 580 4423 Ε.
614 4397 644 4407 -
681 4373 708 4422 3.
726 4376 858 4437 gratiores
877 4374 1029 4425 Manutius:
1059 4375 1193 4438 gratiores
1219 4373 1277 4422 ME.
1310 4399 1341 4409 -
1377 4373 1404 4422 s.
1423 4385 1479 4435 sps·

159 4447 232 4491 stato
250 4442 287 4491 M.
317 4467 347 4477 -
385 4443 428 4491 10.
447 4440 543 4505 quoad]
562 4443 632 4507 qaod
650 4443 695 4501 M,
715 4457 765 4506 qao
783 4444 817 4494 N.
847 4469 877 4479 -
914 4446 958 4496 13.
976 4458 1016 4493 ms
1034 4445 1159 4494 dedomo
1178 4443 1223 4493 Mt
1243 4457 1282 4492 mo
1300 4444 1376 4492 domo
1395 4443 1425 4492 Ε.
1447 4466 1478 4478 -

160 4511 203 4560 15.
230 4513 300 4561 venit
328 4512 358 4560 T.
386 4511 522 4561 Munatius
547 4513 699 4563 Sebiitzius.
731 4539 764 4548 --
800 4510 841 4575 at]
867 4521 892 4564 et
922 4515 1078 4566 Cratander.
1113 4539 1141 4549 -
1180 4512 1476 4562 13131111ιεῖ3.-

159 4580 203 4630 33.
220 4583 308 4643 potuit
325 4589 450 4644 qnantum
468 4583 518 4644 [uit
538 4583 574 4632 M.
607 4610 639 4619 -
677 4583 720 4631 37.
739 4585 805 4646 tacis
822 4583 978 4635 Lambinus.
1002 4607 1028 4618 -
1067 4583 1111 4633 38.
1130 4582 1236 4632 collecta
1253 4584 1413 4631 inanissimis
1430 4581 1477 4631 M:

157 4650 289 4700 collectam
307 4652 431 4701 inanibus
450 4652 488 4706 Ε,
508 4653 641 4703 collectam
659 4667 692 4702 aa
708 4655 869 4703 inanissimis
888 4654 1042 4704 Lambinus.
1072 4677 1102 4688 -
1139 4652 1182 4702 39.
1201 4654 1305 4716 fugalia
1324 4653 1364 4710 (in
1384 4664 1478 4702 rasura

156 4716 200 4782 ia)
228 4721 274 4781 M,
313 4722 404 4785 fucata
439 4721 487 4771 Vb.
521 4746 551 4757 -
596 4725 695 4772 caduca
721 4725 932 4775 existimaverim.
965 4726 1039 4773 uaeas
1064 4723 1101 4772 M.
1131 4747 1161 4757 -
1207 4723 1251 4770 tt.
1279 4724 1401 4786 quoniam
1431 4721 1477 4770 Ma

157 4791 263 4852 quando
281 4791 312 4840 Ε.
343 4816 371 4826 -
392 4793 538 4854 complosas
556 4800 624 4843 tenes
642 4792 759 4843 Oreitius
778 4791 852 4856 (coll.
874 4807 922 4857 pro
936 4793 1046 4844 Fonteio
1065 4789 1094 4854 ὃ.
1113 4792 1175 4852 3613
1195 4793 1341 4855 conspicans
1358 4806 1401 4852 as,
1422 4798 1479 4842 tans

156 4859 184 4911 M
203 4859 261 4919 (sed
281 4875 307 4911 as
325 4867 351 4910 et
370 4875 382 4911 e
400 4862 489 4912 finalis
508 4875 539 4913 er
558 4865 726 4914 corraotione
745 4865 773 4913 in
793 4861 898 4927 rasura)
919 4865 957 4923 a,
977 4862 1166 4925 complacitans
1185 4869 1208 4913 st
1227 4870 1296 4914 tenes
1315 4861 1364 4914 Vb.
