3256 5400
581 246 654 311 ΗΒ.
676 244 745 308 XV.
787 245 846 307 BP.
869 245 898 304 1.
920 242 950 303 2.
1382 244 1443 307 275

122 402 384 492 quemadmodum
406 401 574 466 instructos
596 412 627 465 et
649 399 762 486 quibus
784 399 947 485 praesidiis
969 399 1105 465 munitos
1127 400 1165 464 ad
1188 402 1263 466 tanti
1285 400 1359 467 belli
1377 401 1446 487 opi·

122 499 248 562 nionem
274 494 442 569 miseritis,
477 515 540 558 uon
568 495 642 558 estis
671 494 782 579 ignari.
838 494 932 571 Quod
963 514 1023 578 ego
1050 495 1210 579 negotium
1236 518 1299 561 non
1317 496 1445 562 stultitia
1543 501 1548 507 ’

123 591 308 657 obcaecatus
327 589 382 654 sed
401 587 589 654 verecundia
608 588 775 653 deterritus
798 609 860 653 non
880 588 1032 652 recusavi.
1075 592 1182 674 Neque
1202 589 1285 653 enim
1307 611 1446 677 unquam

123 685 220 750 ullum
241 683 415 769 periculum
437 691 554 747 tantum
577 682 698 767 putavi,
721 680 806 768 quod
828 681 1047 765 subterfugere
1070 682 1193 747 mallem
1214 705 1308 769 quam
1324 695 1446 750 vestrae

124 777 301 844 auctoritati
323 775 553 862 obtemperare.
598 781 627 839 5.
650 779 718 839 lloc
739 783 842 839 autem
865 785 1007 860 tempore
1028 796 1080 839 res
1107 797 1176 841 sese
1198 777 1243 841 sic
1266 778 1372 853 babet,
1395 789 1469 854 ut,¹·

125 873 183 937 nisi
220 871 393 935 exereitum
429 879 562 943 tantum,
601 878 749 954 quantum
778 868 817 932 ad
847 869 1017 933 maximum
1040 866 1156 934 bellum
1179 871 1303 937 mittere
1324 873 1446 946 soletis,

124 976 246 1031 mature
267 966 299 1029 in
321 964 376 1029 bas
397 962 574 1050 provincias
596 962 759 1036 miseritis,
792 983 947 1027 summum
970 963 1143 1048 periculum
1166 964 1222 1038 sit,
1246 986 1284 1029 ne
1306 967 1449 1031 amitten·

126 1060 183 1125 dae
204 1059 265 1124 sint
300 1079 408 1123 omnes
434 1056 492 1120 bae
512 1056 709 1142 provinciae,
746 1054 860 1142 quibus
882 1056 1045 1140 vectigalia
1068 1056 1175 1141 populi
1198 1059 1329 1123 Romani
1351 1061 1450 1125 conti·

126 1167 248 1220 nentur.
307 1148 519 1228 Quamobrem
553 1160 656 1214 autem
689 1155 721 1214 in
753 1150 813 1214 boc
845 1150 1028 1236 provinciali
1058 1151 1180 1214 delectu
1201 1172 1289 1237 spem
1312 1152 1450 1219 babeatis

127 1246 276 1331 aliquam,
300 1264 392 1308 causa
414 1243 498 1307 nulla
521 1254 586 1308 est:
610 1265 712 1330 neque
733 1244 821 1308 multi
844 1254 915 1308 sunt
937 1252 968 1308 et
990 1242 1157 1327 diffugiunt
1178 1244 1232 1330 qui
1255 1257 1341 1319 sunt,
1364 1258 1449 1312 metu
1463 1262 1488 1300 ¹⁰

127 1338 243 1404 oblato.
295 1341 353 1411 Et,
390 1336 474 1422 quod
501 1357 600 1421 genus
623 1336 682 1401 boe
704 1337 836 1401 militum
865 1337 922 1411 sit,
956 1337 1104 1401 iudicavit
1125 1337 1174 1402 vir
1195 1337 1387 1405 fortissimus
1409 1346 1450 1406 Μ.

127 1431 257 1497 Bibulus
279 1432 310 1495 in
332 1431 420 1504 Asia,
443 1430 517 1516 qui,
539 1451 611 1494 cum
633 1452 689 1495 vos
712 1431 741 1495 ei
763 1431 1005 1517 permisissem,
1029 1429 1182 1494 delectum
1204 1429 1320 1495 babere
1342 1433 1453 1497 nolue-

127 1528 178 1590 rit.
227 1530 303 1589 Nam
335 1524 493 1589 sociorum
528 1524 644 1589 auxilia
673 1534 804 1610 propter
835 1523 1034 1589 acerbitatem
1063 1534 1156 1610 atque
1178 1523 1306 1589 iniurias
1327 1524 1452 1609 imperii

128 1618 227 1684 nostri
249 1628 302 1683 aut
322 1618 365 1682 ita
385 1617 541 1682 imbecilla
562 1626 649 1691 sunt,
672 1627 707 1682 ut
729 1640 792 1682 non
813 1618 944 1682 multum
968 1639 1025 1682 nos
1047 1618 1156 1682 iuvare
1177 1619 1314 1703 possint,
1337 1630 1388 1684 aut
1411 1621 1453 1686 ita

128 1712 259 1777 alienata
281 1732 299 1775 a
321 1709 427 1783 nobis,
451 1721 486 1774 ut
506 1733 607 1796 neque
629 1711 874 1796 exspectandum
896 1712 934 1775 ab
957 1711 995 1776 iis
1017 1732 1118 1796 neque
1136 1712 1391 1777 committendum
1415 1713 1452 1778 iis
1466 1727 1491 1763 ¹³

128 1805 299 1893 quidquam
335 1826 404 1869 esse
437 1803 588 1870 videatur.
651 1809 682 1869 6.
718 1804 810 1887 Regis
831 1804 970 1868 Deiotari
994 1814 1025 1868 et
1050 1805 1239 1869 voluntatem
1270 1817 1301 1870 et
1330 1809 1452 1893 copias,

129 1909 386 1986 quantaecunque
408 1909 499 1973 sunt,
523 1909 644 1963 nostras
667 1918 735 1962 esse
757 1897 848 1962 duco.
896 1898 1088 1984 Cappadocia
1109 1907 1156 1963 est
1179 1899 1288 1965 inanis.
1331 1902 1453 1987 Reliqui

129 2013 222 2076 reges
244 1993 428 2080 tyrannique
450 2013 552 2078 neque
584 1990 698 2078 opibus
730 1991 804 2056 satis
835 1989 918 2055 firmi
940 2013 997 2056 nec
1018 1991 1176 2057 voluntate
1201 2002 1281 2059 sunt.
1324 1995 1398 2059 Mibi
1422 1996 1453 2060 in

130 2086 188 2151 bac
209 2086 363 2170 paucitate
384 2085 516 2151 militum
538 2085 660 2150 unimus
681 2095 766 2149 certe
789 2106 851 2150 non
875 2085 994 2163 deerit;
1023 2106 1117 2172 spero
1140 2108 1179 2150 ne
1200 2089 1363 2152 consilium
1386 2089 1456 2175 qui·

132 2176 212 2242 dem.
256 2177 340 2255 Quid
361 2198 507 2242 casurum
528 2179 582 2252 sit,
605 2179 758 2243 incertum
780 2190 836 2244 est
882 2180 1003 2245 Utinam
1025 2179 1116 2245 saluti
1144 2189 1269 2244 nostrae
1290 2181 1494 2247 consulerem

131 2272 302 2356 possimus!
325 2271 465 2357 dignitati
486 2283 571 2336 certe
593 2272 800 2338 consulemus.

618 2417 660 2477 11.
704 2415 752 2497 (A.
779 2417 811 2479 u.
834 2417 866 2479 c
888 2413 973 2494 roa.)

215 2536 255 2597 Μ.
277 2535 438 2598 TULLIUS
468 2537 508 2598 Μ.
537 2538 569 2599 F.
597 2537 739 2600 ClCEllO
761 2536 925 2600 l‘llOCQS.
957 2539 988 2599 S.
1015 2540 1053 2600 l).
1079 2538 1185 2602 COSS.
1217 2540 1379 2602 PRAETT.

597 2632 722 2693 TRlBB.
741 2633 798 2692 PL.
821 2632 994 2694 seuavul.

208 2747 247 2805 Δ1.
270 2741 301 2805 S.
323 2744 360 2804 V.
383 2744 420 2805 V.
442 2745 484 2804 B.·
498 2743 532 2808 E.
554 2743 588 2803 E.
605 2742 644 2817 Q.
667 2746 703 2804 V.
747 2743 824 2806 Cum
847 2739 948 2823 pridie
964 2740 1092 2805 Kalend.
1116 2744 1201 2809 Sext
1215 2740 1247 2805 in
1262 2742 1457 2826 provinciam
1466 2767 1493 2805 ss

135 2834 288 2902 venissem
314 2854 416 2919 neque
438 2834 589 2899 maturius
611 2843 741 2919 propter
771 2833 919 2898 itinerum
941 2842 972 2897 et
993 2834 1224 2918 navigationum
1247 2835 1456 2903 difficultatem

135 2933 242 2994 venire
263 2928 452 3013 potuissem,
475 2927 612 2993 maxime
634 2931 802 2993 convenire
824 2927 927 2992 officio
949 2948 1022 2993 meo
1043 2928 1153 3014 reique
1175 2926 1318 3015 publicae
1339 2929 1457 2996 condu-

136 3044 208 3088 cere
228 3021 349 3107 putavi,
392 3041 505 3106 parare
526 3041 581 3096 ea,
617 3042 697 3107 quae
718 3020 757 3085 ad
779 3021 952 3086 exercitum
974 3043 1117 3108 quaeque
1139 3022 1178 3087 ad
1201 3044 1269 3086 rem
1290 3022 1457 3086 militarem

137 3116 337 3202 pertinerent.
382 3118 470 3192 Quae
492 3135 562 3179 cum
585 3127 688 3179 essent
709 3135 727 3178 a
748 3135 798 3178 me
819 3135 895 3178 cura
916 3116 1013 3199 magis
1036 3125 1066 3179 et
1080 3115 1239 3201 diligentia
1254 3138 1346 3203 quam
1360 3115 1458 3182 lacul-

138 3219 198 3275 tate
220 3217 252 3273 et
273 3208 363 3294 copia
384 3209 565 3282 constituta,
604 3208 766 3294 nuntiique
788 3215 821 3272 et
842 3208 963 3273 litterae
986 3209 1024 3273 de
1046 3208 1129 3274 bello
1151 3231 1168 3273 a
1191 3210 1311 3275 Parthis
1329 3211 1362 3275 in
1383 3231 1494 3295 pro-sn

138 3302 269 3366 vinciam
292 3305 412 3389 Syriam
435 3303 521 3367 illato
548 3302 689 3388 quotidie
710 3301 778 3366 lere
800 3301 1003 3376 allerrentur,
1026 3303 1084 3367 iter
1106 3303 1183 3367 mibi
1204 3303 1378 3368 laciendum
1400 3324 1459 3389 per

138 3394 324 3484 Lycaoniam
339 3406 371 3460 et
392 3417 450 3482 per
471 3401 596 3461 lsauros
612 3404 643 3460 et
657 3416 713 3481 per
729 3395 953 3481 Cappadociam
970 3394 1136 3461 arbitratus
1157 3418 1236 3462 sum.
1279 3401 1353 3461 Erat
1374 3397 1456 3461 enim

138 3509 249 3572 magua
275 3489 431 3576 suspicio,
454 3489 606 3563 Parthos,
635 3489 661 3553 si
683 3510 723 3553 ex
746 3489 835 3576 Syria
858 3488 965 3573 egredi
988 3498 1081 3574 atque
1102 3490 1279 3575 irmmpere
1301 3491 1333 3555 in
1355 3513 1456 3556 meam

138 3583 330 3668 provinciam
352 3595 557 3659 conarentur,
579 3584 640 3647 iter
662 3603 717 3647 eos
738 3602 796 3668 per
818 3582 1062 3668 Cappadociam,
1086 3584 1171 3669 quod
1192 3606 1228 3648 ea
1250 3590 1386 3650 maxime
1405 3607 1457 3670 pa·

140 3685 238 3759 teret,
272 3697 341 3741 esse
373 3677 520 3746 facturos.
576 3682 606 3742 2.
628 3682 734 3762 ltaque
756 3697 827 3740 cum
850 3676 992 3740 exercitu
1019 3698 1076 3763 per
1102 3677 1314 3763 Cappadociae
1336 3689 1456 3764 partem
1467 3704 1495 3749 ss

141 3790 230 3844 eam,
266 3791 346 3856 quae
379 3791 449 3835 cum
472 3770 577 3837 Cilicia
604 3770 764 3835 continens
787 3778 849 3842 est,
887 3768 947 3832 iter
968 3768 1028 3833 leci
1050 3781 1212 3856 castraque
1233 3771 1273 3834 ad
1295 3770 1457 3858 Cybistra,

141 3861 226 3948 quod
247 3862 396 3948 oppidum
419 3876 466 3930 est
486 3864 524 3928 ad
543 3872 681 3928 montem
697 3869 854 3936 Taurum,
877 3862 993 3937 locavi:
1017 3873 1050 3927 ut
1065 3863 1249 3937 Artuasdes,
1271 3886 1331 3930 rex
1349 3871 1460 3930 Arme-

142 3956 225 4029 nius,
258 3977 446 4043 quocunque
468 3958 573 4022 animo
594 3966 690 4031 esset,
732 3955 839 4030 sciret,
868 3976 931 4020 non
953 3958 1062 4042 procul
1084 3958 1184 4022 esuis
1205 3957 1318 4023 finibus
1340 3959 1460 4024 exerci-

143 4061 208 4114 tum
230 4051 337 4136 populi
359 4052 493 4116 Romani
517 4071 601 4123 esse,
624 4061 655 4113 et
675 4050 877 4122 Deiotarum,
901 4048 1113 4115 fidelissimum
1141 4073 1247 4135 regem
1266 4061 1358 4137 atque
1384 4053 1461 4116 arni-

143 4144 301 4208 cissimum
330 4144 378 4208 rei
401 4144 544 4229 publicae
566 4153 711 4215 nostrae,
747 4143 882 4207 maxime
904 4144 1103 4209 coniunctum
1126 4144 1290 4219 haberem,
1320 4147 1408 4211 cuim
1430 4155 1461 4210 et
1472 4167 1499 4209 so

143 4236 275 4301 consilio
306 4247 337 4301 et
369 4236 482 4323 opibus
509 4237 650 4302 adiuvari
677 4247 783 4323 posset
810 4257 862 4301 res
891 4235 1023 4320 publica.
1082 4244 1112 4304 3.
1150 4241 1223 4316 Quo
1245 4259 1315 4303 cum
1336 4239 1369 4304 iu
1390 4240 1462 4304 loco

144 4340 244 4394 eastra
265 4330 413 4395 haberem
435 4332 669 4418 equitatumque
690 4330 722 4394 in
746 4329 882 4396 Ciliciam
904 4331 1073 4405 misissem,
1096 4341 1131 4396 ut
1151 4343 1181 4396 et
1204 4354 1290 4397 meus
1312 4333 1462 4399 adventus

144 4423 183 4487 iis
219 4423 414 4498 civitatibus,
451 4447 532 4511 quae
568 4426 599 4490 in
635 4446 672 4489 ea
697 4435 785 4510 parte
815 4433 936 4499 essent,
973 4427 1129 4491 nuntiatus
1152 4427 1310 4491 firmiores
1342 4427 1463 4491 animos

144 4515 285 4581 omnium
307 4516 424 4583 laceret
451 4529 482 4582 et
503 4539 562 4603 ego
586 4529 721 4592 mature,
756 4517 833 4604 quid
854 4528 1000 4602 ageretur
1021 4519 1053 4583 in
1076 4519 1185 4606 Syria,
1219 4521 1299 4584 scire
1320 4541 1462 4605 possem,

207 4697 242 4786 3.
261 4736 355 4786 dilectu
373 4737 410 4787 Μ.
430 4738 493 4787 item
512 4752 538 4786 r.
558 4737 601 4786 12.
630 4760 663 4772 -
700 4736 742 4786 12.
760 4738 914 4799 permisistis
938 4737 974 4787 Μ.
1002 4763 1036 4771 -
1071 4738 1184 4787 aeluserit
1204 4739 1246 4788 tt:
1273 4739 1358 4789 noluit
1385 4740 1466 4789 Erne-

147 4805 224 4855 stlus.
243 4830 277 4873 r
313 4807 356 4857 31.
377 4808 440 4857 mttt
457 4809 493 4856 ad
510 4809 656 4873 faciendum
675 4807 710 4857 Μ.
732 4832 764 4842 -
800 4807 843 4856 33.
872 4807 965 4857 Partiri
992 4808 1110 4858 malebat
1134 4809 1272 4859 Ernestias
1291 4832 1321 4845 -
1365 4809 1409 4860 st.
1438 4811 1467 4858 tn

147 4875 227 4939 Syrte
244 4885 366 4941 ageretur
386 4878 422 4928 Va
441 4884 468 4927 et
485 4878 607 4928 fortassis
626 4877 662 4927 Μ.
682 4876 744 4941 (Vb.
764 4881 873 4936 tamen,
894 4883 922 4926 ut
940 4876 1013 4941 uos.)
