3256 5400
444 256 518 320 ΠΒ.
539 257 623 321 xm.
666 258 725 322 BP.
745 258 799 321 44.
820 257 872 322 43.
893 258 946 323 47.
967 257 1019 324 48.
1040 258 1093 322 49.
1116 259 1166 324 50.
1403 260 1467 326 443

540 416 663 479 acui.
706 396 797 496 (aba
817 415 855 478 A.
881 416 913 479 u.
934 416 965 480 c.
989 417 1076 486 uo.)

640 536 784 602 CICERO
807 536 912 599 SILIO
935 538 966 601 S.

226 645 311 727 Quid
332 665 393 731 ego
415 644 471 711 tibi
492 646 707 712 commendem
729 667 818 720 eum,
841 667 935 733 quem
957 655 990 712 tu
1012 646 1081 734 ipse
1101 645 1225 734 diligis?
1261 649 1323 716 Sed
1345 660 1466 729 tamen,

141 750 176 808 ut
197 741 293 806 scires
315 760 389 805 eum
408 761 427 805 a
449 760 500 805 me
522 761 584 804 non
606 739 695 825 diligi
717 741 834 815 solum,
857 761 967 806 verum
990 741 1083 806 eliam
1105 743 1220 817 amari,
1243 742 1285 808 ob
1307 765 1378 812 eam
1396 766 1465 812 rem

142 834 200 901 tibi
220 834 297 900 baec
318 832 435 900 scribo.
489 834 637 899 Omnium
658 843 785 898 tuorum
807 833 1000 908 officiorum,
1030 855 1110 921 quae
1132 846 1163 900 et
1185 836 1280 900 mulla
1302 847 1333 902 et
1353 859 1490 923 magnas

144 938 232 1004 sunt,
265 928 342 994 mibi
373 928 582 1013 gratissimum
610 926 723 999 fuerit,
752 926 780 992 si
809 931 850 991 ita
872 927 1013 992 tractaris
1035 928 1216 1012 Egnatium,
1245 938 1281 996 ut
1301 933 1413 996 sentiat
1435 939 1466 997 el

141 1045 177 1088 se
198 1044 216 1087 a
237 1044 288 1087 me
310 1032 341 1087 et
362 1043 412 1087 mc
434 1043 452 1086 a
473 1032 503 1087 te
525 1022 634 1086 amari.
669 1024 738 1086 IIoc
758 1031 788 1086 te
810 1021 1012 1085 vehementer
1033 1022 1126 1086 etiarn
1149 1031 1241 1109 atque
1263 1024 1356 1088 etiam
1374 1045 1465 1109 rogo.

142 1115 198 1181 Illa
225 1124 334 1180 nostra
369 1116 488 1181 scilicet
522 1114 712 1180 oeciderunt.
776 1116 905 1179 Utamur
940 1115 1037 1200 igitur
1071 1115 1195 1200 vulgari
1232 1117 1465 1184 consolatione:

51 1212 64 1239 ⁰
142 1208 270 1286 „Ouid,
292 1208 319 1273 si
341 1208 402 1275 boc
423 1209 579 1274 meliusi”
622 1207 684 1273 Sed
705 1207 783 1273 baec
803 1228 920 1273 coram.
963 1213 1010 1274 Tu
1032 1206 1095 1284 lac,
1125 1207 1211 1296 quod
1233 1208 1327 1284 lacis,
1359 1221 1394 1277 ut
1416 1232 1465 1277 me

141 1323 228 1366 ames
249 1311 343 1389 teque
368 1303 466 1368 amari
487 1323 505 1368 a
527 1323 577 1369 me
599 1301 689 1367 scias.
1476 1324 1503 1365 m

574 1445 714 1508 sirm.
756 1443 807 1522 (A.
833 1443 866 1506 o.
888 1442 921 1506 c.
942 1444 1029 1521 ror.)

387 1566 530 1631 CICERO
553 1567 586 1631 C.
609 1564 794 1629 SEXTILIO
816 1563 919 1628 RUFO
942 1564 1106 1639 QUAEST.
1129 1565 1219 1629 SD.

227 1679 344 1742 Omnes
365 1674 421 1742 tibi
443 1675 629 1742 commendo
651 1675 798 1764 Cyprios,
821 1674 877 1739 sed
898 1673 997 1759 magis
1018 1674 1167 1759 Paphios,
1190 1673 1305 1761 quibus
1320 1684 1354 1742 tu
1369 1696 1464 1764 qnae·

140 1791 265 1857 cunque
286 1770 512 1845 commodaris,
547 1777 640 1835 erunt
671 1768 749 1834 mibi
770 1767 960 1853 gratissima3
998 1789 1100 1855 eoque
1127 1767 1208 1834 facio
1230 1767 1393 1842 libentius,
1429 1780 1465 1837 ul

141 1886 197 1930 eos
219 1862 275 1930 tibi
296 1863 535 1938 commendem,
572 1863 658 1949 quod
680 1871 711 1927 et
733 1871 803 1927 tuae
825 1860 928 1936 laudi,
965 1862 1054 1927 cuius
1076 1882 1136 1947 ego
1158 1861 1262 1928 fautor
1282 1883 1367 1937 sum,
1391 1883 1464 1929 con·
1478 1890 1503 1930 ι]

142 1958 257 2024 ducere
285 1956 437 2031 arbitror,
471 1977 541 2022 cnm
568 1957 689 2043 primus
717 1955 749 2020 in
771 1976 840 2020 eam
862 1954 994 2020 insulam
1017 1966 1165 2042 quaestor
1186 1957 1330 2032 veneris,
1368 1978 1404 2022 aa
1432 1967 1464 2023 te

141 2050 323 2125 instituere,
359 2070 439 2137 qnae
460 2061 632 2136 sequantur
652 2049 721 2128 alii;
743 2069 837 2135 quae,
860 2057 894 2114 ut
916 2069 1028 2135 spero,
1060 2048 1182 2115 facilius
1204 2070 1414 2137 consequere,
1436 2049 1465 2117 si

142 2154 173 2209 et
194 2148 227 2209 P.
249 2143 385 2217 Lentuli,
421 2142 588 2208 necessarii
618 2142 678 2220 tui,
715 2144 815 2228 legem
838 2153 869 2208 et
890 2163 942 2217 ea,
969 2163 1049 2229 quae
1070 2164 1089 2207 a
1111 2163 1161 2207 mo
1183 2143 1349 2210 constituta
1374 2155 1463 2222 sunl,

142 2237 232 2323 sequi
254 2237 402 2303 volueris.
446 2239 547 2314 Quam
569 2257 637 2302 rem
658 2236 716 2301 tibi
736 2235 860 2301 conlido
882 2255 1011 2320 magone
1032 2235 1117 2302 laudi
1138 2236 1218 2303 lore.

595 2378 705 2440 XIIX.
748 2376 851 2455 (Anno
873 2376 1011 2456 incerto.)
1472 2401 1502 2446 so

514 2499 656 2563 CICERO
678 2498 796 2563 cumo
818 2497 983 2563 PROCOS.
1007 2499 1038 2562 S.
1059 2502 1097 2562 Ι).

227 2615 266 2690 Q.
297 2609 465 2697 Pompeius
494 2612 566 2674 Sex.
589 2614 621 2673 F.
643 2607 748 2674 multis
769 2617 800 2672 et
820 2606 980 2672 veteribus
1002 2608 1102 2673 causis
1123 2607 1363 2675 necessitudinis
1385 2613 1463 2680 mibi

141 2706 324 2772 coniunctus
347 2715 403 2769 est.
452 2707 503 2778 ls,
535 2723 607 2768 cum
635 2710 724 2766 antea
754 2700 833 2765 meis
855 2700 1176 2770 commendationibus
1198 2709 1229 2764 et
1250 2722 1317 2767 rem
1339 2713 1371 2768 et
1391 2728 1463 2792 gra-

142 2800 216 2866 tiam
238 2809 269 2865 et
289 2801 505 2864 auctoritatem
525 2816 614 2862 snam
635 2793 717 2860 tueri
738 2793 913 2868 consuerit,
935 2815 1018 2859 nnnc
1031 2795 1189 2881 prolecto,
1213 2803 1243 2859 te
1265 2797 1457 2880 provinciam

140 2893 315 2965 obtinente,
337 2891 416 2956 meis
437 2889 547 2955 litteris
568 2887 691 2975 assequi
712 2885 821 2962 debet,
843 2897 878 2953 ut
898 2887 1016 2954 nemini
1037 2910 1071 2954 se
1090 2888 1241 2973 intelligat
1262 2894 1502 2966 commenda-25

142 2987 258 3051 liorem
279 3005 417 3071 unquam
442 2982 548 3048 fuisse.
592 2978 804 3059 Quamobrem
826 3001 844 3045 a
866 2989 896 3045 te
918 2982 1069 3047 maiorem
1093 2983 1125 3048 in
1147 2984 1277 3052 modum
1298 2995 1389 3072 peto,
1410 2996 1462 3063 ut,

140 3099 213 3144 cnm
235 3099 344 3144 omnes
365 3097 453 3142 meos
474 3094 573 3163 aeque
594 3093 631 3137 ac
656 3083 727 3139 tuos
749 3072 919 3140 observare
939 3096 998 3162 pro
1020 3079 1249 3144 necessitudine
1276 3089 1382 3146 nostra
1410 3079 1464 3146 de·

142 3169 233 3246 beas,
264 3171 345 3236 bnnc
373 3170 406 3234 in
428 3169 538 3256 primis
559 3168 601 3234 ita
623 3166 656 3232 in
677 3175 761 3233 tuam
784 3166 876 3234 lidem
898 3169 1046 3256 recipias,
1075 3180 1110 3236 ut
1131 3171 1198 3259 ipse
1221 3173 1373 3259 intelligat
1394 3172 1462 3239 nul·

142 3264 204 3329 larn
226 3285 293 3330 rem
314 3262 375 3330 sibi
405 3263 518 3330 maiori
546 3259 618 3327 usui
639 3269 693 3326 aut
713 3270 897 3327 ornamento
919 3283 1013 3350 qnam
1036 3284 1137 3330 meam
1159 3266 1463 3332 commendationem

142 3378 211 3423 esse
232 3358 382 3444 potuisse.
424 3355 511 3422 Vale.
962 3404 965 3410 .
1473 3394 1501 3433 sn

482 3500 518 3562 I..
560 3496 699 3578 (Scripta
721 3496 840 3559 videtur
865 3496 904 3560 A.
928 3497 961 3560 ll.
983 3498 1016 3561 C.
1040 3500 1128 3578 710.)

560 3622 602 3684 bl.
625 3617 767 3683 clolano
790 3619 821 3681 S.
842 3621 879 3681 Ι).
903 3619 1042 3683 AUCTO.

229 3736 258 3798 1.
280 3732 405 3818 Sumpsi
427 3731 487 3797 boc
508 3729 584 3795 mihi
605 3749 664 3815 pro
693 3737 746 3793 tna
766 3728 799 3793 in
820 3749 870 3794 me
892 3727 1107 3805 observantia,
1130 3753 1224 3819 quam
1245 3738 1369 3823 penitus
1391 3760 1463 3826 pen-

143 3825 252 3912 speri,
275 3824 424 3912 quamdin
446 3823 603 3889 Brundisii
625 3822 754 3897 luimus,
777 3832 812 3888 ut
833 3821 872 3886 ad
893 3831 923 3885 te
945 3822 1139 3891 familiariter
1160 3837 1191 3892 et
1205 3830 1294 3915 quasi
1313 3853 1374 3918 pro
1389 3853 1462 3898 meo

144 3920 213 3985 iure
234 3918 421 3993 scriberem,
444 3918 472 3983 si
493 3938 574 4003 qnae
595 3937 647 3981 res
669 3924 765 3989 esset,
788 3914 828 3979 de
849 3936 912 4002 qna
933 3915 1022 3981 valde
1036 3917 1222 3988 laborarem.
1264 3929 1313 3989 Μ’.
1339 3926 1501 3997 Curiussa

144 4013 198 4099 qui
220 4014 319 4079 Patris
350 4012 542 4098 negotiatur,
572 4011 615 4076 ita
647 4008 723 4075 mihi
745 4007 906 4073 familiaris
928 4018 990 4083 est,
1023 4018 1058 4075 ut
1078 4011 1157 4077 nibil
1177 4021 1275 4100 possit
1296 4039 1366 4083 esse
1387 4040 1464 4085 con·

143 4105 289 4173 iunctius.
337 4108 433 4174 Multa
453 4106 536 4172 illins
557 4106 590 4169 in
611 4125 662 4169 me
683 4102 800 4178 officia,
836 4101 932 4167 multa
952 4103 985 4168 in
1007 4104 1094 4170 illurn
1116 4128 1200 4186 mea;
1229 4110 1377 4197 quodque
1398 4133 1464 4177 rna·

144 4201 264 4266 ximum
287 4210 352 4274 est,
375 4221 515 4266 summus
536 4199 696 4264 internos
717 4217 808 4262 amor
829 4204 1018 4263 otmutnus.
1061 4202 1092 4264 2.
1114 4203 1203 4278 Quae
1225 4224 1296 4269 cum
1319 4205 1362 4270 ita
1384 4207 1463 4280 sint,

144 4292 171 4358 si
192 4293 286 4359 ullam
309 4294 342 4358 in
363 4294 496 4359 amicitia
518 4312 587 4356 mea
608 4311 695 4377 spem
716 4287 828 4368 babes;
851 4288 878 4354 si
900 4309 957 4363 ca,
994 4312 1074 4377 quae
1095 4293 1129 4358 in
1150 4316 1200 4361 me
1222 4297 1324 4363 ollicia
1345 4308 1377 4364 et
1397 4311 1463 4366 stu·

144 4384 196 4451 dia
224 4386 380 4453 Brundisii
409 4385 589 4461 contulisti,
627 4383 675 4448 vis
697 4382 772 4447 milri
794 4382 886 4447 etiam
908 4383 1045 4468 gratiora
1066 4387 1188 4453 allicere
1211 4421 1251 4434 —
1273 4409 1502 4480 quamquamao

144 4489 216 4546 sunt
234 4481 410 4566 gratissima
431 4502 488 4558 -;
510 4479 537 4544 si
557 4498 608 4543 me
630 4499 648 4543 a
670 4476 731 4542 tuis
749 4473 895 4541 omnibus
909 4477 1008 4541 amari
1023 4476 1127 4544 vides:
1151 4481 1210 4548 boe
1223 4483 1298 4550 mihi
1315 4484 1352 4549 da
1369 4494 1463 4572 atque

214 4681 241 4732 3.
261 4682 308 4730 boc
325 4680 416 4730 matius
434 4679 479 4731 nt:
498 4679 588 4730 maltos
604 4679 650 4728 ltoc
669 4677 699 4727 II.
721 4703 749 4714 -
788 4675 831 4726 15.
851 4676 920 4740 quod
939 4683 1000 4728 mos
1018 4678 1175 4733 Lambinus.
1197 4706 1227 4718 -
1262 4684 1307 4735 il'i.
1326 4689 1464 4735 necessitu-

144 4750 204 4801 disss
221 4759 314 4802 nostro
333 4751 379 4801 Μ]
405 4757 499 4800 nostro
517 4749 700 4800 monstrosius
729 4746 761 4797 ll.
791 4771 819 4783 -
857 4746 902 4796 32.
928 4748 1011 4799 Aucto
1028 4751 1056 4802 Il
1075 4752 1102 4802 in
1121 4759 1263 4810 contestu,
1291 4755 1371 4804 Aucto
1389 4756 1416 4807 bl
1435 4757 1464 4806 tn

146 4820 238 4871 Indica
264 4820 462 4884 Epistoiarum‚
491 4820 574 4871 Acilio
604 4817 795 4868 ballemandns
817 4819 845 4865 st
874 4815 1025 4871 Scbtltalns.
1055 4845 1086 4859 -
1122 4823 1166 4874 33.
1192 4824 1231 4877 II.
1257 4825 1344 4875 culina
1366 4825 1403 4876 bl.
1432 4851 1465 4863 -

144 4889 188 4943 34.
207 4891 357 4943 mammete
373 4889 411 4941 nl.
432 4914 464 4928 -
500 4890 544 4941 m.
561 4902 621 4940 msc
636 4900 737 4952 quoque
753 4887 897 4937 mximum
914 4889 953 4943 lt.
