3256 5400
593 227 665 286 LlB.
687 226 769 288 xlv.
814 227 870 286 ΕΡ.
897 225 943 285 16.
969 224 1016 285 17.

589 383 685 445 nvn.
727 383 787 456 (A.
813 384 846 445 u.
868 383 899 445 e.
922 379 1013 458 no.)

621 505 763 569 ClCEllO
786 505 928 568 ATTICO
951 506 982 566 8.

232 623 259 684 1.
282 624 316 683 ln
340 617 561 701 Pompeianum
582 616 654 680 veni
677 636 709 681 v.
731 621 833 679 Nonas
855 615 945 688 Alai,
974 635 1044 678 cum
1067 615 1183 700 pridie,
1206 625 1241 681 ut
1261 627 1352 683 antea
1373 617 1412 683 ad
1435 628 1465 684 tc

141 712 260 799 scripsi,
283 713 390 777 Piliam
411 711 443 774 in
466 715 604 775 Cumano
626 709 869 773 collocavissem.
925 707 971 773 lbi
993 709 1070 772 mihi
1091 711 1233 774 coenanti
1255 711 1375 776 litterae
1394 723 1464 777 tuae

142 818 213 872 sunt
235 806 390 878 redditae,
413 826 489 890 quas
512 802 643 867 dederas
664 803 824 868 Demetrio
847 802 960 868 liberto
982 802 1063 888 prid.
1083 802 1167 876 Kal,
1191 806 1224 868 iu
1241 804 1354 891 quibus
1369 806 1488 870 multaa

142 901 310 986 sapienter,
334 898 389 963 sed
412 907 514 961 tamen
537 897 623 970 talia,
647 895 911 982 quemadmodum
935 906 998 961 tute
1021 897 1195 972 scribebas,
1220 908 1254 963 ut
1275 920 1367 963 omne
1389 920 1461 964 con-

142 994 244 1058 silium
276 994 308 1057 in
335 991 459 1056 lortuna
487 991 623 1074 positum
656 990 824 1055 videretur.
884 993 991 1076 ltaque
1013 990 1061 1054 bis
1084 989 1240 1056 derebus
1263 1012 1302 1055 cr
1324 991 1465 1078 tempore

141 1098 172 1152 et
201 1107 316 1151 coram.
360 1091 390 1148 9.
418 1089 464 1148 De
490 1083 655 1148 Buthrotio
684 1085 825 1168 negotio,
864 1085 981 1148 utinam
1008 1083 1135 1169 quidem
1161 1086 1330 1149 Antonium
1353 1105 1465 1150 conve-

141 1181 239 1245 niaml
273 1180 402 1244 Multum
433 1178 575 1262 proiecto
604 1176 775 1263 proficiam.
830 1177 891 1242 Sed
920 1198 983 1241 non
1013 1176 1204 1242 arbitrantur
1225 1198 1298 1242 eum
1320 1200 1337 1242 a
1361 1183 1464 1265 Capua

141 1274 383 1349 declinaturum;
420 1291 483 1358 quo
507 1271 651 1358 quidem,
685 1281 806 1343 metuo,
834 1291 873 1335 ne
895 1291 1008 1354 magno
1030 1269 1077 1334 rei
1100 1271 1242 1356 publicae
1265 1272 1347 1336 malo
1370 1293 1502 1337 vene-ro

140 1368 191 1431 rit.
236 1365 327 1443 Quod
358 1365 440 1429 idem
468 1369 502 1429 L.
534 1365 656 1430 Caesari
699 1362 878 1438 videbatur,
918 1385 1010 1450 quern
1040 1364 1141 1448 pridie
1170 1366 1298 1450 Neapoli
1320 1365 1464 1430 allectum

140 1461 279 1545 graviter
301 1458 450 1523 videram.
495 1458 708 1533 Quamobrem
731 1458 789 1522 ista
813 1457 904 1521 nobis
926 1457 965 1521 ad
986 1457 1053 1522 llal.
1076 1461 1143 1522 lun.
1167 1460 1324 1522 tractanda
1348 1468 1379 1521 et
1394 1479 1464 1542 per-

140 1553 271 1617 ficienda
294 1562 375 1617 sunt.
419 1550 479 1616 Sed
503 1552 660 1616 hactonus.
704 1557 733 1615 3.
768 1553 806 1629 Q.
836 1551 917 1615 lilius
945 1551 982 1615 ad
1006 1560 1124 1637 patrem
1148 1550 1363 1616 acerbissimas
1385 1552 1464 1616 litte-

140 1668 191 1712 ras
224 1647 323 1720 misit,
361 1667 440 1732 quae
476 1655 547 1710 sunt
575 1646 605 1709 ei
641 1646 801 1719 redditae,
838 1666 909 1709 cum
939 1646 1130 1709 venissemus
1164 1645 1196 1709 in
1224 1646 1463 1731 Pompeianum

141 1763 272 1827 quarum
296 1750 397 1805 tamen
428 1748 494 1803 crat
516 1749 624 1823 caput,
648 1739 812 1826 Aquilliam
836 1759 1002 1802 novercam
1024 1758 1087 1801 non
1111 1759 1179 1803 csso
1201 1739 1348 1803 laturum.
1403 1737 1462 1802 Sed
1477 1760 1500 1796 re

140 1835 200 1900 boc
216 1834 377 1899 tolerabile
393 1833 540 1909 lortasse;
564 1834 640 1899 illud
664 1857 757 1899 vero:
781 1854 845 1908 „se
868 1832 907 1896 ab
931 1837 1061 1898 Caesare
1084 1831 1229 1898 babuisse
1251 1833 1365 1905 omnia,
1389 1831 1464 1896 nibil

140 1938 282 2013 apatre,
317 1928 437 2013 reliqua
460 1949 586 2012 sperare
609 1927 648 1992 ab
678 1931 835 1993 Antonio''
861 1930 919 1989 -l
958 1925 1164 2011 Operditum
1189 1926 1365 1991 bomineml
1402 1923 1464 1989 Sed

138 2024 279 2107 μελήσει.
324 2025 353 2085 1.
382 2019 427 2084 Ad
449 2026 579 2085 Brutum
604 2032 762 2092 nostrum,
791 2019 829 2084 ad
852 2020 1007 2092 Cassium,
1039 2020 1075 2083 ad
1099 2018 1292 2084 Dolabellam
1316 2019 1463 2105 epistolas

140 2115 260 2200 scripsi.
313 2118 428 2179 Earum
458 2116 600 2200 exempla
624 2110 678 2179 tibi
702 2116 792 2189 misi,
830 2135 892 2178 non
920 2124 955 2177 ut
981 2112 1212 2188 deliberarem,
1246 2113 1463 2178 reddendaene

140 2217 305 2273 essent-
327 2208 417 2293 plane
439 2208 521 2272 enim
553 2209 657 2274 iudico
679 2231 747 2274 esse
774 2206 949 2272 reddendas
979 2243 1036 2280 -,
1066 2207 1119 2271 sed
1144 2206 1228 2293 quod
1251 2229 1314 2272 uon
1337 2205 1501 2277 dubito,an

140 2303 215 2387 quin
238 2310 271 2364 tu
292 2300 374 2364 idem
406 2301 640 2366 existimaturos
662 2308 713 2367 sis.
757 2307 787 2367 5.
810 2301 952 2367 Ciceroni
972 2322 1065 2374 meo,
1100 2301 1141 2365 mi
1164 2302 1283 2374 Attice,
1318 2299 1465 2385 suppedi-

140 2392 219 2458 tabis
242 2403 391 2479 quantum
413 2393 586 2468 videbitur,
618 2416 731 2481 meque
753 2393 813 2458 hoc
834 2392 890 2457 tibi
914 2415 992 2457 onus
1016 2394 1178 2478 imponere
1200 2394 1330 2480 patiere.
1375 2396 1464 2469 Quae

140 2486 242 2550 adbuc
263 2486 384 2562 iecisti,
421 2487 497 2551 mibi
520 2497 591 2552 sunt
612 2490 797 2572 gratissima.
848 2492 877 2551 6.
900 2485 1030 2552 Librum
1052 2509 1157 2551 meum
1180 2489 1266 2551 illum
1289 2491 1464 2552 ἀνέκδοτον

140 2581 295 2654 nondum,
332 2590 367 2644 ut
397 2580 500 2655 volui,
533 2582 700 2667 perpoliri.
760 2587 820 2647 lsta
842 2603 939 2653 vero,
974 2602 1054 2667 quae
1078 2589 1110 2644 tu
1132 2581 1258 2643 contexi
1280 2581 1342 2653 vis,
1380 2579 1464 2645 aliud

140 2673 297 2759 quoddam
313 2684 490 2759 separatum
507 2675 650 2739 volumen
668 2684 857 2761 exspectant.
895 2679 961 2759 Ego
978 2684 1079 2739 autem
1093 2710 1133 2719 —
1153 2672 1262 2737 credas
1278 2673 1354 2738 mibi
1367 2674 1460 2737 velim
1473 2687 1501 2730 2³

141 2803 180 2814 -
203 2767 325 2831 minore
353 2767 495 2853 periculo
524 2768 669 2833 existimo
702 2779 810 2834 contra
840 2768 907 2833 illas
937 2768 1070 2832 nelarias
1099 2776 1203 2852 partes
1232 2766 1304 2830 vivo
1333 2778 1464 2853 tyranno

140 2860 201 2926 dici
234 2861 374 2946 potuisse
402 2882 496 2946 quam
525 2870 660 2927 mortuo.
719 2864 774 2928 llle
807 2864 889 2928 enim
919 2863 1026 2927 nescio
1056 2882 1119 2947 qno
1149 2871 1239 2946 pacto
1274 2860 1394 2924 serebat
1415 2881 1465 2924 me

140 2954 266 3042 quidem
289 2953 489 3033 mirabiliter;
512 2975 610 3029 nunc,
634 2977 819 3044 quacunque
841 2976 898 3020 nos
921 2955 1162 3026 commovimus,
1186 2953 1223 3017 ad
1247 2953 1387 3018 Caesaris
1402 2974 1465 3017 non

141 3049 235 3113 modo
268 3059 334 3113 acta
367 3070 476 3114 verum
510 3050 604 3113 etiam
640 3050 773 3135 cogitata
802 3069 999 3115 revocamur.
1049 3053 1094 3112 De
1117 3053 1280 3123 lllontano,
1317 3047 1464 3134 quoniam

142 3141 277 3207 Flamma
298 3143 402 3217 venit,
425 3141 555 3208 videbis.
599 3148 677 3208 Puto
700 3166 768 3208 rem
791 3144 921 3208 meliore
946 3141 1017 3206 loco
1040 3162 1108 3205 esse
1130 3139 1256 3205 debere.
1475 3155 1502 3194 ³⁰

781 3290 817 3348 A.

463 3407 606 3470 CICERO
628 3406 888 3470 DOLABELLAE
909 3407 994 3470 COS.
1017 3405 1091 3468 SUO
1115 3406 1145 3466 S.

230 3518 257 3578 1.
280 3515 345 3578 Etsi
376 3524 538 3581 contentus
568 3537 670 3590 cram,
703 3517 746 3581 mi
775 3514 952 3588 Dolabella,
990 3523 1041 3579 tua
1071 3514 1170 3599 gloria
1199 3514 1334 3599 satisque
1364 3535 1405 3578 ex
1428 3534 1465 3577 ea

142 3630 285 3692 magnam
311 3608 457 3673 laetitiam
480 3610 734 3696 voluptatemque
756 3609 935 3695 capiebam,
959 3617 1062 3673 tamen
1084 3629 1148 3672 non
1169 3628 1297 3693 possum
1314 3629 1377 3672 non
1392 3628 1466 3671 cou-

143 3703 222 3766 literi
246 3702 399 3766 cumulari
425 3724 474 3767 me
496 3705 634 3768 maximo
657 3702 787 3789 gaudio,
811 3702 895 3789 quod
916 3702 1011 3788 vulgo
1034 3702 1194 3766 hominnm
1218 3702 1324 3786 opinio
1347 3706 1503 3778 socium„

144 3817 192 3860 me
216 3795 374 3860 adscribat
397 3802 456 3862 tuis
477 3798 631 3866 laudibus.
688 3797 848 3861 Neminem
871 3797 1004 3862 conveni
1025 3827 1065 3839 —
1088 3795 1241 3860 convenio
1264 3807 1366 3861 autem
1389 3817 1468 3882 quo-

143 3890 218 3955 tidie
240 3890 411 3975 plurimos;
449 3902 520 3955 sunt
552 3892 635 3955 enim
663 3891 809 3977 permulti
838 3891 947 3976 optimi
976 3891 1051 3964 viri,
1090 3890 1145 3976 qui
1167 3888 1352 3954 valetudinis
1374 3909 1466 3953 causa

143 3984 174 4049 in
196 3982 273 4047 haec
294 3984 366 4048 loca
389 3984 530 4058 veniunt,
563 3996 724 4071 praeterea
755 4006 794 4048 ex
816 3985 992 4070 municipiis
1013 3984 1194 4070 frequentes
1217 3984 1382 4047 necessarii
1404 3983 1467 4047 mei

212 4137 237 4186 3.
266 4135 365 4200 Nonas]
397 4138 460 4187 Kal.
488 4139 509 4187 l.
537 4161 569 4174 -
606 4145 668 4188 nate
691 4140 723 4187 11.
752 4164 776 4173 κ
823 4142 865 4187 11.
892 4152 966 4201 quem
984 4140 1087 4202 quidem
1102 4139 1191 4201 pridie
1209 4139 1248 4199 11,
1268 4152 1344 4200 quem
1363 4138 1467 4199 quidem

144 4207 164 4255 l.
193 4233 220 4242 -
260 4207 303 4256 13.
331 4208 403 4258 Fort.
427 4208 477 4256 Sed
503 4209 565 4257 boec
592 4210 728 4258 hactenus.
766 4207 821 4258 Cir.
842 4209 900 4258 Lib.
922 4209 970 4267 11,
996 4210 1078 4266 1,1.
1115 4209 1164 4271 11ρ.
1184 4209 1236 4269 13,
1254 4208 1280 4256 6.
1317 4209 1364 4270 Ep.
1387 4209 1464 4256 131.

143 4277 169 4325 5.
190 4275 240 4326 On.
275 4302 302 4312 -
342 4277 384 4328 16.
410 4292 429 4326 o
447 4280 479 4327 11.
505 4304 538 4313 -
575 4279 642 4327 nibil
660 4278 743 4328 Mill:
769 4279 808 4327 nil
826 4293 887 4327 eum
909 4279 988 4328 Bosio
1008 4279 1038 4328 E.
1069 4301 1098 4313 -
1136 4278 1179 4328 18.
1208 4286 1232 4327 et
1251 4277 1369 4326 Canium
1387 4285 1411 4327 et
1430 4278 1466 4325 ad

145 4345 308 4394 Dolabellam
327 4347 348 4395 l.
369 4375 400 4384 -
438 4349 482 4398 19.
502 4361 617 4410 quorum
635 4349 657 4397 1.
677 4375 708 4384 -
745 4349 788 4398 19.
807 4345 896 4410 plone]
918 4355 947 4396 ut
962 4350 1045 4410 plano
1063 4363 1103 4411 pr.
1125 4349 1160 4399 11.
1182 4374 1213 4383 -
1250 4350 1368 4397 aedom.
1389 4349 1467 4396 11.-

143 4416 359 4466 116111οο1.
387 4443 421 4453 -
456 4418 500 4467 23.
519 4415 613 4480 meum]
632 4432 691 4467 eum
709 4418 755 4478 M,
775 4421 843 4469 onim
862 4420 907 4467 111.
930 4445 957 4455 -
997 4419 1040 4468 2-1.
1062 4420 1167 4468 conteri
1183 4415 1233 4480 ota]
1254 4419 1399 4466 connexius
1418 4414 1464 4475 M,

143 4488 265 4535 connecti
288 4490 329 4536 ota
355 4488 401 4536 111.
429 4513 459 4524 —-
495 4490 539 4539 95.
559 4485 662 4550 credas]
679 4489 780 4550 prodor
800 4504 840 4552 pr.
861 4489 908 4543 M.
934 4488 1183 4551 promicarent.
1215 4514 1246 4524 -
1282 4488 1325 4536 27.
1349 4489 1467 4550 potuim

143 4555 196 4604 dici
218 4558 249 4605 11.
276 4584 307 4593 -
343 4558 386 4607 99.
413 4560 533 4619 conitere
553 4573 682 4608 vocamur
709 4574 749 4622 pr.
775 4560 820 4619 M,
849 4560 966 4620 copitato
991 4572 1118 4607 vocamur
1145 4559 1190 4606 111.
1229 4556 1273 4619 (Ut
1301 4571 1366 4618 nos,
1393 4570 1463 4607 corr.

143 4625 190 4679 11.)
212 4651 238 4659 -
278 4629 320 4678 30.
339 4627 469 4691 Flamma}
488 4628 563 4690 [urna
581 4631 603 4679 1.
624 4650 655 4664 ·-
685 4629 728 4678 33.
748 4630 806 4678 Etsi
824 4628 887 4688 cet]
918 4629 1016 4677 Eadem
1036 4628 1154 4690 Epistola
1174 4629 1207 4677 ad
1228 4630 1301 4676 Fam.
1321 4628 1352 4686 9,
1373 4627 1415 4676 ld.
1436 4628 1465 4676 iu

144 4695 234 4744 multis
246 4699 394 4749 correctior
406 4705 505 4758 eratat3
526 4701 677 4750 notavimus
692 4701 780 4749 littera
794 4700 824 4749 1².
840 4723 871 4734 -
898 4698 940 4748 37.
961 4701 1005 4762 qui
1022 4712 1077 4747 om.
1094 4698 1154 4749 MR.
1168 4723 1201 4733 -
1221 4697 1264 4747 38.
1283 4699 1312 4745 in
1330 4698 1393 4745 aare
1407 4697 1466 4746 loco

140 4767 253 4816 veniunt
270 4770 306 4818 F:
334 4771 363 4817 tn
390 4768 430 4817 bia
456 4769 519 4818 loeta
544 4772 702 4821 conveniant
724 4771 794 4832 1111,
824 4771 855 4819 to
872 4768 935 4819 baec
952 4770 1011 4819 toea
1028 4771 1137 4819 oenum
1160 4768 1188 4827 l,
1215 4767 1382 4818 indistorta
1406 4780 1466 4817 coo·

143 4838 251 4886 renuant
270 4853 320 4890 ouo
337 4839 468 4889 arbitratu
488 4839 519 4889 ll.
