3256 5400
492 249 565 314 ua.
586 249 655 314 vll.
697 251 757 314 ΕΡ.
779 249 902 314 1111.
924 249 976 315 26.
998 251 1049 314 27.
1380 252 1439 316 121

123 407 203 490 Urge
223 402 322 491 igitur
341 423 399 468 nec
420 409 633 470 transversum
660 425 797 491 unguem
819 441 860 451 -
882 404 968 493 quod
988 406 1075 472 aiunt
1095 435 1135 451 ···
1158 428 1177 472 a
1199 406 1286 485 stilo;
1309 407 1336 471 is
1358 407 1441 471 enim

122 509 169 563 est
188 496 313 563 dicendi
334 496 452 584 opifex.
495 503 596 584 Atque
616 499 763 585 equidem
784 498 975 584 aliquantum
997 501 1060 565 iam
1082 501 1176 565 etiam
1193 501 1293 567 noctis
1304 523 1440 567 assumo.

572 640 682 704 srvi.
724 640 774 716 (A.
800 641 832 703 υ.
854 641 887 704 c.
909 638 994 722 ser.)

574 753 716 817 crunno
740 754 771 815 s.
792 754 830 815 n.
855 754 996 816 canno.

207 873 236 936 1.
272 873 350 936 Cum
370 869 524 936 decimum
550 870 611 935 iarn
632 870 715 935 diem
736 871 875 956 graviter
894 893 934 936 ex
957 871 1110 936 intestinis
1135 871 1312 938 laborarem
1335 893 1438 961 neque

123 964 178 1037 iis,
200 963 256 1051 qui
276 984 346 1028 mea
367 985 464 1051 opera
488 964 533 1029 uti
555 963 716 1039 volebant,
739 987 789 1030 me
806 964 975 1052 probarem
996 986 1059 1030 non
1080 966 1201 1040 valere,
1223 968 1296 1053 quia
1324 966 1438 1032 febrim

123 1079 186 1123 non
208 1056 371 1132 baberem,
394 1056 460 1142 lugi
480 1056 513 1122 in
533 1059 756 1134 Tusculanum,
779 1080 851 1124 curn
872 1058 997 1145 quidem
1016 1057 1146 1124 biduum
1161 1060 1203 1125 ita
1224 1061 1348 1126 ieiunus
1367 1061 1443 1128 luis·

123 1172 206 1226 sem,
228 1162 264 1217 ut
277 1171 316 1216 ne
338 1171 450 1238 aquam
465 1150 591 1237 quidem
611 1160 779 1235 gustarem.
822 1156 931 1237 ltaque
949 1152 1109 1217 conlectus
1134 1153 1284 1238 languore
1307 1163 1338 1220 et
1360 1155 1442 1220 lame

124 1243 221 1329 magis
240 1256 329 1309 tuum
354 1244 491 1309 officium
512 1243 703 1317 desideravi,
732 1267 827 1332 quam
844 1266 863 1310 a
882 1254 912 1310 te
931 1246 1052 1333 requiri
1076 1245 1184 1333 putavi
1205 1268 1320 1312 meum.
1373 1251 1440 1332 Ego

124 1348 227 1405 antem
245 1358 317 1403 cum
341 1357 449 1402 omnes
477 1337 606 1403 morbos
634 1339 824 1412 reformido,
861 1350 927 1406 tum
955 1360 1019 1426 quo
1044 1339 1214 1424 Epicurum
1232 1349 1321 1405 tuum
1343 1339 1440 1405 Stoici
1454 1350 1480 1394 ¹⁰

124 1432 204 1497 male
223 1431 394 1518 accipiunt,
417 1430 491 1517 quia
511 1431 593 1496 dicat
611 1433 854 1520 στραγγουρικὰ
877 1445 933 1499 καὶ
954 1433 1161 1516 δυσεντερικὰ
1183 1434 1272 1511 πάδη
1296 1431 1355 1497 sibi
1375 1452 1443 1496 mo-

124 1526 200 1591 lesta
217 1545 306 1600 esse,
329 1545 464 1612 quorum
479 1524 611 1590 alterum
630 1525 776 1591 morbum
791 1526 948 1592 edacitatis
966 1548 1035 1591 esse
1049 1534 1172 1612 putant,
1195 1525 1327 1591 alterum
1346 1526 1441 1590 etiam

124 1616 275 1704 turpioris
296 1617 560 1704 intemperantiae.
615 1622 694 1684 Sane
720 1626 922 1707 δυσεντερίαι
943 1621 1176 1707 pertimueram.
1230 1617 1291 1683 Sed
1312 1618 1378 1683 visa
1396 1624 1444 1681 cst

124 1711 201 1777 mibi
220 1711 271 1776 vel
295 1710 357 1775 loci
383 1711 512 1776 mutatio
541 1712 590 1776 vel
615 1712 709 1778 animi
735 1713 829 1779 etiam
859 1715 1012 1780 relaxatio
1041 1713 1090 1778 vel
1118 1712 1185 1799 ipsa
1218 1710 1351 1776 sortasse
1379 1709 1444 1777 iam

124 1804 316 1870 senescentis
335 1804 437 1869 morbi
456 1805 600 1871 remissio
622 1807 787 1891 proluisse.
830 1812 861 1873 2.
883 1812 1041 1881 Attamen,
1063 1827 1103 1870 nc
1124 1805 1259 1878 mirere,
1282 1803 1366 1868 unde
1385 1803 1445 1869 boc
1455 1816 1482 1862 ¹⁸

124 1897 274 1963 acciderit
287 1897 487 1985 quomodove
503 1899 730 1965 commiserim:
752 1900 805 1965 lex
820 1901 1028 1986 sumptuaria,
1051 1919 1130 1986 quae
1145 1897 1271 1962 videtur
1292 1897 1442 1976 λιτότητα

125 1990 279 2065 attulisse,
310 2012 347 2054 ea
370 1990 445 2055 mibi
465 1990 569 2056 fraudi
590 1991 658 2057 luit.
712 1998 808 2069 Nam,
845 1995 919 2060 durn
945 1995 1053 2060 volunt
1072 1993 1123 2058 isli
1151 1992 1227 2056 lauti
1251 1998 1335 2054 terra
1356 1999 1444 2064 nata,

124 2103 206 2170 qnae
226 2082 295 2168 lege
319 2095 448 2169 excepta
470 2095 559 2157 sunt,
596 2084 628 2149 in
653 2084 806 2152 bonorem
828 2087 1000 2161 adducere,
1030 2086 1157 2170 fungos,
1181 2083 1349 2156 belvellas,
1372 2082 1444 2146 ber·

126 2174 181 2242 bas
204 2197 313 2241 omnes
332 2176 374 2240 ita
398 2176 563 2251 condiunt,
596 2185 631 2242 ul
653 2178 730 2243 nibil
750 2181 848 2264 possit
873 2201 941 2245 esse
965 2179 1102 2244 suavius
1144 2182 1180 2242 In
1206 2198 1257 2240 eas
1276 2197 1348 2240 cum
1369 2173 1447 2239 inci·

126 2270 239 2335 dissem
262 2269 295 2334 in
315 2289 413 2333 coena
439 2269 580 2354 augurali
605 2271 688 2356 apud
709 2273 895 2348 Lentulum,
928 2280 1009 2336 tanta
1031 2293 1080 2336 me
1103 2271 1264 2355 διάρροια
1290 2266 1483 2352 arripuit,to

126 2374 160 2429 ut
180 2363 274 2429 hodie
293 2363 430 2449 primum
453 2363 596 2428 videatur
624 2371 765 2452 coepisse
789 2367 970 2432 consistere.
1012 2370 1057 2430 lta
1082 2385 1158 2449 ego,
1181 2364 1236 2450 qui
1258 2383 1307 2427 me
1330 2359 1444 2426 ostreis

127 2466 158 2521 et
179 2456 338 2522 muraenis
362 2455 453 2521 facilc
473 2455 684 2532 abstinebam,
707 2481 725 2523 a
744 2455 817 2525 beta
839 2468 870 2524 et
895 2481 913 2525 a
934 2459 1034 2524 malva
1058 2457 1206 2544 deceptus
1232 2477 1312 2520 sum.
1355 2457 1444 2518 Post·

127 2550 185 2615 bac
206 2549 301 2636 igitur
318 2549 435 2614 erimus
458 2550 623 2614 cautiores.
666 2556 712 2617 Tu
727 2563 851 2627 tamen,
873 2573 943 2617 cum
959 2550 1098 2615 audisses
1121 2548 1160 2614 ab
1185 2548 1351 2615 Anicio-
1365 2543 1446 2609 vidit

128 2642 209 2708 enim
232 2664 281 2707 me
301 2652 501 2708 nauseantem
523 2679 580 2718 -,
604 2666 666 2709 non
687 2646 783 2712 modo
807 2645 947 2710 mittendi
966 2664 1090 2708 causam
1109 2642 1222 2707 iustam
1241 2637 1377 2704 habuisti
1389 2634 1444 2702 sed

127 2735 219 2801 etiam
242 2737 373 2803 visendi.
425 2742 492 2822 Ego
517 2737 569 2802 bic
586 2738 690 2823 cogito
713 2739 923 2813 commorari,
946 2736 1049 2825 quoad
1071 2758 1121 2801 me
1143 2733 1296 2807 reficiam,
1319 2752 1389 2796 nam
1412 2738 1484 2795 etro

128 2829 211 2894 vires
235 2839 266 2895 et
288 2852 404 2916 corpus
431 2832 531 2896 amisi.
585 2832 666 2907 Sed,
695 2833 722 2897 si
750 2832 897 2898 morbum
922 2832 1092 2920 depulero,
1128 2829 1237 2904 facile,
1273 2836 1308 2892 ut
1330 2844 1445 2911 spero,

128 2923 180 2988 illa
200 2924 369 2991 revocabo.
959 2964 962 2973 ·

567 3068 693 3130 mvn.
736 3066 787 3146 (A.
813 3069 845 3131 υ.
868 3069 899 3132 c.
922 3034 1008 3144 ios.)

547 3182 588 3243 ιι.
611 3180 752 3244 cremo
776 3183 807 3244 s.
828 3183 866 3244 n.
890 3178 1031 3244 euro.

212 3299 241 3363 1.
262 3295 383 3372 Miror,
415 3319 473 3364 cur
494 3319 543 3362 me
563 3320 706 3373 accuses,
742 3320 813 3364 cum
837 3298 893 3366 tibi
915 3297 948 3363 id
970 3297 1074 3362 lacere
1095 3315 1159 3359 non
1180 3293 1281 3358 liceat.
1325 3290 1486 3369 Quodsiao

128 3387 255 3465 liceret,
277 3399 379 3455 tamen
402 3412 466 3456 nou
489 3391 635 3458 debebas.
692 3396 785 3477 „Ego
807 3393 890 3456 euim
911 3403 942 3458 te
964 3390 997 3455 in
1020 3388 1182 3455 consulatu
1204 3384 1448 3450 observaram2”

129 3490 160 3546 et
182 3481 228 3548 ais
256 3482 342 3557 lore,
375 3493 411 3549 ut
433 3494 463 3549 te
494 3489 608 3551 Caesar
637 3485 788 3550 restituat
844 3486 940 3553 Multa
965 3491 999 3548 tu
1026 3481 1153 3568 quidem
1177 3479 1273 3551 dicis,
1307 3476 1363 3542 sed
1392 3474 1449 3540 tibi

130 3595 221 3641 nemo
243 3576 350 3642 credit.
395 3578 598 3644 Tribunatum
614 3578 717 3665 plebei
736 3577 813 3642 dicis
828 3588 858 3642 te
872 3597 942 3641 mea
956 3597 1048 3641 causa
1062 3573 1186 3661 petisse.
1230 3572 1351 3638 Utinam
1367 3592 1447 3636 sem·

128 3689 185 3754 per
216 3690 301 3735 esses
327 3669 484 3736 tribunusl
518 3673 758 3737 intercessorem
783 3692 846 3736 non
877 3690 1053 3756 quaereres.
1097 3673 1196 3752 Negas
1227 3687 1277 3729 me
1312 3663 1447 3737 audere,

130 3760 213 3849 quod
239 3767 389 3837 sentiam,
419 3763 540 3830 dicere:
565 3765 654 3851 quasi
679 3764 755 3840 tibi,
777 3785 848 3830 cum
869 3762 1068 3849 impudenter
1092 3782 1142 3825 me
1168 3780 1314 3844 rogares,
1336 3776 1488 3844 paramus

129 3853 254 3921 fortiter
279 3856 508 3942 responderim.
551 3863 581 3924 2.
603 3863 688 3924 llaec
711 3857 766 3923 tibi
792 3857 923 3943 scripsi,
958 3864 993 3922 ut
1014 3856 1075 3920 isto
1098 3855 1167 3941 ipso
1189 3853 1222 3918 in
1248 3871 1379 3937 genere,
1416 3847 1449 3912 in

130 3968 193 4034 quo
223 3947 341 4033 aliquid
372 3971 465 4036 posse
502 3951 565 4028 vis,
599 3960 629 4017 te
658 3952 734 4016 nihil
763 3973 831 4015 esse
863 3971 1080 4035 cognosceres.
1124 3947 1244 4026 Quodsi
1271 3943 1450 4009 humaniter

130 4060 252 4106 mecum
273 4052 402 4126 questus
424 4065 526 4119 esses,
562 4044 697 4110 libenter
721 4043 779 4110 tibi
805 4065 855 4109 me
881 4051 912 4107 et
930 4042 1020 4107 lacile
1042 4061 1241 4128 purgassem;
1278 4060 1342 4103 non
1367 4036 1451 4100 enim

131 4132 249 4217 ingrata
274 4136 350 4200 mibi
366 4146 456 4212 sunt,
479 4160 559 4224 quae
581 4138 698 4213 iecisti,
720 4137 776 4203 sed
798 4159 877 4224 quae
895 4136 1061 4222 scripsisti,
1084 4136 1224 4200 molesta.
1268 4137 1318 4197 Me
1335 4139 1450 4203 autem,

132 4238 259 4314 propter
277 4250 372 4314 quem
397 4231 493 4295 ceteri
521 4231 614 4297 liberi
631 4242 719 4307 sunt,
741 4230 797 4296 tibi
821 4230 956 4295 liberum
985 4250 1047 4294 non
1070 4229 1172 4293 visum
1198 4226 1355 4300 demir0r;
1377 4244 1450 4287 nam
1460 4245 1489 4286 ιιι

131 4317 157 4383 si
183 4318 258 4385 falsa
278 4321 422 4398 luerunt,
445 4346 526 4410 quac
546 4334 579 4389 tu
600 4324 638 4389 ad
659 4345 724 4398 me,
746 4333 782 4389 ut
804 4323 867 4398 ais,
890 4322 1044 4395 detulisti,
1067 4321 1144 4409 quid
1169 4318 1225 4385 tibi
1248 4338 1308 4401 ego
1326 4313 1450 4381 dcbeot

131 4410 157 4475 si
177 4433 268 4488 vera,
290 4424 324 4479 tu
347 4436 380 4481 es
402 4417 539 4502 optimus
560 4417 660 4493 testis,
683 4418 759 4504 quid
779 4417 856 4482 mibi
876 4416 1011 4502 populus
1033 4421 1190 4481 Romanus
1212 4409 1336 4476 debeat.

204 4594 232 4644 ll.
252 4609 270 4645 a
286 4595 332 4647 ld:
352 4598 398 4647 aba
419 4598 448 4647 ll.
470 4624 501 4636 -
527 4600 570 4649 lt).
590 4606 645 4648 tum
661 4612 712 4662 qno
730 4598 885 4648 Manutius:
906 4604 960 4646 tem
978 4596 1047 4659 quod
1065 4595 1136 4652 llll,
1156 4601 1211 4644 tum
1228 4594 1257 4641 ιἰι
1274 4605 1325 4656 quo
1344 4591 1450 4652 Repett.

133 4667 229 4718 bamb.
255 4691 290 4700 -
329 4669 372 4717 11.
402 4666 621 4736 στραγγουρικὰ
647 4668 784 4720 Orellius:
816 4681 959 4738 γγουριιτα
988 4665 1029 4725 M,
1049 4661 1211 4733 δυσουρικὰ
1230 4662 1261 4711 E.
1284 4684 1313 4695 -
1352 4661 1394 4710 15.
1420 4671 1452 4710 συ

133 4745 219 4790 tm
236 4738 273 4788 11.
292 4761 325 4770 -
363 4738 406 4788 lb.
436 4740 509 4788 Fert.
537 4739 683 4788 uidebatur.
702 4737 754 4788 Οι.
781 4763 813 4773 -
854 4738 999 4801 λειστητα.
1027 4734 1065 4784 11.
1091 4759 1122 4770 -
1161 4733 1203 4782 18.
1223 4730 1345 4780 bduettor
1364 4729 1394 4779 B.
1419 4751 1454 4766 ··-

134 4809 178 4859 20.
198 4808 324 4875 διαγργα
343 4807 379 4857 11.
408 4830 438 4845 -
474 4809 518 4858 21).
547 4807 695 4858 6σ11ο11ι
726 4807 765 4858 M.
792 4807 875 4857 Fabio
906 4805 982 4855 eodo
1007 4804 1038 4854 11.
1072 4827 1102 4840 -
1139 4802 1184 4854 33.
1211 4802 1343 4851 tribunam
1360 4798 1400 4849 11.
1419 4820 1453 4836 -

133 4877 177 4929 ld.
196 4880 239 4928 τιίι
256 4878 414 4928 Lambinus.
436 4900 464 4915 ·-
501 4879 564 4947 preld
582 4890 637 4927 om.
658 4877 695 4927 11.
