3256 5400
207 237 269 299 842
657 234 716 297 BP.
736 235 789 296 al)
812 233 851 309 Q.
872 235 1056 298 FRATREM

205 413 344 480 pugnas,
366 412 460 477 quem
481 412 558 457 uero
579 391 681 475 ipsum
703 390 924 478 imperatorem
945 388 1058 455 babeat
1100 393 1167 475 Ego
1189 399 1220 455 te
1240 389 1391 464 libenter,
1413 401 1449 457 ut
1469 412 1523 457 ro.

204 508 274 572 gas,
297 484 411 573 quibus
432 482 527 549 rebus
548 483 610 558 vis.
632 483 802 560 adiuvabo,
825 495 856 550 et
879 482 935 549 tibi
957 505 1085 557 versus,
1105 505 1186 570 quos
1206 504 1314 570 rogas,
1336 491 1448 571 γλαῦκ’
1478 497 1523 564 εἰς

203 581 347 660 Ἀθήνας
375 579 505 644 mittam.
556 579 767 645 asenneus
796 589 846 653 tu,
875 579 970 644 celari
996 578 1109 645 videor
1128 599 1146 645 a
1167 588 1209 644 te.
1263 581 1522 658 Quomodonam.

205 675 249 740 mi
270 676 384 749 irater,
411 672 451 738 de
478 673 592 738 uostris
614 672 756 739 versibus
778 677 912 740 Caesar?
953 677 1029 738 Nam
1058 673 1195 758 primum
1215 671 1331 739 librum
1353 675 1522 761 selegisse

182 767 331 853 ascripsit
358 763 398 832 ad
425 787 476 831 mc
497 775 583 841 ante;
613 775 644 830 et
664 768 765 854 prima
787 773 847 841 sic,
875 777 912 832 ut
932 778 1024 852 neget
1045 788 1080 832 se
1101 787 1141 832 ne
1163 772 1281 833 Graeca
1308 766 1435 856 quidem
1457 789 1523 834 me

206 861 285 927 liora
305 859 428 945 legisse.
471 859 602 945 Reliqua
622 858 661 924 ad
682 861 836 947 quendam
858 862 960 927 locum
977 864 1196 946 ῥᾳθυμότερα.
1238 865 1306 928 Hoc
1327 862 1409 926 enim
1424 861 1523 927 utitur

206 953 315 1019 verbo.
358 957 414 1019 llic
435 954 511 1019 mihi
531 975 658 1028 verum,
680 976 756 1019 uum
776 964 830 1020 aut
850 976 902 1020 res
923 975 995 1020 eum
1018 965 1071 1020 aut
1091 957 1260 1040 χαρακτήρ
1283 976 1345 1020 non
1367 953 1523 1020 delectat?

206 1048 286 1113 Nihil
309 1058 374 1123 est,
402 1047 487 1134 quod
517 1068 655 1112 vertare.
711 1052 778 1133 Ego
805 1047 888 1112 enim
916 1068 955 1112 nc
980 1049 1045 1134 pilo
1074 1048 1201 1135 quidem
1222 1051 1324 1116 minus
1345 1060 1376 1115 te
1398 1049 1522 1117 amabo.

207 1145 271 1206 Hac
292 1141 331 1206 de
352 1162 388 1206 re
411 1144 597 1224 φιλαλήθως
619 1151 664 1216 et,
687 1151 722 1206 ut
742 1141 839 1216 soles,
862 1140 964 1206 scribe
984 1142 1130 1208 lraternc.

761 1383 810 1391 μ...
818 1383 914 1390 ........-.,..
946 1385 960 1392 -

737 1618 885 1677 LIBER
914 1617 983 1676 111.

782 1787 947 1795 ...Φ-..-

171 1928 195 1961 n
693 1916 719 1977 1.
763 1913 811 1993 (a,
838 1916 869 1977 a.
892 1915 923 1978 c.
947 1913 1030 1991 mo.)

650 2038 803 2102 mancus
826 2037 864 2112 Q.
885 2038 1027 2101 annunt
1048 2038 1080 2100 s,

205 2174 227 2239 1
252 2173 278 2234 1.
302 2149 384 2251 Ego
411 2189 450 2231 ex
472 2166 591 2251 magnis
612 2165 768 2233 caloribus
790 2201 829 2212 —
852 2187 914 2231 non
941 2166 1024 2231 enim
1049 2166 1247 2233 meminimus
1269 2169 1404 2235 maiores
1426 2205 1465 2220 -
1487 2172 1519 2237 iu

205 2262 344 2348 Arpinati
375 2282 493 2326 summa
526 2281 597 2324 cum
628 2260 813 2325 amoenitate
843 2258 977 2325 fluminis
1010 2281 1061 2324 me
1088 2260 1184 2325 refeci
1215 2261 1362 2328 ludorum
1391 2262 1519 2341 diebus,

205 2355 370 2420 Philotimo
392 2353 558 2419 tribulibus
586 2353 818 2419 commendatis.
872 2357 906 2417 lu
928 2358 1050 2417 Arcano
1071 2373 1098 2416 a.
1121 2353 1152 2420 d.
1174 2373 1241 2420 1111.
1263 2354 1335 2420 ldus
1357 2360 1442 2444 Sept.
1463 2359 1519 2425 tui.

171 2448 252 2514 ulbi
273 2448 452 2514 Messidium
475 2468 545 2512 cum
567 2447 757 2521 Philoxeno,
779 2466 969 2532 aquamque,
999 2467 1092 2532 quam
1114 2447 1146 2512 hi
1168 2446 1321 2513 ducebant
1341 2471 1405 2515 nou
1427 2451 1521 2538 longe

205 2543 331 2615 anilla,
360 2541 440 2606 belle
468 2562 541 2606 sane
568 2540 714 2606 liuentem
743 2539 821 2614 vidi,
850 2540 1034 2625 praesertim
1056 2542 1192 2606 maxima
1213 2542 1363 2620 siccitate;
1392 2542 1521 2610 uberio-

204 2655 333 2721 remque
360 2634 517 2719 aliquanto
543 2654 611 2698 sese
642 2633 829 2698 collecturos
857 2654 925 2697 esse
956 2632 1108 2698 dicebant.
1163 2634 1253 2721 Apud
1284 2636 1403 2701 Herum
1434 2649 1520 2704 recte

205 2739 281 2793 erat.
324 2733 359 2793 ln
381 2726 547 2793 Maniliano
569 2726 686 2791 ollandi
708 2726 867 2810 Diphilum
888 2726 1013 2811 Diphilo
1036 2726 1214 2793 tardiorem.
1265 2728 1326 2793 Sed
1348 2740 1451 2795 tamen
1474 2732 1521 2797 ni·

204 2822 247 2887 hil
275 2822 302 2885 ei
330 2819 465 2886 restabat
493 2832 617 2904 praeter
645 2819 802 2885 balnearia
833 2829 864 2884 et
891 2819 1130 2885 ambulationem
1161 2833 1192 2886 et
1219 2822 1381 2888 aviarium.
1439 2826 1519 2890 Villa

165 2915 282 2980 mmihi
303 2915 392 2980 valde
414 2915 543 3001 placuit,
565 2925 732 3002 propterea
754 2911 839 3000 quod
860 2934 1011 2979 summam
1034 2913 1211 2998 dignitatem
1227 2917 1431 3001 pavimentata
1447 2938 1521 3004 por-

203 3010 282 3074 ticus
309 3008 455 3086 habebat;
487 3008 571 3094 quod
597 3008 674 3073 mihi
702 3029 784 3072 nunc
810 3007 945 3093 denique
971 3009 1129 3093 apparuit,
1160 3021 1360 3096 posteaquam
1393 3020 1424 3075 et
1452 3013 1520 3098 ipsa

204 3113 267 3169 tota
290 3112 373 3189 patet
394 3113 425 3166 et
446 3103 607 3167 columnae
629 3102 743 3188 politae
766 3111 847 3169 suut.
891 3106 1001 3166 Totum
1023 3101 1055 3165 in
1077 3121 1116 3166 eo
1138 3113 1230 3166 est-
1252 3102 1337 3189 quod
1358 3104 1433 3169 mihi
1458 3105 1520 3170 erit

203 3217 297 3261 curae
319 3227 376 3269 -‚
404 3194 569 3260 tectorium
597 3204 632 3261 ut
659 3196 844 3261 concinnum
871 3194 919 3259 sit.
971 3196 1147 3259 Pavimcnta
1176 3206 1260 3261 recte
1282 3195 1350 3260 lieri
1372 3196 1520 3263 videban-

203 3298 264 3354 tur.
321 3292 465 3354 Cameras
493 3288 641 3374 quasdam
663 3309 725 3353 non
749 3287 881 3375 probavi
901 3288 1077 3374 mutarique
1101 3289 1186 3354 iussi.
1243 3294 1272 3357 2.
1302 3293 1373 3367 Quo
1396 3291 1466 3357 loco
1488 3292 1519 3358 iu

166 3397 193 3440 aa
202 3383 325 3469 porticu
348 3391 378 3446 te
400 3381 537 3447 scribere
559 3382 644 3447 aiunt
664 3392 698 3446 ut
720 3383 864 3448 atriolum
887 3381 953 3455 liat,
982 3382 1074 3457 mihi,
1104 3391 1225 3457 alost,
1248 3384 1346 3468 magis
1368 3384 1519 3469 placebat.

201 3481 308 3562 Neque
336 3476 419 3540 enim
448 3476 520 3540 satis
547 3475 608 3541 loci
630 3474 793 3541 videbatur
820 3496 888 3540 csse
908 3476 1037 3553 atriolo;
1071 3496 1172 3561 neque
1201 3475 1269 3539 lere
1297 3477 1377 3541 solet
1405 3478 1465 3542 uisi
1488 3479 1519 3543 ia

201 3569 240 3634 iis
261 3569 411 3634 aedificiis
438 3568 522 3642 lieri,
551 3569 717 3656 inquibus
746 3579 793 3634 est
814 3569 926 3633 atrium
948 3569 1065 3646 maius;
1093 3589 1150 3633 uec
1178 3567 1292 3633 habere
1321 3580 1444 3655 poterat
1465 3571 1520 3636 ad·

201 3664 305 3727 iuncta
326 3663 469 3728 cubicula
491 3672 521 3727 et
544 3663 696 3729 eiusmodi
720 3662 868 3728 membra.
911 3663 1038 3743 †Nunc
1057 3662 1117 3727 hoc
1138 3663 1186 3728 vel
1208 3663 1369 3728 honestate
1391 3663 1519 3729 testudi-

201 3757 250 3820 nis
271 3758 321 3822 vel
343 3757 433 3822 valde
454 3756 528 3822 boni
549 3759 698 3822 aestivum
721 3757 822 3822 locum
844 3755 1007 3821 obtinebit.
1055 3762 1101 3822 Tu
1123 3758 1272 3822 tamensi
1294 3758 1384 3822 aliter
1405 3757 1518 3832 sentis,

165 3849 340 3914 proscribe
369 3873 462 3937 quam
490 3851 636 3936 primum.
679 3855 714 3915 lu
736 3849 902 3916 balneariis
929 3872 997 3916 assa
1020 3851 1051 3915 in
1073 3853 1204 3916 alterum
1226 3851 1399 3940 apodyterii
1421 3870 1518 3935 angu-

271 4036 297 4084 2.
317 4032 352 4097 et]
372 4042 400 4085 ut
419 4035 441 4085 1.
465 4060 493 4071 -
527 4047 621 4099 ropac:
639 4035 686 4084 ltoc
703 4035 861 4084 ettdtheaat
877 4042 999 4083 noctuam
1016 4036 1120 4083 mittam
1139 4034 1206 4094 1111,
1226 4048 1305 4098 rapas
1323 4033 1456 4097 (spatium
1475 4047 1519 4082 va·

201 4103 300 4165 cuum)
326 4113 450 4155 aocttmm
468 4107 573 4153 mittam
592 4105 613 4152 1.
642 4125 672 4138 -
707 4103 735 4153 d.
754 4100 949 4165 mtlmtchthl.
981 4130 1010 4139 —
1049 4105 1076 4154 6.
1095 4104 1234 4152 utimarl.
1259 4127 1288 4139 -
1325 4104 1351 4152 8.
1372 4112 1396 4154 te
1414 4104 1517 4154 Aldus:

199 4188 239 4224 me
257 4189 318 4224 cum
338 4175 414 4225 libris
434 4175 501 4225 11111.
534 4198 565 4209 -
600 4175 626 4224 a.
646 4174 756 4223 scribere
779 4174 816 4223 ld.
845 4171 1025 4240 (φιλαλήθως
1046 4211 1052 4223 .
1071 4181 1100 4222 at
1118 4181 1147 4223 tu
1164 4174 1229 4223 soles
1246 4174 1355 4223 anthera
1372 4174 1411 4229 R.
1439 4189 1471 4224 cc
1487 4174 1519 4224 ds

200 4258 227 4295 re
246 4242 379 4307 [spatium
399 4240 527 4306 vacuum]
556 4251 584 4293 at
602 4243 666 4293 soles
684 4245 764 4293 scribe
781 4243 822 4302 1.)
853 4268 885 4278 -
921 4245 963 4292 16.
983 4240 1059 4306 cam}
1089 4243 1199 4292 Videtur
1226 4245 1377 4292 membrum
1403 4244 1518 4294 alterum

199 4321 254 4364 tam
272 4321 324 4364 cet.
344 4316 483 4365 excidisse.
520 4315 591 4365 Fort.
611 4311 659 4376 (er
681 4313 762 4374 haga.
781 4315 814 4373 2,
834 4310 872 4372 1.)
892 4314 1045 4362 addendum
1063 4319 1104 4362 est
1121 4320 1177 4362 tum
1194 4313 1359 4364 salubritate.
1396 4313 1465 4366 Eun.
1485 4339 1518 4351 -

199 4384 242 4434 15.
264 4384 303 4434 lbt
319 4387 349 4434 ia
366 4386 493 4435 cenidium
510 4384 555 4443 dl,
575 4384 614 4434 ldt'
632 4384 779 4434 Mescidium
796 4384 828 4442 11,
848 4383 888 4431 ttt
905 4384 1058 4432 Mescidium
1075 4383 1098 4433 l.
1120 4407 1150 4418 -
1170 4384 1197 4431 ht
1214 4383 1253 4432 li:
1273 4385 1293 4431 t'a'
1311 4384 1384 4435 111111.
1404 4409 1438 4417 -
1473 4383 1517 4434 ta.

199 4453 347 4505 malliano
366 4456 444 4505 hllil:
477 4455 615 4504 Manliana
632 4454 662 4502 R.
684 4478 711 4490 -
750 4454 793 4503 20.
810 4455 962 4516 pavimenta
977 4456 1093 4515 porticus
1111 4453 1238 4502 habehant
1256 4453 1287 4503 a.
1318 4479 1352 4487 -
1388 4454 1432 4503 21.
1451 4466 1520 4504 nunc

199 4536 254 4574 am.
274 4525 295 4574 1.
317 4549 347 4560 -
385 4524 823 4587 temporaneumque·
859 4522 902 4570 at.
923 4523 1044 4572 Comeret
1062 4522 1138 4571 llllil:
1159 4537 1282 4572 camurae
1300 4523 1330 4573 11.
1350 4545 1381 4560 -
1417 4523 1519 4574 6661·

199 4593 309 4645 mtrem
326 4607 376 4644 erae
394 4595 491 4643 atriolo
510 4594 551 4644 hl:
571 4608 623 4644 esra
640 4593 775 4643 uidebatur
792 4592 890 4642 atriolo
908 4592 958 4650 111,
977 4593 1113 4642 radebatur
1129 4592 1227 4641 atriolo
1244 4606 1295 4642 arae
1314 4593 1345 4643 n.
1372 4616 1401 4628 -
1439 4607 1519 4656 neque

201 4676 254 4713 om.
273 4663 312 4715 hl.
329 4686 364 4698 -
380 4660 443 4728 [ere]
462 4678 514 4713 aete
532 4678 572 4727 pr.
592 4664 629 4714 11.
649 4689 682 4700 -
699 4663 742 4712 27.
761 4663 794 4711 tta
812 4662 877 4712 lta:
897 4662 935 4709 hta
955 4663 997 4711 111.
1020 4689 1046 4698 -
1068 4663 1111 4712 28.
1131 4662 1203 4712 itanc
1222 4663 1268 4710 hoc
1287 4663 1519 4712 oet-namnum

202 4732 287 4784 taut:
314 4732 386 4783 Nunc
411 4734 457 4783 hoe
483 4733 703 4784 volumtatem
727 4731 862 4783 testudinis
888 4731 927 4780 vel
950 4733 1025 4781 ualde
1048 4734 1142 4782 bonum
1165 4733 1290 4781 anticam
1310 4732 1336 4786 1,
1366 4733 1440 4781 Nune
1457 4733 1518 4782 duaa

203 4802 211 4863 (
221 4799 350 4865 porticus)
370 4802 409 4854 oet
427 4804 559 4855 tornatote
576 4803 712 4854 testudinis
729 4801 804 4852 valdo
823 4801 883 4851 boat
900 4804 992 4853 ocsttat
1010 4803 1159 4853 Schtttatur.
1180 4826 1211 4835 -
1238 4801 1280 4851 36.
1299 4817 1387 4852 astam
1405 4801 1519 4853 altem

201 4874 282 4936 apada'
298 4873 458 4939 remeantum
477 4874 498 4922 1.
