3256 5400
665 220 739 284 ult.
760 220 799 283 11.
840 220 904 286 111..
923 220 951 282 1.
1334 316 1341 330 1
1398 225 1458 287 327

145 378 322 451 Volcatius,
356 372 500 453 Glabrio;
536 385 706 461 praetores.
764 377 843 441 Sane
879 373 1057 461 frequentes
1088 375 1226 454 suimus:
1262 384 1389 444 omnino
1419 380 1458 445 ad

144 472 304 537 ducentos.
363 473 542 535 Commorat
570 470 833 556 exspectationem
858 473 973 555 Lupus.
1029 470 1100 554 Egit
1129 492 1251 536 causam
1282 473 1347 557 agri
1371 478 1458 540 Cam·

144 566 216 651 pani
248 584 321 629 sane
349 572 501 628 accurate.
557 564 687 630 Auditus
719 574 766 630 est
793 583 906 648 magno
934 562 1067 627 silentio.
1124 567 1286 630 Materiam
1316 566 1362 630 rei
1394 588 1457 630 mm

146 658 280 743 ignoras.
338 655 421 721 Nibil
452 678 492 720 ex
520 657 635 722 nostris
671 655 844 722 actionibus
876 656 1094 742 praetermisit
1150 665 1288 725 Fuerunt
1320 660 1457 725 nonnulli

144 751 244 817 aculei
277 752 309 815 in
337 754 370 816 C.
400 753 579 825 Caesarem,
617 750 821 815 contumeliae
849 750 883 814 in
911 749 1059 824 Gellium,
1097 753 1360 836 expostulationes
1388 771 1481 818 cum³

145 844 272 910 absente
292 843 452 929 Pompeio.
510 847 607 908 Causa
628 864 700 909 sero
722 854 886 929 perorata,
922 848 1087 908 sententias
1109 867 1142 909 se
1164 857 1345 931 rogaturum
1368 867 1460 931 nega-

145 939 203 1012 vit,
232 958 272 1002 ne
293 936 378 1022 quod
400 957 479 1001 onus
507 937 670 1002 simultatis
692 938 781 1002 nobis
810 938 994 1023 imponeret.
1043 942 1091 1002 Ex
1113 941 1313 1024 superiorum
1339 955 1458 1026 tempo·

146 1054 216 1097 rum
244 1030 391 1094 conviciis
421 1039 513 1093 etex
534 1031 688 1114 praesenti
711 1031 846 1104 silentio,
880 1030 955 1117 quid
977 1041 1100 1095 senatus
1122 1033 1270 1105 sentiret,
1293 1055 1327 1098 se
1349 1033 1460 1099 intelli-

146 1147 221 1212 gere
249 1122 347 1188 dixit:
384 1122 466 1189 illico
494 1129 597 1209 eoepit
624 1124 789 1190 dimittere.
846 1131 925 1190 Tum
956 1125 1152 1190 Marcellinus
1184 1127 1305 1201 „lt'0li,
1339 1128 1458 1213 inquit,

147 1242 187 1285 ex
210 1217 415 1283 tacitnmitate
437 1224 558 1290 nostra,
586 1221 689 1304 Lupe,
718 1217 791 1305 quid
814 1227 866 1283 aut
887 1216 1056 1302 probemus
1086 1218 1146 1282 boc
1168 1228 1307 1304 tempore
1329 1230 1381 1284 aut
1402 1221 1497 1285 ἱππ-11

146 1304 335 1400 prebemus,
369 1309 515 1375 iudicare.
557 1315 641 1394 Ego,
671 1311 757 1398 quod
784 1310 822 1375 ad
852 1332 902 1375 me
922 1311 1030 1374 attinet
1057 1311 1193 1396 itemque
1221 1313 1358 1378 arbitror
1378 1323 1459 1378 cete-

147 1427 216 1479 ros,
252 1403 368 1469 idcireo
392 1413 493 1478 taceo,
529 1404 614 1489 quod
635 1426 697 1470 non
719 1405 883 1478 existimo,
920 1426 990 1469 cum
1012 1404 1179 1490 Pompeius
1200 1404 1299 1478 absit,
1336 1426 1459 1470 causam

147 1499 214 1583 agri
244 1494 390 1582 Campani
427 1496 476 1581 agi
505 1499 681 1563 convenire.
691 1503 707 1527 '⁹
763 1504 841 1564 Tum
868 1496 921 1562 ille
950 1519 983 1563 se
1012 1508 1152 1564 senatum
1189 1499 1311 1584 negavit
1342 1507 1459 1563 tenere.

147 1596 177 1658 2.
199 1590 333 1657 Racilius
361 1589 500 1655 surrexit
528 1599 560 1655 et
588 1591 627 1656 de
654 1591 776 1657 iudiciis
803 1591 923 1656 referre
949 1593 1060 1678 coepit.
1102 1593 1313 1659 Marcellinum
1335 1592 1459 1679 quidem

147 1685 282 1773 primum
315 1683 447 1768 rogavit.
503 1688 532 1749 is
560 1705 630 1749 cum
659 1686 794 1771 graviter
823 1685 861 1750 de
890 1685 1045 1753 Clodianis
1076 1686 1247 1761 incendiis,
1280 1685 1498 1751 trucidatio-¹³

147 1777 254 1852 nibus,
286 1774 525 1863 lapidationibus
557 1788 683 1864 questus
715 1788 809 1852 esset,
843 1781 1024 1846 sententiam
1051 1781 1148 1855 dixit,
1184 1790 1218 1846 ut
1246 1780 1313 1865 ipse
1342 1778 1460 1843 iudices

147 1891 204 1958 per
231 1879 411 1956 praetorem
439 1868 593 1936 urbanum
622 1872 809 1951 sortiretur:
842 1873 978 1939 iudicum
1009 1874 1171 1940 sortitione
1200 1874 1300 1947 lacta,
1336 1872 1461 1938 comitia

147 1964 351 2042 haberentur;
380 1963 435 2050 qui
465 1963 579 2029 iudicia
605 1965 800 2052 impedisset,
832 1989 903 2032 eum
925 1976 1033 2032 contra
1055 1988 1122 2031 rem
1150 1967 1305 2055 publicam
1326 1988 1394 2031 esse
1416 1964 1461 2029 sa-

148 2071 280 2125 ctorum.
335 2056 513 2144 Apprebata
541 2057 630 2123 valde
658 2059 824 2135 sententia,
858 2062 891 2125 C.
921 2063 995 2126 Cato
1021 2071 1128 2125 contra
1156 2061 1236 2126 dixit
1265 2070 1296 2126 et
1322 2059 1459 2133 Cassius,

147 2153 282 2217 maxima
313 2151 532 2217 acclamatione
563 2163 709 2226 senatus,
746 2174 816 2218 cum
847 2152 974 2218 comitia
1004 2151 1127 2219 iudiciis
1157 2153 1334 2219 anteferret
1391 2153 1497 2218 Phi-¹⁰

147 2246 249 2332 lippus
270 2245 400 2310 assensit
422 2246 563 2311 Lentulo.
615 2252 645 2312 3.
667 2252 777 2312 Postea
798 2245 932 2313 Racilius
953 2245 992 2312 de
1013 2247 1141 2333 privatis
1162 2270 1213 2313 me
1234 2248 1368 2334 primum
1391 2266 1461 2309 sen-

149 2339 274 2403 tentiam
303 2337 434 2421 rogavit.
476 2339 571 2404 Multa
601 2338 660 2405 leci
687 2340 783 2406 verba
809 2339 848 2405 de
870 2350 936 2406 toto
957 2339 1067 2406 iurare
1089 2341 1313 2427 latrocinioque
1335 2345 1368 2404 P.
1391 2339 1460 2404 Clo-

147 2431 215 2510 dii;
249 2443 403 2517 tamquam
431 2453 521 2497 reum
550 2432 715 2509 accusavi,
751 2434 854 2499 multis
886 2442 918 2498 et
947 2433 1091 2499 secundis
1124 2431 1461 2498 admurmurationibus

148 2525 250 2590 cuncti
277 2528 411 2590 senatus.
461 2525 640 2591 Orationem
669 2548 769 2591 meam
797 2527 984 2592 collaudavit
1011 2532 1085 2592 satis
1111 2528 1215 2593 multis
1244 2527 1365 2599 verbis,
1398 2546 1461 2590 nen

148 2618 324 2683 mehercule
347 2617 510 2692 indiserte,
536 2625 632 2685 Vetus
658 2620 821 2698 Antistius:
850 2622 939 2706 isque
967 2620 1153 2687 iudiciorum
1182 2641 1304 2685 causam
1327 2618 1498 2702 suscepit²⁵

148 2712 454 2798 antiquissimamque
482 2733 515 2776 se
536 2711 714 2777 habiturum
735 2714 824 2780 dixit
876 2712 983 2778 lbatur
1004 2713 1036 2776 in
1058 2734 1126 2778 eam
1147 2715 1340 2778 sententiam.
1382 2717 1461 2777 Tum

149 2806 276 2872 Clodius
310 2816 436 2891 rogatus
470 2805 553 2871 diem
579 2804 711 2871 dicendo
738 2805 877 2871 eximere
907 2807 1020 2891 coepit.
1075 2806 1212 2872 Furebat
1239 2829 1257 2871 a
1284 2805 1401 2872 Racilio
1428 2825 1462 2868 se

148 2900 371 2965 contumaciter
397 2897 578 2987 urbaneque
606 2909 762 2965 vexatum.
803 2899 923 2964 Deinde
952 2900 1020 2965 eius
1041 2921 1156 2987 operae
1178 2911 1305 2986 repente
1327 2921 1345 2963 a
1368 2902 1460 2964 Grae·

148 2993 261 3059 costasi
295 3003 327 3058 et
357 2990 505 3078 gradibus
532 2994 700 3059 clamorem
728 2993 801 3059 satis
822 3015 969 3078 magnum
990 2995 1201 3066 sustulerunt,
1235 2993 1349 3079 opinor
1369 2992 1400 3056 in
1424 2994 1462 3068 Q.

150 3087 313 3152 Sextilium
334 3095 365 3150 et
385 3087 501 3151 amicos
521 3086 644 3151 Milonis
664 3086 818 3151 incitatae.
858 3090 905 3151 Eo
926 3096 1011 3153 metu
1032 3087 1163 3161 iniecto,
1184 3096 1329 3172 repente,
1351 3100 1499 3169 maqnas⁰

149 3179 344 3267 querimonia
362 3180 510 3254 omnium,
532 3179 740 3245 discessimus.
785 3177 888 3246 Habes
910 3189 977 3245 acta
998 3182 1090 3246 unius
1107 3181 1184 3259 diei;
1207 3180 1336 3267 reliqua,
1359 3188 1393 3244 ut
1414 3201 1463 3242 ar-

150 3272 264 3347 bitrer,
297 3274 328 3338 in
355 3295 493 3338 mensem
519 3277 695 3338 Ianuarium
724 3273 915 3338 reiicientur.
956 3278 1002 3339 De
1031 3272 1164 3338 tribunis
1194 3273 1235 3359 pl.
1266 3275 1357 3357 longe
1384 3270 1464 3355 opti-

149 3389 234 3432 mum
257 3368 404 3433 Racilium
429 3366 593 3432 babemus:
617 3365 740 3431 videtur
761 3366 852 3430 etiam
867 3367 1015 3432 Antistius
1036 3369 1153 3432 amicus
1175 3366 1265 3431 nobis
1286 3366 1370 3442 sore;
1392 3384 1463 3428 nam

150 3460 290 3526 Plancius
311 3471 394 3527 totus
416 3470 522 3526 noster
543 3468 598 3526 est.
642 3463 710 3532 Fac,
732 3458 758 3523 si
780 3480 830 3523 me
851 3480 946 3534 amas,
968 3470 1003 3526 ut
1024 3460 1218 3526 considerate
1238 3460 1463 3544 diligenterque

150 3555 275 3639 naviges
296 3554 334 3619 de
355 3575 461 3620 mense
481 3550 657 3617 Decembri.
1475 3564 1503 3605 as

219 3774 245 3823 1.
265 3773 373 3824 Glabrio
389 3779 497 3835 praetor
516 3771 596 3831 MRl,
618 3770 724 3821 Glabrio
740 3778 875 3832 praetores
893 3772 922 3821 Β.
948 3772 1117 3830 (Consulares
1134 3784 1182 3820 nos
1198 3772 1311 3835 fuimus,
1330 3770 1359 3818 P·
1380 3768 1408 3818 S.
1426 3769 1464 3820 ti.

151 3843 180 3892 t.
202 3844 231 3892 t.
254 3844 280 3888 t'.
301 3843 493 3903 Glabrio‚duo
512 3855 576 3891 cess.
595 3841 740 3904 desianmi,
759 3848 894 3902 praetores
911 3839 1081 3902 Scbtitzius.)
1114 3867 1145 3876 -
1181 3842 1287 3889 omnino
1306 3853 1360 3888 orn.
1381 3839 1403 3887 l.
1435 3863 1462 3875 -

150 3912 177 3961 3.
196 3916 384 3974 expectatimus
402 3925 456 3974 mg.
477 3911 513 3961 M.
547 3937 574 3947 -
614 3912 638 3959 3.
658 3916 683 3960 et
701 3912 838 3958 materiam
858 3911 880 3960 l.
903 3937 931 3948 -
969 3913 995 3960 5.
1017 3913 1045 3962 C.
1065 3925 1120 3961 om.
1140 3911 1171 3959 R.
1194 3935 1222 3945 -
1259 3911 1283 3960 3.
1303 3906 1465 3958 illicaOrel·

151 3982 221 4031 lios:
252 3983 316 4033 Milo
334 3981 412 4041 MRl,
444 3983 473 4029 irs
490 3982 536 4031 illa
555 3981 584 4030 11.
616 3979 721 4042 (veras
746 3980 811 4030 Milo
837 3983 919 4043 caepit
941 3983 1070 4031 dimittere
1094 3994 1179 4043 usque
1206 3981 1240 4030 sd
1264 3994 1349 4028 omnes
1367 3980 1464 4027 uident.

152 4053 295 4102 creditores
321 4067 382 4102 uero
411 4052 509 4114 (Epist.
535 4051 560 4099 2.
579 4047 608 4111 δ.
628 4047 674 4111 3.)
703 4050 730 4099 b.
759 4049 777 4099 1.
802 4052 901 4100 omissa
924 4057 982 4114 post
1003 4053 1082 4101 verbe
1109 4063 1196 4099 sumus
1220 4051 1363 4111 superiores
1387 4050 1467 4109 ipsine

152 4120 215 4184 (Ep.
235 4121 261 4170 3.
281 4118 311 4183 d.
330 4120 369 4184 le.)
390 4123 488 4171 inserts
506 4121 607 4170 habent
624 4116 687 4179 Ml.)
715 4144 742 4154 -
783 4121 826 4170 11.
845 4122 955 4185 itemque
971 4120 1030 4170 Mi:
1049 4123 1163 4184 idaeique
1181 4119 1234 4169 RE.
1259 4144 1290 4152 -
1329 4120 1372 4168 15.
1390 4132 1468 4180 nepa·

150 4195 188 4240 ait
208 4192 229 4240 l.
261 4215 292 4226 -
330 4191 372 4241 13.
392 4192 535 4254 impedisset
555 4191 622 4240 MR:
651 4190 821 4251 impedivisset
841 4190 884 4239 lli.
917 4215 949 4228 -
985 4192 1027 4241 19.
1048 4192 1076 4241 C.
1095 4204 1150 4240 om.
1172 4190 1203 4239 R.
1237 4212 1267 4223 -
1303 4188 1346 4237 u).
1367 4187 1466 4250 Quidni

151 4261 369 4327 afferrenthsto
388 4269 412 4311 et
432 4258 580 4319 Cassios)t
602 4258 653 4309 Os.
684 4282 717 4293 -
753 4259 796 4308 2³.
817 4267 950 4324 tamquam
968 4261 1035 4310 MR:
1055 4275 1128 4320 nrm,
1147 4257 1341 4322 tamquamlli.
1364 4282 1391 4293 -
1429 4270 1466 4306 se·

150 4332 239 4380 suadis
256 4332 474 4382 admirationibus
492 4328 823 4392 admurmurationidnsque
841 4332 874 4381 R.
899 4356 927 4367 -
946 4331 989 4380 25.
1013 4331 1088 4380 Vetus
1105 4330 1260 4379 Manutius:
1280 4328 1386 4377 Seuerus
1404 4340 1466 4376 cum

152 4400 228 4450 libris
247 4401 312 4451 Rlli.
337 4425 364 4436 -
393 4403 506 4450 iudicum
525 4401 546 4450 1.
568 4424 598 4435 -
625 4399 670 4448 111.
688 4412 713 4448 se
731 4412 785 4448 om.
805 4400 837 4450 R.
860 4426 888 4437 -
909 4401 953 4449 27.
973 4396 1052 4462 diem]
1071 4401 1102 4450 de
1119 4401 1160 4450 die
1178 4400 1210 4449 R.
1232 4423 1263 4434 -
1289 4398 1335 4448 28.
1354 4396 1467 4446 urbane-

150 4485 198 4534 que
216 4470 274 4520 Ml:
294 4471 468 4534 inurbanequs
486 4470 539 4519 RB.
570 4495 597 4506 -
635 4482 710 4533 preco
727 4470 808 4518 statio
827 4469 874 4527 M,
894 4469 992 4520 Graeca
1008 4473 1089 4523 statio
1109 4470 1131 4519 l.
1166 4491 1193 4516 -r
1231 4469 1275 4520 311.
1295 4466 1425 4519 Sestilium
1443 4466 1465 4516 l.

151 4562 184 4579 -
202 4540 246 4592 31.
267 4543 387 4593 Ianuarii
404 4541 417 4591 1
434 4546 461 4591 et
479 4553 519 4604 pr.
538 4540 575 4590 M.
597 4564 626 4576 -
663 4537 707 4590 31.
726 4546 814 4589 noster
832 4546 901 4590 totus
920 4540 941 4591 1.
