3216 5408
189 233 252 295 730
681 224 741 286 ΕΡ.
762 224 814 286 ΑΒ
836 222 1010 286 armatur

190 386 292 475 pediri
314 384 406 449 malo.
450 384 598 447 Octavam
620 390 741 466 partem
763 379 850 459 ltuti
872 377 1072 442 luminarium
1094 377 1126 442 iu
1141 376 1268 443 aedium
1285 378 1387 443 astira
1409 379 1524 443 merni-
1585 397 1590 406 ’

191 482 285 546 ueris.
328 480 417 559 †Cui
433 476 598 547 Caerellia,
622 473 740 538 rideris
762 472 917 557 mancipia
939 471 1014 536 dare
1036 471 1159 536 adeam
1182 492 1341 536 summam
1365 494 1448 559 quae
1463 471 1524 537 sub

190 592 345 659 praecone
368 570 425 635 luit
446 569 598 644 maxima;
628 567 658 631 id
682 568 796 652 opinor
817 587 885 631 esse
909 585 969 631 cac
993 585 1100 634 cxxx.
1144 571 1176 634 5.
1205 570 1285 631 Nori
1308 568 1336 631 si
1361 567 1440 647 quid
1463 568 1524 631 erit

190 676 283 751 atque
306 666 397 729 etiam
419 665 445 728 si
461 662 536 751 quid
552 661 737 747 prospicies,
761 660 845 742 quod
860 659 999 724 futurum
1022 669 1127 744 putes,
1150 659 1270 724 scribas
1292 659 1333 724 ad
1351 682 1404 724 me
1426 682 1523 746 quam

170 758 370 843 rsaepisstmo
391 756 495 821 velim.
538 756 689 828 Varroni,
711 752 972 840 quemadmodum
996 752 1053 817 tibi
1074 753 1232 824 mandavi,
1255 754 1445 818 memineris
1468 775 1525 817 er·

191 874 300 917 eusare
321 851 496 915 tarditatem
518 851 691 915 litterarum
706 869 858 913 mearum.
901 846 1069 927 †bluudus
1083 848 1119 912 is.
1161 853 1208 912 Tu
1233 853 1274 912 Μ.
1297 848 1422 912 Ennius
1446 847 1522 932 quid

191 946 292 1029 egerit
321 944 359 1008 de
385 953 571 1008 testamento
599 979 637 988 —
666 943 809 1007 curiosus
839 940 921 1006 enim
944 974 976 984 -
1010 940 1104 1007 facias
1131 961 1183 1005 me
1212 942 1306 1006 velim
1337 945 1523 1008 certiorem.

191 1044 238 1103 Ex
260 1039 415 1123 Arpinati,
439 1057 483 1100 vt.
508 1042 585 1101 Nou.

634 1133 758 1193 rrrrr.
801 1131 854 1209 (A.
880 1132 912 1193 u.
936 1132 967 1192 e.
990 1130 1076 1208 rto.)

157 1248 182 1288 n
673 1226 815 1289 ClCERO
837 1226 981 1288 ATTICO
1005 1227 1037 1288 S.

279 1328 306 1386 1.
330 1322 459 1387 Gaudeo
481 1321 511 1385 id
528 1330 559 1384 te
582 1320 658 1384 mibi
673 1318 818 1392 suadere,
842 1316 926 1399 quod
946 1338 1006 1401 ego
1028 1338 1097 1382 mea
1112 1327 1222 1403 sponte
1244 1317 1351 1403 pridie
1370 1317 1522 1383 feceram.

192 1421 266 1479 Nam
290 1437 360 1479 cum
382 1415 421 1478 ad
437 1425 466 1479 te
489 1435 533 1478 vr.
548 1419 625 1477 Nun.
648 1413 771 1487 darem,
796 1410 897 1475 eidem
915 1410 1078 1476 tabellario
1099 1411 1171 1476 dedi
1194 1413 1289 1476 etiam
1311 1411 1353 1475 ad
1373 1413 1522 1484 Sestium,

192 1511 321 1595 scriptas
344 1510 427 1573 πάνυ
442 1510 675 1594 φιλοστόργως.
721 1507 775 1572 Ille
797 1517 916 1578 autem,
940 1504 1024 1590 quod
1048 1506 1191 1570 Puteolos
1213 1507 1441 1592 prosequitur,
1467 1506 1523 1570 hu·

193 1625 298 1678 maue;
321 1602 405 1687 quod
424 1604 580 1688 queritur,
602 1602 726 1670 iniuste.
767 1606 834 1665 Non
849 1599 931 1663 euim
954 1609 1093 1684 egotam
1113 1601 1199 1664 illurn
1220 1610 1427 1685 exspectare,
1451 1621 1536 1665 curn¹

159 1695 232 1764 ude
249 1700 369 1762 Cosano
386 1696 518 1770 rediret,
541 1696 651 1769 debui,
675 1717 767 1780 quarn
790 1695 842 1758 ille
864 1703 917 1756 aut
938 1715 1000 1758 nou
1019 1695 1066 1757 ire
1083 1704 1169 1765 ante,
1193 1716 1286 1780 quarn
1310 1716 1364 1757 me
1382 1693 1522 1766 vidisset,

192 1799 245 1854 aut
267 1790 357 1853 citius
380 1792 504 1854 reverti.
544 1790 666 1855 Sciebat
688 1790 771 1853 enim
791 1808 841 1852 me
863 1785 1008 1850 celeriter
1028 1786 1107 1849 velle
1127 1786 1299 1871 proficisci,
1324 1808 1464 1872 seseque
1486 1787 1523 1852 ad

193 1905 242 1946 me
265 1883 297 1946 in
320 1885 529 1948 Tusculanum
552 1885 719 1969 scripserat
740 1903 808 1946 esse
833 1889 1010 1946 venturum.
1053 1884 1165 1952 231,
1196 1889 1271 1945 uta
1293 1901 1347 1944 me
1370 1881 1524 1945 discesse-

193 1978 253 2050 ris,
287 1977 464 2041 lacrimasse
493 1979 624 2042 moleste
645 1976 796 2042 ferebam.
840 1973 960 2051 Quodsi
984 1994 1034 2037 me
1056 1984 1218 2059 praesente
1241 1975 1387 2048 fecisses,
1421 1975 1524 2039 consi·

195 2072 269 2136 lium
293 2072 387 2135 totius
402 2071 523 2135 itineris
547 2073 677 2136 lortasse
699 2082 876 2135 mutassem.
917 2067 978 2132 Sed
993 2067 1070 2131 illud
1091 2070 1265 2153 praeclare,
1288 2068 1379 2154 quod
1400 2080 1435 2133 te
1451 2088 1525 2132 cou-

155 2165 290 2234 rnsolata
319 2176 366 2227 est
396 2186 466 2249 spes
495 2163 586 2228 brevi
615 2175 757 2248 tempore
786 2160 1025 2245 congrediendi3
1057 2182 1136 2246 quae
1166 2161 1293 2248 quidem
1324 2162 1524 2248 exspectatio

194 2280 243 2323 me
266 2258 401 2322 maxime
423 2269 582 2323 sustentat.
627 2264 713 2322 Meae
735 2256 792 2321 tibi
815 2257 935 2320 litterae
957 2275 1022 2318 neu
1044 2253 1185 2324 deerunt.
1227 2260 1274 2320 De
1296 2261 1418 2327 Bruto.
1450 2258 1525 2320 scri-

193 2350 263 2415 bam
293 2350 331 2414 ad
356 2361 385 2414 te
412 2353 525 2416 omnia.
569 2351 697 2416 Librum
728 2349 784 2416 tibi
806 2350 950 2415 celeriter
976 2352 1094 2414 mittam
1124 2348 1162 2412 de
1193 2349 1311 2413 Gloria.
1358 2349 1524 2415 Ereudam

193 2444 310 2530 aliquid
330 2449 594 2527 Ἡρακλειδεῐον,
618 2446 702 2531 qnod
722 2447 814 2511 lateat
835 2444 866 2507 in
889 2442 1041 2506 thesauris
1064 2443 1134 2507 tuis.
1177 2448 1206 2511 3.
1228 2448 1276 2507 De
1299 2445 1438 2517 Planco,
1462 2465 1525 2508 me

194 2538 280 2602 mini.
323 2540 422 2603 Attica
444 2540 512 2603 iure
535 2541 686 2624 queritur.
731 2538 825 2617 Quod
847 2557 897 2601 me
919 2534 958 2600 de
979 2537 1147 2610 Bacchide,
1170 2537 1209 2601 de
1230 2547 1408 2603 statuarum
1433 2558 1524 2602 coro

156 2633 243 2701 asnis
274 2633 440 2696 certiorem
471 2631 587 2707 iecisti,
616 2633 706 2698 valde
735 2643 871 2715 grutum3
900 2629 1147 2714 necquidquam
1177 2629 1307 2715 posthac
1335 2653 1402 2696 uon
1429 2632 1524 2696 modo

196 2736 312 2790 tantum
343 2724 398 2788 sed
430 2747 468 2788 ne
496 2727 645 2791 tantulum
676 2727 801 2810 quidem
831 2723 1041 2811 praeterieris.
1083 2728 1121 2787 Et
1148 2722 1186 2788 de
1208 2725 1339 2790 Herode
1361 2737 1393 2790 et
1416 2727 1525 2792 Mettio

195 2821 368 2883 meminero
397 2828 428 2881 et
455 2817 493 2882 de
515 2819 675 2894 omnibus,
708 2841 787 2905 quae
818 2829 848 2882 te
876 2816 956 2881 velle
984 2815 1166 2901 suspicabor
1193 2817 1300 2883 modo.
1347 2821 1375 2884 Ο
1400 2828 1523 2905 turpem

195 2917 316 2977 sororis
346 2923 416 2976 tuae
446 2912 558 2987 lilium,
589 2934 658 2977 cum
688 2912 763 2977 baec
793 2908 977 2976 scriberem!
1021 2907 1214 2975 Adventabat
1237 2920 1344 2976 autem
1367 2916 1523 2994 βουλύσει

196 3004 401 3070 coenantibus
424 3005 524 3071 nobis.

160 3126 186 3166 u
626 3104 767 3164 rrum.
809 3102 859 3177 (A.
884 3101 915 3162 o.
939 3100 970 3161 c
993 3101 1088 3177 710.)

679 3196 821 3260 CICERO
843 3194 986 3257 ATTtCO
1010 3198 1040 3258 S.

282 3296 363 3373 Ego,
392 3301 426 3355 ut
447 3290 486 3354 ad
510 3300 539 3354 te
561 3290 662 3375 pridie
685 3290 883 3373 scripseram,
914 3294 1008 3358 nonis
1030 3290 1251 3355 constitueram
1277 3292 1386 3355 venire
1410 3292 1443 3356 in
1466 3297 1520 3356 Pu

198 3384 365 3448 teolanum.
403 3383 449 3448 lbi
473 3385 567 3467 igitur
589 3383 728 3469 quotidie
751 3392 817 3446 tuas
832 3384 947 3450 litteras
970 3383 1173 3469 exspectabo,
1198 3394 1228 3447 et
1251 3385 1391 3449 maxime
1416 3385 1455 3450 de
1477 3386 1520 3449 lu·

268 3529 293 3573 1.
318 3527 368 3573 tuli
386 3527 556 3574 lunrluart'um
574 3529 603 3573 iu
621 3527 726 3574 aedium
744 3529 831 3575 aetira
850 3528 887 3577 X:
908 3530 968 3577 tulii
986 3529 1145 3576 laminarum
1162 3525 1275 3574 medium
1293 3528 1331 3574 ael
1349 3534 1442 3576 straete
1459 3529 1517 3582 ΖΜ,

197 3594 267 3641 tul-lit
285 3595 454 3643 luminarium
471 3597 584 3644 medium
603 3597 752 3644 abstrahere
770 3598 806 3656 R,
827 3598 876 3645 tute·
894 3599 1065 3647 luminarium
1083 3597 1188 3645 aedium
1200 3596 1313 3646 Asturae
1332 3598 1359 3658 l,
1380 3599 1432 3646 tute·
1449 3599 1518 3645 lurni·

197 3665 302 3710 uariruu
316 3666 344 3710 iu
355 3666 458 3712 aedium
472 3667 616 3714 adstranae
636 3667 670 3723 tt,
691 3666 748 3714 tolli
767 3667 939 3717 tertineriam
956 3668 1060 3717 aedium
1079 3668 1114 3715 ad
1125 3666 1244 3715 Streniae
1262 3666 1401 3717 Corradus
1414 3674 1442 3717 et
1455 3668 1516 3715 Cod.

197 3735 287 3791 regius
307 3733 342 3789 »3)
362 3734 538 3784 tattemandi.
568 3760 598 3770 -
635 3737 660 3783 2.
682 3735 740 3800 Cui]
761 3736 852 3786 Curl.
882 3763 908 3771 -
948 3738 1047 3786 Cerelia
1065 3736 1103 3786 Μ.
1130 3760 1160 3770 -
1195 3737 1394 3796 mancupion.
1435 3735 1518 3798 (Quod

197 3802 341 3857 Caerellia,
360 3803 457 3851 uideris
475 3807 605 3867 mancipio
624 3806 684 3853 etnrt
703 3806 724 3854 l.
746 3807 774 3855 F.
795 3806 929 3858 Grouerie
948 3815 1056 3857 auctore
1076 3807 1252 3857 Schuetziusl
1275 3832 1305 3842 -
1339 3808 1366 3856 5.
1388 3820 1423 3855 ern
1441 3819 1518 3855 cauea

196 3873 378 3919 retarditatem
396 3872 433 3921 Μ.
463 3899 491 3909 -
530 3875 556 3922 6.
583 3874 697 3923 blundus
716 3877 747 3925 r's.
780 3875 818 3923 Tu
837 3878 875 3927 X:
904 3879 1020 3929 Mundus
1039 3881 1119 3925 letum
1136 3876 1202 3935 bill,
1231 3881 1254 3925 et
1273 3877 1380 3924 modum
1397 3878 1478 3925 iatum
1497 3877 1516 3924 l.

197 3942 321 3996 (illauder
339 3945 387 3991 tete
405 3957 464 3990 eum
482 3944 519 3992 Μ.
539 3944 626 3992 Ennio
647 3946 836 4007 Wesenberg.)
853 3973 888 3983 -
917 3950 943 3998 ’1.
964 3949 1093 3997 curiosius
1112 3947 1156 3996 nt.
1178 3970 1206 3982 -·
1244 3948 1312 3994 cutm
1331 3960 1389 3995 sum
1410 3948 1517 3996 Wesen-

197 4011 272 4070 berg.
301 4039 330 4046 -
369 4014 411 4061 12.
432 4014 582 4062 adteom.
603 4014 624 4063 1.
652 4040 682 4050 -
719 4016 789 4064 dedit
806 4017 843 4064 Μ.
870 4045 898 4054 -
938 4019 980 4068 13.
1000 4017 1217 4085 φιλοστοργους
1236 4016 1266 4063 tt.
1288 4037 1320 4052 -
1354 4019 1518 4078 persequitur

197 4080 262 4130 Cod.
292 4083 318 4130 iu
337 4097 392 4145 mg.
412 4085 516 4146 Repett.
537 4085 630 4133 Lamb.
662 4111 690 4121 -
730 4087 772 4135 te.
798 4093 963 4147 expectarem
989 4087 1039 4136 Ml.
1070 4111 1101 4121 -
1137 4086 1180 4134 15.
1208 4086 1346 4147 debuitque
1364 4087 1409 4134 tlte
1439 4088 1460 4135 l.
1488 4111 1517 4120 -

198 4151 240 4198 17.
263 4148 306 4212 Te]
327 4159 355 4199 tu
374 4168 414 4215 pr.
435 4155 472 4204 Μ.
494 4178 525 4190 -
552 4161 581 4202 ut
600 4169 654 4204 nm.
676 4169 717 4217 pr.
737 4156 774 4206 Μ.
796 4181 823 4191 -
854 4155 881 4220 a]
901 4161 936 4208 ad
953 4159 990 4209 Μ.
1014 4183 1045 4192 -
1073 4156 1114 4205 18.
1136 4154 1243 4216 »serebe
1262 4162 1339 4205 vetur
1358 4156 1424 4206 Cod.
1447 4158 1516 4205 Fert.

196 4218 280 4280 sero«
301 4235 355 4281 mg.
376 4224 480 4285 Repett.
502 4225 594 4273 Lamb·
615 4250 647 4259 -
674 4228 717 4275 19.
739 4227 819 4275 tutius
839 4226 859 4276 l.
882 4254 913 4266 —
938 4230 981 4277 21.
1001 4229 1096 4275 derunt
1113 4225 1151 4276 Μ.
1172 4250 1203 4258 -
1229 4225 1272 4274 22.
1292 4226 1341 4274 tibi
1360 4241 1383 4275 e.
1404 4230 1516 4274 mittam.

199 4289 257 4337 Tibi
274 4291 305 4340 de
324 4291 411 4352 pluria
430 4297 556 4342 excudam
575 4294 596 4343 l.
625 4321 653 4331 —
691 4296 734 4344 23.
751 4290 963 4365 Ἡρακλειδεῖον
982 4311 1037 4355 mg·
1058 4296 1214 4345 Cratandflss
1231 4291 1434 4360 Ἡρακλείδίον
1451 4296 1517 4352 ΜΒ.

196 4373 251 4409 om.
273 4362 352 4409 11.-
392 4365 508 4411 memini.
533 4363 630 4428 ⁴lttt'eo]
650 4365 772 4414 Memmio
790 4366 879 4416 Attica
898 4369 932 4427 tt,
954 4370 983 4416 iu
1002 4368 1164 4416 Emiueatr'ea
1184 4366 1204 4413 l.
1227 4390 1255 4401 -
1294 4365 1516 4424 ascenaeret,

197 4429 278 4478 dest.
300 4432 356 4489 ttt,
376 4433 407 4478 de
426 4433 540 4482 Burbida
558 4437 616 4491 (sict
634 4444 667 4484 rt.
688 4438 718 4484 R.
750 4436 792 4491 (Ut
811 4451 877 4493 nee,
898 4439 960 4488 Asc.
979 4452 1018 4500 pr.
1034 4443 1061 4486 et
1074 4436 1139 4485 Cod.
1154 4434 1236 4492 Ball.)
1256 4460 1284 4470 -
1318 4436 1363 4485 25.
1383 4439 1518 4485 certiorem

198 4513 235 4547 me
253 4499 338 4559 fecisti
356 4501 392 4549 Μ.
420 4527 449 4536 -
486 4505 561 4552 ualde
580 4513 618 4554 est
636 4507 698 4553 mibi
715 4514 820 4567 pratum
839 4508 860 4557 l.
887 4532 921 4546 -
956 4508 998 4557 23.
1020 4507 1161 4555 tantullum
1179 4505 1215 4555 tt.
1241 4530 1268 4540 -
1309 4501 1355 4567 m]
1376 4505 1428 4555 Sed
1446 4506 1518 4555 utut.

198 4567 284 4628 (Gerr.
301 4571 456 4624 Victorius.)
475 4597 506 4605 -
528 4576 606 4624 Erote
626 4576 646 4624 l.
667 4600 697 4611 -
715 4576 798 4625 Metto
817 4577 891 4628 blltl.
915 4604 942 4615 -
963 4578 1007 4627 27.
1028 4579 1147 4637 suspicor
1165 4574 1237 4624 bllil.
1269 4570 1519 4634 (Corr.exXZ.)-
1568 4582 1572 4590 ⁴

197 4639 379 4690 Oulill.
413 4641 556 4696 (Insertum
577 4659 607 4693 er
627 4645 679 4694 XZ.
707 4649 834 4706 suspicor.
863 4647 943 4697 Modo
963 4657 1065 4708 turpem
1084 4647 1254 4705 distinguunt
1273 4642 1373 4705 Mlllll.
1396 4671 1428 4681 -
1467 4652 1521 4694 tur-

195 4705 265 4769 pem]
285 4716 314 4757 tu
328 4711 382 4769 ipre
402 4711 421 4758 l.
451 4712 628 4763 (obturbabat
644 4730 683 4764 me
700 4730 720 4764 s.
734 4721 753 4764 t.
773 4717 844 4778 filius
862 4717 1043 4774 Schuetzius.)
1064 4742 1090 4751 -
1113 4716 1156 4765 32.
1176 4713 1352 4764 Puteolanum
1370 4715 1521 4779 blougaltia

197 4780 496 4909 auctoregcbpptzius:
518 4783 691 4834 Tueerrlanem
710 4786 805 4834 Muta.
844 4786 897 4837 Gir.
920 4789 967 4849 ttp.
987 4787 1038 4845 26,
1059 4786 1084 4835 3.
1115 4811 1145 4821 -
1181 4785 1225 4834 33.
1251 4784 1396 4837 tentatu-
1434 4787 1521 4840 (Corr-

197 4861 226 4895 en
249 4861 302 4908 mg.
345 4863 393 4898 ra.
1163 4856 1170 4870 '
