3256 5400
172 247 215 311 82
597 235 872 299 Erlsrotlttult
893 237 945 298 Ab
968 237 1058 299 FAM.

174 401 273 467 blieao
294 397 370 463 vitia
390 395 460 482 plus
482 413 576 479 qnam
597 412 691 457 causa
704 392 773 478 ipsa
787 392 965 478 veritasque
980 391 1168 465 valuissent,
1190 390 1302 457 Publio
1318 402 1374 458 tuo
1392 413 1495 478 neque

174 515 272 584 opera
294 512 395 579 neque
416 487 548 553 consilio
569 506 672 573 neque
693 486 802 552 labore
825 508 927 572 neque
951 485 1052 570 gratia
1073 506 1175 571 neque
1197 487 1377 552 testimonio
1398 486 1454 552 dei
1475 486 1483 501 ‘

174 598 204 658 3.
228 584 440 668 Quamobrem
462 579 608 647 omnibus
630 580 740 645 officiis
762 580 917 645 amicitiae
939 579 1107 663 diligenter
1128 601 1147 643 a
1167 600 1218 643 me
1240 590 1408 667 sancteque
1430 603 1496 645 ser·

175 684 253 750 vatis
274 703 315 746 ne
336 678 396 744 boc
421 675 548 762 quidem
570 673 882 761 praetermittendum
910 694 979 737 esse
1002 673 1095 746 duxi,
1125 683 1155 739 te
1178 684 1212 738 ut
1231 674 1378 740 hortarer
1404 696 1497 759 roga·

152 795 323 863 sremque,
345 780 431 837 utet
452 768 611 834 bominem
626 776 656 833 te
672 776 703 832 ct
724 768 827 832 virum
847 788 915 831 esse
929 766 1145 841 meminisses,
1168 767 1200 832 id
1221 777 1281 843 est,
1304 778 1339 834 ut
1363 780 1394 834 et
1412 789 1497 834 com·

175 890 301 936 munem
322 868 539 949 incertumque
561 882 684 936 casnm,
707 882 799 945 quem
827 882 928 946 neque
956 861 1056 924 vitare
1081 861 1247 947 quisquam
1272 869 1418 928 nostrum
1439 882 1497 927 nec

175 972 334 1051 praestare
350 959 416 1024 ullo
436 968 527 1045 pacto
548 963 666 1040 potest,
689 954 847 1039 sapienter
869 954 970 1019 ferres
994 962 1025 1018 et
1053 952 1157 1019 dolori
1186 955 1311 1021 sortiter
1335 978 1372 1021 ac
1396 956 1496 1021 fortu-

175 1079 234 1124 nae
253 1055 433 1127 resisteres,
456 1050 672 1134 cogitaresque
687 1057 719 1110 et
732 1048 883 1113 innostra
897 1047 1022 1112 civitate
1043 1057 1075 1113 et
1089 1048 1122 1112 in
1142 1050 1270 1124 ceteris,
1293 1071 1495 1137 quaererem

175 1152 291 1240 potitae
315 1155 403 1220 sunt,
425 1143 531 1209 multis
552 1141 731 1207 fortissimis
759 1150 852 1228 atque
880 1142 1006 1227 optimis
1024 1142 1101 1207 viris
1128 1143 1252 1209 iniustis
1270 1144 1396 1209 iudiciis
1420 1143 1497 1208 tales

140 1264 166 1306 ro
176 1267 265 1311 casus
288 1239 445 1307 incidisse.
487 1236 568 1301 lllud
586 1234 703 1301 ubuum
722 1256 761 1298 ne
777 1257 851 1300 vere
864 1234 1056 1309 scriberem,
1079 1245 1162 1301 cate
1180 1258 1218 1301 re
1236 1236 1362 1322 publica
1377 1257 1496 1310 carere,

175 1339 209 1404 in
230 1359 291 1424 qua
310 1333 468 1400 neminem
482 1329 666 1417 prudentem
685 1327 843 1393 hominem
863 1350 915 1394 res
937 1328 1000 1394 ulla
1015 1329 1160 1393 delectetl
1204 1335 1235 1394 4.
1256 1337 1303 1396 De
1321 1341 1377 1395 tuo
1393 1338 1497 1395 autem

176 1431 258 1506 tilio,
279 1448 409 1501 vereor,
432 1446 486 1499 ne,
515 1423 542 1488 si
563 1421 640 1487 nibil
662 1421 702 1485 ad
723 1430 753 1486 te
775 1422 977 1509 scripserim,
1000 1420 1141 1488 debitum
1162 1423 1229 1489 eius
1255 1424 1365 1490 virtuti
1389 1423 1498 1489 videar

175 1522 386 1590 testimonium
412 1540 476 1584 non
496 1516 634 1591 dedisse,
656 1516 705 1580 sin
730 1524 834 1580 autem
856 1517 975 1590 omnia,
999 1536 1080 1601 quae
1102 1517 1224 1592 sentio,
1247 1516 1497 1603 perscripserim,

176 1640 217 1685 ne
238 1616 383 1682 refricem
401 1613 480 1678 meis
500 1610 612 1676 litteris
634 1608 826 1674 desiderium
845 1629 881 1674 ac
901 1609 1045 1674 dolorem
1067 1617 1165 1674 tuum.
1209 1610 1271 1675 Sed
1290 1620 1395 1675 tamen
1423 1631 1498 1697 pru·

142 1708 358 1777 radentissime
384 1705 496 1781 facies,
530 1704 557 1769 si
584 1703 669 1768 illius
690 1701 853 1787 pietatem,
886 1704 1051 1777 virtutem,
1080 1702 1284 1778 industriam,
1318 1703 1498 1790 ubicunque

178 1804 258 1877 eris,
291 1810 375 1867 tuam
398 1821 483 1874 esse,
511 1807 614 1863 tecum
633 1816 702 1860 esse
721 1795 816 1861 duces
823 1820 832 1876 ;
862 1818 919 1860 nec
938 1797 1022 1861 enim
1046 1797 1150 1863 minus
1174 1808 1281 1863 nostra
1308 1807 1395 1872 sunt,
1418 1817 1498 1883 quae

178 1897 284 1962 animo
304 1893 556 1979 complectimur,
588 1910 681 1976 quam
708 1910 788 1975 qnae
815 1890 914 1955 oculis
941 1891 1110 1956 intuemur.
1167 1896 1197 1956 5.
1227 1889 1442 1969 Quamobrem
1468 1897 1499 1953 ot

178 1991 262 2056 illius
283 1987 399 2053 eximia
418 1987 517 2053 virtus
538 2003 740 2068 summusque
761 1983 793 2047 in
818 1991 848 2047 te
866 2004 956 2049 amor
976 2004 1106 2068 magnae
1129 1982 1187 2048 tibi
1212 1983 1419 2049 consolationi
1445 1981 1499 2046 de·

178 2083 232 2149 bet
262 2103 347 2157 esse,
380 2090 411 2146 et
438 2099 496 2144 nos
528 2076 702 2162 ceterique,
735 2076 790 2163 qui
818 2085 849 2140 te
871 2098 934 2141 non
961 2098 1002 2142 ex
1023 2078 1150 2142 fortuna
1171 2078 1225 2143 sed
1247 2100 1287 2143 ex
1308 2078 1424 2143 virtute
1446 2084 1498 2141 tua

140 2175 344 2261 supendimus
365 2191 552 2259 semperque
572 2168 760 2256 pendemus,
784 2177 815 2233 et
836 2169 992 2235 maximae
1014 2169 1112 2235 animi
1133 2170 1179 2235 tui
1197 2171 1403 2245 conscientia,
1427 2191 1497 2235 cnm

180 2267 239 2333 tibi
260 2266 337 2332 nibil
357 2264 470 2330 merito
491 2262 641 2328 accidisse
662 2260 821 2347 reputabis
843 2271 875 2327 et
895 2261 973 2329 illud
994 2263 1165 2348 adiunges,
1187 2262 1330 2329 homiues
1344 2268 1497 2350 sapientes

180 2360 388 2447 turpitudine,
421 2378 485 2422 non
509 2377 603 2431 casu,
631 2363 663 2420 et
682 2354 797 2421 delicto
818 2377 892 2431 suo,
914 2378 977 2422 non
998 2356 1133 2422 aliorum
1156 2357 1273 2421 iniuria
1293 2356 1496 2423 commoveri

179 2459 247 2539 Ego
277 2462 308 2518 et
328 2451 480 2517 memoria
507 2457 633 2514 nostrae
661 2449 777 2514 veteris
805 2449 959 2515 amicitiae
981 2459 1013 2515 et
1036 2450 1152 2515 virtute
1178 2459 1272 2537 atque
1301 2449 1498 2515 observantia

181 2547 238 2612 lilii
259 2545 305 2612 tui
325 2546 462 2611 monitus
483 2542 570 2608 nullo
591 2543 662 2608 loco
683 2541 781 2607 deero
802 2564 905 2631 neque
926 2543 966 2609 ad
980 2543 1202 2609 consolandam
1224 2544 1380 2629 nequead
1394 2544 1499 2609 lovan·

144 2641 253 2707 sedam
274 2639 430 2705 fortunam
452 2645 546 2703 tuam.
604 2641 652 2720 Tu
673 2635 701 2700 si
722 2635 798 2723 quid
818 2636 859 2702 ad
879 2659 930 2703 me
951 2637 1034 2703 forte
1055 2637 1239 2723 scripseris,
1260 2636 1437 2724 perficiam,
1460 2656 1498 2701 ne

182 2742 214 2800 te
234 2733 351 2799 frustra
372 2729 533 2817 scripsisse
554 2727 718 2796 arbitrere.

624 2872 737 2934 run.
780 2869 829 2953 (A.
855 2872 887 2934 o.
910 2873 942 2935 c.
964 2870 1050 2954 ((1.)

570 2995 612 3056 Μ.
634 2992 776 3056 CICERO
799 2994 830 3055 S.
851 2996 889 3055 D.
911 2995 946 3056 T.
968 2995 1098 3057 FADIO.

269 3109 297 3171 1.
319 3103 385 3169 Etsi
406 3111 544 3188 egomet,
567 3100 622 3188 qui
643 3110 681 3166 te
695 3100 852 3166 consolari
866 3102 978 3189 cupio,
1000 3103 1207 3170 consolandus
1221 3103 1289 3190 ipse
1310 3126 1397 3182 sum,
1426 3127 1500 3193 pro-

147 3208 294 3285 mpterea
309 3196 394 3286 quod
422 3196 538 3261 nnllam
567 3215 635 3259 rem
657 3194 784 3279 gravius
805 3194 922 3260 iamdiu
942 3196 999 3261 tuli
1021 3218 1115 3282 qnam
1136 3196 1370 3265 incommodum
1393 3212 1497 3267 tuum:

185 3300 287 3357 tamen
318 3301 348 3356 te
371 3309 483 3374 magno
509 3309 606 3375 opere
627 3308 691 3353 non
711 3287 823 3354 hortor
843 3289 963 3363 solum,
985 3290 1154 3355 sedetiam
1179 3311 1238 3377 pro
1260 3313 1369 3358 amore
1390 3304 1498 3360 nostro

183 3405 263 3469 rogo
285 3392 377 3469 atque
398 3403 475 3458 oro,
497 3391 528 3448 te
549 3380 676 3466 colligas
689 3381 856 3468 virumque
871 3381 1023 3468 praebeas
1040 3392 1086 3458 et,
1108 3405 1171 3471 qna
1185 3384 1368 3452 condicione
1389 3408 1499 3452 omnes

184 3477 326 3543 homines
347 3486 378 3542 et
398 3474 514 3562 quibus
535 3472 730 3560 temporibus
756 3474 820 3540 nati
841 3476 954 3551 simus,
983 3477 1111 3563 cogites.
1152 3478 1225 3543 Plus
1247 3478 1302 3543 tibi
1324 3481 1424 3547 virtus
1445 3491 1499 3547 tua

186 3569 271 3637 dedit
291 3590 384 3655 quam
404 3568 530 3634 fortuna
550 3567 689 3641 abstulit,
711 3581 878 3654 propterea
899 3569 985 3656 quod
1005 3570 1135 3656 adeptus
1156 3592 1205 3647 es,
1228 3571 1314 3658 qnod
1331 3595 1395 3640 non
1411 3574 1500 3640 multi

149 3662 328 3736 „homines
349 3661 440 3738 novi,
463 3661 612 3736 amisisti,
635 3681 716 3747 quae
737 3661 864 3747 plurimi
886 3662 1028 3730 homines
1049 3663 1243 3730 nobilissimi.
1299 3670 1344 3730 Ea
1364 3666 1499 3754 denique

186 3756 309 3822 videtur
330 3753 473 3820 condicio
498 3752 680 3841 Mpendere
701 3754 828 3840 legum,
863 3754 1068 3833 iudiciorum,
1097 3767 1289 3845 temporum,
1327 3770 1363 3825 ut
1383 3761 1500 3847 optime

187 3857 289 3915 actum
311 3869 382 3913 cum
403 3868 442 3913 co
463 3847 607 3914 videatur
627 3869 712 3922 esse,
749 3848 805 3935 qni
826 3870 919 3937 qnam
939 3850 1096 3915 levissima
1122 3871 1225 3938 poena
1244 3849 1284 3916 ab
1305 3852 1363 3918 bac
1384 3874 1421 3918 re
1442 3874 1501 3940 pn·

186 3942 267 4008 blica
288 3941 474 4008 discesserit.
526 3946 557 4006 2.
579 3947 626 4007 lu
646 3961 737 4017 vero,
771 3943 826 4029 qui
847 3951 879 4008 et
899 3943 1040 4010 fortunas
1061 3952 1092 4008 et
1112 3943 1230 4010 liberos
1252 3944 1367 4012 babeas
1389 3955 1421 4012 et
1441 3969 1500 4013 nos

188 4047 372 4124 ceterosque
393 4034 618 4100 necessitudine
640 4043 671 4099 et
691 4033 908 4102 benevolentia
929 4045 1032 4102 tecum
1053 4037 1342 4115 coniunctissimos,
1364 4061 1500 4126 cumque

149 4151 331 4216 mmagnam
350 4128 526 4194 sacadtatem
542 4128 585 4194 sis
606 4125 770 4194 habiturus
790 4127 955 4195 nobiscum
976 4139 1007 4196 et
1028 4151 1099 4196 cum
1121 4130 1265 4198 omnibus
1282 4134 1343 4200 tuis
1364 4132 1500 4208 vivendi,

188 4233 311 4290 etcum
331 4243 429 4289 unum
449 4222 490 4287 sit
508 4221 660 4288 iudicium
681 4242 722 4287 ex
742 4231 805 4287 tam
826 4221 945 4298 multis,
967 4222 1053 4310 qnod
1073 4224 1335 4310 reprebendatur,
1357 4237 1394 4293 nt
1413 4225 1501 4313 qnod

188 4338 250 4382 una
271 4315 421 4383 sententia
452 4335 552 4403 eaque
581 4315 677 4382 dubia
703 4313 860 4402 potentiae
891 4315 1022 4383 alicuius
1054 4317 1264 4385 condonatum
1285 4320 1499 4387 existimetur:

256 4526 283 4575 1.
303 4527 361 4574 dtaa'
378 4525 416 4576 11.
429 4550 463 4559 -
481 4526 508 4575 5.
521 4532 588 4575 utet
602 4525 681 4577 ο.11(
700 4524 805 4575 sealt.
821 4547 851 4564 ν·
870 4525 913 4575 10.
926 4527 1134 4577 manderem
1145 4528 1225 4579 11.·
1245 4531 1287 4580 11.
1307 4529 1500 4594 (1111111111.-

188 4595 231 4646 13.
251 4597 344 4658 eeps'sse
356 4595 392 4644 11.
410 4621 440 4631 -
459 4595 502 4645 11.
520 4596 667 4660 msasrtgcm
685 4594 723 4646 11.
738 4617 769 4630 -
788 4595 832 4643 20.
849 4596 981 4646 morae
998 4596 1254 4662 uerunt-Legum:
1273 4602 1387 4651 mamma
1398 4599 1501 4651 1111.-

187 4668 265 4715 omtct
277 4665 313 4715 11.
327 4690 360 4699 -
373 4666 529 4714 consumto
542 4665 579 4716 V:
593 4665 761 4715 comumnes
772 4662 834 4715 1111.
848 4690 877 4701 -
898 4664 942 4715 2¹.
960 4673 985 4715 et
997 4666 1063 4716 illud
1074 4667 1119 4718 Μ(
1138 4670 1161 4718 ει·
1174 4675 1198 4718 et
1210 4670 1278 4719 illud
1288 4669 1320 4720 u.
1336 4696 1365 4708 ·-
1386 4670 1430 4720 14.
1440 4683 1502 4719 coo·

187 4735 323 4784 rotumam
340 4759 351 4772 ·
373 4734 510 4785 beandum
528 4735 573 4786 11(
592 4733 778 4785 omanadum
794 4757 805 4769 ·
819 4733 955 4784 bonodium
973 4735 1051 4786 11.-
1078 4736 1122 4787 30.
1140 4741 1248 4803 proetus
1265 4739 1315 4790 tutt
1331 4741 1432 4790 tamdtu
1452 4737 1502 4790 tull

187 4819 265 4869 quum
282 4805 320 4855 11.
342 4829 370 4840 -
408 4804 451 4854 33.
470 4805 613 4857 10111111.
633 4830 663 4841 -
699 4803 744 4853 10.
762 4798 808 4865 ets]
825 4805 849 4853 st
862 4803 900 4860 11.
922 4828 951 4841 ·-
987 4805 1032 4856 11.
1049 4821 1130 4856 anum
1148 4816 1221 4858 raum
1237 4811 1272 4860 att
1289 4816 1400 4862 anctore
1418 4808 1501 4861 llrne·

188 4875 239 4924 etto
257 4873 506 4938 bierunt-Legunt.
528 4899 557 4912 -
576 4871 618 4938 et]
636 4880 661 4924 st
678 4872 928 4937 uerunt-laguna.
948 4899 977 4912 -
1014 4874 1060 4927 41.
1075 4879 1198 4941 potestte
1214 4878 1253 4931 u.
