3256 5400
179 212 236 273 168
602 208 874 270 EPISTULARUM
895 209 947 269 Al)
970 208 1059 270 ΕΔΜ.

175 367 270 433 modo
291 365 398 430 consul
421 374 452 428 et
472 363 660 436 consularis,
682 362 737 427 sed
759 383 888 446 magnus
911 363 1004 427 etiam
1026 363 1132 426 consul
1155 370 1186 425 et
1206 361 1388 426 consularis.
1432 360 1487 426 sin

174 461 279 531 aliter,
304 471 369 524 tum
390 458 422 522 in
452 457 517 522 istis
548 456 744 542 amplissimis
772 455 949 522 nominibus
976 456 1131 521 bonorum
1153 476 1216 519 non
1237 455 1332 520 modo
1354 455 1487 539 dignitas

175 554 256 620 nulla
285 553 360 624 erit,
394 551 448 616 sed
476 551 536 616 erit
565 572 685 615 summa
718 551 909 616 deformitas.
965 555 1050 616 llaec
1084 550 1236 636 impulsus
1271 547 1486 614 benevolentia

174 647 282 732 scripsi
304 646 408 732 paullo
430 646 584 719 severium
607 667 686 732 quae
702 654 735 710 tu
757 645 789 709 in
811 645 1003 731 experiendo
1025 667 1061 710 ea
1082 645 1219 719 ratione,
1242 664 1322 731 quae
1344 652 1373 706 te
1394 639 1486 724 digna

151 752 234 816 sest,
257 761 331 805 vera
353 760 421 804 esse
442 759 621 822 cognosces.
664 743 700 803 l).
722 758 797 803 xnr.
820 739 886 804 Kal.
908 741 1040 824 Apriles.

650 901 712 961 ur.
755 898 805 977 (a,
832 901 864 962 u.
886 901 918 962 c.
941 899 1024 982 711.)

639 1012 809 1074 eunucus
833 1013 1025 1075 eternum.

260 1138 286 1199 1.
309 1134 400 1198 Plura
422 1130 477 1196 tibi
501 1130 540 1195 de
562 1130 640 1194 meis
654 1127 791 1193 consiliis
806 1128 976 1194 scriberem
991 1131 1207 1216 rationemque
1222 1132 1361 1196 omnium
1378 1154 1484 1199 rerum

172 1227 339 1295 redderem
366 1224 547 1296 verbosius,
570 1245 634 1310 quo
656 1222 754 1305 iringis
783 1222 933 1288 iudicares
964 1229 1066 1289 omnia
1089 1245 1137 1288 me
1163 1225 1211 1290 rei
1233 1223 1376 1310 publicae
1396 1247 1486 1312 prae-

141 1323 302 1398 ...stitisse
332 1341 413 1406 quae
435 1328 466 1383 et
488 1327 538 1382 tua
562 1316 779 1381 exhortatione
801 1318 910 1402 excepi
933 1329 964 1382 et
986 1340 1054 1381 mea
1076 1318 1280 1383 affirmatione
1302 1317 1358 1384 tibi
1380 1319 1485 1405 recepi

174 1449 213 1462 -
236 1437 297 1480 non
320 1415 421 1478 minus
442 1411 525 1476 enim
547 1433 565 1475 a
587 1421 617 1474 te
639 1409 766 1496 probari
788 1431 880 1496 quam
903 1410 989 1494 diligi
1011 1432 1135 1496 semper
1157 1412 1256 1489 volui3
1289 1435 1346 1478 nec
1368 1423 1397 1478 te
1423 1435 1487 1477 ma·

171 1509 219 1596 gis
246 1509 278 1573 in
307 1508 397 1593 culpa
430 1505 627 1570 defensorem
657 1503 731 1569 mibi
754 1504 878 1590 paravi,
914 1527 1008 1590 quam
1030 1505 1277 1590 praedicatorem
1300 1507 1486 1572 meritorum

173 1623 315 1668 meorum
338 1622 405 1667 esse
427 1599 512 1664 volui
535 1622 591 1674 -;
614 1598 667 1663 sed
690 1597 867 1662 breviorem
890 1619 940 1662 me
963 1598 1042 1664 duae
1064 1621 1114 1664 res
1136 1600 1268 1666 faciunt:
1301 1622 1379 1676 una,
1401 1600 1486 1686 quod

172 1696 305 1784 publicis
327 1694 435 1760 litteris
450 1692 554 1758 omnia
576 1713 645 1757 sum
659 1701 856 1777 persecutus;
878 1692 990 1765 altera,
1012 1693 1097 1778 quod
1111 1699 1151 1759 M.
1167 1694 1375 1766 Varisidium,
1399 1693 1488 1778 equi·

137 1799 235 1863 istem
257 1795 446 1860 Romanum,
480 1786 664 1851 familiarem
693 1806 813 1859 meum,
846 1790 947 1870 ipsum
970 1786 1007 1850 ad
1031 1795 1060 1850 te
1083 1792 1214 1852 transire
1235 1788 1326 1860 iussi,
1360 1808 1400 1851 ex
1422 1807 1486 1872 quo

148 1874 150 1879 ’
173 1883 276 1949 omnia
299 1903 488 1966 cognoscere
509 1902 627 1966 posses.
684 1885 713 1944 2.
744 1886 811 1944 Non
834 1879 1048 1946 mediusfidius
1070 1881 1219 1947 mediocri
1242 1882 1352 1948 dolore
1373 1882 1487 1946 afficie-

173 1976 244 2051 bar,
275 1996 345 2040 cum
367 1975 419 2039 alii
440 1995 594 2059 occupare
616 1973 843 2058 possessionem
865 1973 966 2038 laudis
988 1973 1182 2050 viderentur:
1213 1976 1267 2040 sed
1290 1999 1389 2063 usque
1411 1975 1486 2040 mibi

173 2068 360 2155 temperavi,
397 2068 470 2132 dum
500 2067 705 2152 perducerem
734 2086 774 2130 oo
802 2087 888 2140 rem,
921 2075 955 2131 ut
983 2066 1111 2149 dignum
1132 2069 1251 2156 aliquid
1273 2080 1304 2134 et
1324 2069 1487 2135 consulatu

172 2184 244 2230 meo
265 2172 296 2226 et
317 2170 420 2226 vestra
442 2160 672 2246 exspectatione
694 2160 860 2224 efficerem.
904 2159 995 2238 Quod
1018 2180 1128 2245 spero,
1151 2162 1249 2227 sime
1272 2163 1396 2228 fortuna
1423 2184 1486 2227 non

135 2287 163 2327 so
172 2254 335 2327 fefellerit,
357 2275 408 2319 me
429 2262 682 2331 consecuturum;
705 2262 739 2317 ut
761 2253 898 2318 maximo
920 2253 1076 2338 praesidio
1097 2254 1144 2319 rei
1160 2254 1302 2340 publicae
1318 2277 1375 2321 nos
1390 2256 1486 2321 fuisse

173 2359 204 2415 et
224 2369 306 2414 atrnc
334 2349 466 2412 sentiant
487 2347 627 2413 homines
648 2356 679 2411 et
700 2346 732 2410 in
753 2358 914 2432 posterum
936 2348 1087 2412 memoria
1109 2358 1242 2413 teneant.
1292 2356 1318 2414 Α
1340 2361 1369 2415 te
1391 2359 1485 2435 peto,

171 2453 206 2509 ut
227 2441 368 2526 dignitati
400 2461 488 2507 meae
515 2440 695 2524 suffrageris
717 2449 763 2513 et,
793 2461 924 2526 quarum
947 2462 1053 2506 rerum
1076 2462 1132 2526 spe
1153 2441 1190 2506 ad
1215 2442 1337 2507 laudern
1360 2464 1409 2507 me
1432 2462 1487 2507 vo-

51 2585 94 2623 „
171 2535 262 2607 casti,
285 2535 396 2600 barum
418 2535 522 2600 fructu
543 2534 575 2598 in
596 2535 751 2619 reliquum
773 2533 867 2599 facias
892 2535 1088 2600 alacriorem.
1131 2541 1197 2600 Non
1220 2536 1320 2602 minus
1342 2544 1486 2623 possete

135 2649 265 2715 .‚,.,qqam
288 2629 367 2694 velle
390 2628 589 2713 exploratum
610 2626 686 2692 mibi
708 2636 765 2690 est.
807 2631 868 2692 Fac
889 2627 991 2692 valeas
1014 2650 1126 2716 meque
1149 2639 1259 2695 mutuo
1281 2631 1401 2715 diligas.

136 2825 163 2867 a
264 2756 401 2871 ⁷⁴&
635 2787 714 2848 uu.
757 2787 808 2864 (A.
834 2788 866 2850 u
889 2789 920 2851 c.
943 2789 1029 2864 711.)

172 2902 344 2965 araneos
374 2876 453 2964 rue.
471 2865 571 2964 ‘cos
600 2899 685 2961 nus.
719 2899 956 3068 simuocqss
989 2902 1125 2964 enter.
1161 2905 1262 2967 rem.
1294 2907 1352 2968 rx.
1386 2906 1417 2967 s.
1453 2908 1486 2969 e.

259 3118 287 3178 t.
314 3113 347 3177 si
376 3111 426 3176 cui
453 3110 534 3176 forte
557 3110 667 3175 videor
687 3110 802 3175 diutius
825 3122 856 3176 et
877 3110 1037 3176 hominum
1060 3116 1324 3200 exspectationem
1346 3126 1378 3181 et
1398 3137 1486 3203 spem

171 3207 218 3273 rei
240 3205 383 3295 publicae
404 3205 444 3271 de
465 3226 534 3269 mea
554 3205 711 3270 voluntate
734 3203 870 3268 tenuisse
897 3226 1093 3291 suspensam,
1127 3208 1199 3274 huie
1226 3210 1314 3295 prius
1336 3231 1488 3275 excusan-

135 3301 246 3372 sodum
274 3321 324 3365 me
356 3320 425 3366 esse
452 3298 589 3364 arbitror
621 3318 714 3384 quam
744 3296 784 3361 de
805 3296 982 3383 insequenti
1004 3299 1108 3366 officio
1130 3302 1298 3389 quidquam
1321 3303 1377 3369 ulli
1397 3303 1488 3391 polli-

171 3394 315 3460 cendum.
367 3399 436 3458 Non
464 3392 545 3458 enim
574 3391 773 3479 praeteritam
808 3391 929 3476 culpam
962 3392 1063 3458 videri
1091 3395 1164 3460 volo
1200 3397 1394 3470 redemisse,
1431 3397 1487 3463 sed

171 3482 308 3574 optimae
338 3487 449 3552 mentis
477 3485 609 3570 cogitata
636 3484 821 3570 iampridem
844 3495 967 3550 maturo
989 3494 1130 3572 tempore
1152 3491 1323 3556 enuntiare.
1367 3494 1397 3556 2.
1418 3496 1487 3556 Non

171 3603 221 3647 me
243 3580 434 3667 praeteribat
463 3579 495 3642 in
521 3588 603 3644 tanta
635 3577 841 3643 sollicitudine
871 3578 1032 3643 bominum
1065 3590 1179 3646 ettam
1201 3582 1384 3667 perturbato
1406 3593 1488 3650 statu

170 3675 303 3741 civitatis
325 3673 602 3740 fructuosissimam
624 3693 692 3736 esse
713 3671 942 3758 professionem
963 3671 1065 3737 bonae
1086 3674 1272 3750 voluntatis,
1295 3697 1487 3764 magnosque

134 3769 308 3838 asbonores
335 3790 376 3834 ex
402 3788 438 3831 ea
467 3788 503 3830 re
531 3765 709 3851 complures
735 3773 919 3830 consecutos
940 3764 1094 3830 videbam.
1153 3767 1230 3841 Sed,
1267 3791 1337 3835 eum
1359 3769 1393 3834 in
1414 3790 1488 3834 eum

170 3884 275 3930 casum
297 3883 347 3927 me
368 3862 493 3926 fortuna
515 3858 702 3931 demisisset,
740 3867 774 3923 ut
803 3869 856 3922 aut
877 3858 1022 3923 celeriter
1043 3859 1219 3944 pollicendo
1245 3883 1355 3948 magna
1376 3863 1409 3927 in
1431 3884 1488 3948 spe

170 3956 210 4022 ad
231 3955 456 4041 proficiendum
478 3952 699 4038 impedimenta
721 3972 931 4037 opponerem,
968 3965 1035 4026 aut,
1072 3953 1098 4017 si
1120 3953 1154 4018 in
1175 3974 1214 4020 eo
1235 3955 1311 4020 mibi
1333 3964 1488 4042 tempera·

169 4050 301 4124 vissein,
339 4048 475 4114 maiores
504 4046 683 4111 occasiones
713 4045 752 4110 ad
783 4045 1000 4131 opitulandum
1029 4046 1194 4123 haberem,
1230 4048 1407 4135 expeditius
1427 4048 1488 4114 iter

170 4147 343 4208 communis
364 4142 472 4207 salutis
494 4162 587 4226 quam
602 4160 689 4204 meae
711 4138 811 4204 laudis
828 4161 897 4205 esse
911 4140 1007 4205 volui.
1049 4146 1125 4205 Nam
1148 4142 1217 4228 quis
1238 4142 1269 4207 in
1292 4163 1328 4207 ea
1350 4142 1487 4218 fortuna,

133 4258 250 4323 eaquae
272 4257 341 4301 mea
363 4245 426 4310 est,
449 4245 479 4301 et
501 4233 540 4299 ab
560 4257 596 4299 ea
618 4234 698 4306 vita,
721 4253 815 4318 quam
835 4233 868 4297 in
889 4254 940 4298 me
962 4234 1117 4318 cognitam
1138 4234 1317 4302 bominibus
1338 4235 1487 4310 arbitror,

171 4341 293 4395 etcum
316 4351 352 4395 ea
374 4351 445 4415 spe,
480 4350 573 4415 mam
596 4327 627 4391 in
649 4324 792 4391 manibus
814 4325 935 4401 babeo,
971 4337 1025 4393 aut
1046 4328 1207 4394 sordidum
1230 4328 1400 4416 quidquam
1422 4327 1487 4415 pati

241 4544 266 4590 t.
286 4543 365 4589 etiem
383 4539 471 4587 carnal
488 4538 534 4588 bf:
554 4539 633 4587 etiam
650 4545 674 4587 et
692 4538 782 4586 consul
800 4538 830 4587 ti.
863 4562 892 4573 -
930 4538 956 4587 2.
977 4545 1033 4586 tum
1050 4537 1205 4588 Manutius:
1225 4546 1255 4587 tn
1272 4538 1315 4598 Μ,
1335 4545 1384 4588 tna
1401 4537 1433 4588 ll.
1455 4561 1487 4573 -

170 4613 196 4664 3.
216 4612 260 4661 red
278 4612 357 4660 ettam
374 4622 474 4657 mmma
493 4608 609 4657 malebat
629 4607 776 4656 Ernesttns.
810 4632 839 4643 -
876 4608 903 4658 d.
923 4616 952 4657 tu
969 4609 998 4655 in
1015 4609 1170 4668 mpcrtendo
1188 4621 1219 4657 cc
1237 4608 1394 4658 Mareotica:
1414 4615 1443 4658 tn
1458 4609 1489 4657 ia

169 4681 326 4744 metiendo
343 4681 372 4727 ia
389 4692 420 4727 aa
436 4678 483 4737 Μ,
515 4685 543 4726 to
561 4679 760 4740 experiendam
778 4692 808 4726 ea
829 4678 858 4727 ll.
892 4704 920 4714 -
977 4676 1021 4726 ao.
1040 4691 1137 4740 magna
1154 4680 1183 4726 ia
1199 4691 1244 4739 cpe
1261 4679 1297 4727 ad
1314 4678 1359 4728 tlt:
1389 4692 1488 4741 magne

169 4753 233 4802 milti
261 4752 316 4813 ipsc
345 4755 456 4799 auctore
481 4749 581 4798 flutilio
606 4748 636 4797 ll.
675 4749 745 4798 fort.
768 4762 866 4813 magne
890 4749 920 4798 ia
938 4760 982 4809 cpe
999 4761 1096 4812 mcpna
1113 4749 1158 4796 nd.
1178 4746 1230 4798 On.
1253 4771 1280 4781 —
1318 4748 1363 4798 39.
1382 4742 1487 4809 salutm]

169 4824 235 4874 sctis
252 4821 289 4873 M.
313 4844 339 4855 -
378 4818 422 4869 to.
442 4819 608 4868 ornemusd.
716 4840 719 4847 ·
