3256 5400
177 211 240 279 252
603 208 877 276 EPISTOLARUM
897 212 951 275 an
972 211 1063 274 ml.

178 373 210 438 in
232 393 293 456 qua
314 370 404 436 facile
425 368 586 433 declarare
607 367 709 453 possis
730 376 816 432 tuam
837 386 912 452 erga
933 387 983 432 me
1005 365 1266 432 benevolentiam.
1309 374 1344 434 L.
1368 369 1499 455 Oppius,

177 473 217 534 Μ.
252 472 284 532 F.
314 463 491 531 Philomelii
522 461 720 547 negotiatur,
760 459 858 528 homo
885 460 962 526 mihi
988 460 1162 527 familiaris.
1218 466 1296 527 Esun
1324 463 1382 528 tihi
1407 463 1500 528 unice

177 559 362 628 commendo
391 576 497 644 eoque
521 555 636 641 magis,
670 554 756 641 quod
786 576 859 621 cum
890 555 994 641 ipsum
1022 554 1136 640 diligo,
1165 566 1232 621 tum
1260 557 1346 643 quod
1374 558 1500 643 negotia

177 662 327 744 procurat
358 655 394 718 L.
421 650 542 736 Egnatii
570 646 662 723 Rufi,
693 670 757 735 qno
789 669 849 734 ego
875 670 940 714 uno
969 648 1073 736 equite
1095 656 1236 717 Romano
1258 649 1501 716 familiarissime

155 760 250 817 ⁵ntor
277 757 308 813 ct
340 746 394 833 qui
426 765 497 811 cnm
525 741 750 809 consuetudine
780 741 975 829 quotidiana,
1007 751 1072 809 tum
1102 744 1212 810 officiis
1234 744 1379 831 plurimis
1401 746 1502 812 maxi·

176 844 299 929 misque
327 840 405 905 nsilri
438 839 621 905 coniunctus
656 844 713 901 est.
755 839 786 901 2.
821 834 955 922 Oppium
977 836 1075 921 igitur
1094 849 1291 924 praesentem
1313 848 1347 905 ut
1369 838 1500 923 diligas,

175 936 297 1024 Egnatii
321 933 458 1000 absentis
483 954 551 998 rem
581 941 615 996 ut
643 939 767 1003 tueare,
804 950 904 1015 acque
933 952 951 995 a
980 941 1010 996 te
1043 941 1138 1017 peto,
1170 955 1207 998 ac
1235 933 1261 998 si
1283 953 1352 998 mea
1374 933 1500 1017 negotia

176 1039 290 1098 essent.
343 1028 445 1096 Velim
473 1025 646 1091 memoriae
675 1033 747 1089 tuae
775 1044 867 1088 causa
890 1024 945 1090 des
966 1025 1143 1091 litterarum
1168 1027 1302 1114 aliquid,
1339 1048 1420 1114 quae
1442 1026 1501 1092 tibi

175 1126 209 1191 in
229 1122 390 1210 provincia
411 1120 600 1196 reddantur;
636 1117 691 1183 scd
723 1117 767 1182 ita
795 1115 994 1193 conscribas,
1024 1128 1059 1185 ut
1086 1129 1172 1195 tum,
1208 1142 1280 1186 cum
1309 1141 1362 1186 eas
1393 1121 1499 1207 leges,

141 1217 267 1284 'tlacile
288 1214 451 1281 recordari
479 1215 580 1301 possis
601 1213 694 1279 huius
715 1231 803 1275 mcae
824 1211 1101 1279 commendationis
1123 1214 1324 1299 diligentiam.
1377 1217 1444 1279 lloc
1466 1223 1498 1279 te

176 1312 379 1379 vehementer
400 1314 493 1376 etiam
515 1317 609 1394 atquc
630 1310 724 1372 ctiam
745 1323 835 1389 rogo.

578 1476 685 1540 XLIV.
728 1473 820 1550 (ame
842 1476 880 1540 A.
906 1477 938 1540 ll.
961 1477 994 1540 C.
1015 1477 1103 1555 ⁷10.)

642 1617 784 1682 clolano
808 1616 937 1682 GALLO
962 1617 994 1679 S.

260 1751 325 1817 Etsi
347 1771 388 1815 ex
410 1749 472 1815 tuis
493 1756 525 1812 et
546 1768 586 1812 ex
607 1749 642 1811 L.
666 1745 774 1832 Oppii,
807 1744 1041 1811 familiarissimi
1062 1746 1141 1823 mei,
1173 1746 1286 1813 litteris
1312 1751 1446 1833 cognovi
1469 1759 1500 1815 to

146 1858 349 1911 rememorem
371 1839 651 1908 commendationis
680 1859 769 1905 meae
800 1837 899 1904 luisse
927 1838 1022 1926 idque
1054 1860 1114 1926 pro
1135 1849 1189 1906 tna
1209 1863 1330 1907 summa
1352 1863 1426 1928 erga
1449 1865 1499 1910 me

176 1935 394 2013 benevolentia
415 1955 538 2022 proque
560 1941 667 2000 nostra
688 1932 916 1998 necessitudine
938 1933 1066 1999 minime
1088 1955 1156 1999 sum
1178 1934 1365 2011 admiratus,
1394 1948 1500 2003 tamen

176 2032 270 2097 etiam
293 2039 386 2116 atque
409 2030 503 2095 ctiam
525 2027 582 2094 tibi
609 2033 644 2094 L.
667 2026 803 2113 Oppium
824 2035 1021 2112 praesentem
1043 2035 1075 2091 ct
1095 2031 1129 2092 L.
1152 2028 1288 2112 Egnatii,
1326 2032 1388 2096 mei
1408 2031 1500 2098 fami-

175 2123 351 2199 liarissimi,
381 2122 519 2189 absentis
540 2121 666 2208 negotia
687 2119 884 2186 commendo.
934 2126 1030 2186 Tanta
1051 2120 1128 2185 milri
1149 2142 1220 2186 cum
1242 2143 1281 2187 eo
1303 2125 1500 2192 necessitudo

176 2227 224 2284 est
245 2216 516 2304 familiaritasque,
552 2224 601 2289 nt,
624 2216 651 2280 si
672 2234 743 2280 mea
766 2235 818 2280 res
839 2224 937 2290 esset,
970 2235 1035 2280 non
1055 2216 1155 2301 magis
1175 2215 1363 2284 laborarem.
1415 2222 1499 2297 Qua·

139 2321 306 2401 topropter
326 2312 543 2399 gratissimum
571 2310 650 2375 mihi
678 2309 806 2384 leceris,
840 2309 867 2374 si
894 2311 1031 2386 curaris,
1067 2318 1103 2376 ut
1128 2310 1156 2377 is
1177 2312 1327 2398 intelligat
1354 2322 1499 2378 meato

175 2414 292 2471 tantum
320 2406 434 2481 amari,
468 2414 622 2492 quantsun
651 2404 718 2490 ipse
748 2402 905 2470 existimo.
947 2406 1016 2469 Hoc
1044 2403 1121 2470 mihi
1152 2406 1272 2491 gratius
1298 2406 1401 2472 lacere
1423 2407 1499 2473 nihil

175 2507 281 2587 potes;
303 2499 398 2585 idque
419 2507 455 2565 ut
475 2499 586 2575 iacias,
609 2497 812 2563 vehementer
832 2504 863 2562 te
884 2517 976 2583 rogo.

582 2667 673 2731 aasz
715 2665 808 2747 (ame
830 2665 868 2731 A.
892 2669 924 2731 u.
947 2669 979 2733 c.
1001 2669 1091 2751 rso.)

586 2807 731 2873 CICERO
752 2808 944 2871 APPULEIO
966 2809 1086 2885 PROQ.

139 2954 168 2998 aa
260 2942 295 3005 L.
325 2939 456 3023 Egnatio
484 2958 549 3002 nno
579 2936 684 3023 equite
712 2941 854 3003 Romano
881 2936 932 3002 vel
951 2935 1194 3005 familiarissime
1215 2948 1297 3008 utor.
1341 2942 1416 3007 Eius
1437 2947 1499 3009 An·

175 3031 311 3098 chinium
339 3053 465 3098 servum
492 3031 696 3116 negotiaque,
733 3050 814 3116 quae
847 3029 942 3096 habet
962 3031 996 3095 in
1023 3031 1112 3107 Asia,
1148 3032 1205 3098 tibi
1227 3031 1413 3101 commendo
1435 3057 1498 3100 non

174 3126 298 3192 minora
319 3126 438 3203 studio,
461 3146 556 3213 qnam
577 3125 604 3191 si
625 3145 694 3189 rem
715 3144 819 3190 meam
838 3124 1102 3192 commendarem.
1159 3126 1211 3192 Sic
1232 3128 1316 3194 enim
1338 3129 1499 3194 existimes

174 3219 285 3294 velim,
317 3219 394 3285 mihi
423 3241 495 3285 cum
524 3241 563 3286 co
591 3240 655 3285 non
682 3217 778 3283 modo
805 3217 1020 3304 qnotidianam
1053 3222 1311 3288 consuetudinem
1344 3242 1499 3288 summam

175 3314 387 3389 intercedere,
420 3314 476 3379 sed
503 3314 597 3379 etiam
630 3311 733 3379 officia
765 3332 877 3397 magna
906 3321 938 3378 et
967 3324 1074 3379 mutua
1106 3314 1212 3381 nostra
1233 3315 1317 3381 inter
1339 3337 1397 3382 nos
1418 3338 1498 3382 essa.

138 3406 389 3484 ”Quamobrem
411 3413 504 3473 etiam
525 3416 618 3493 atquc
640 3406 733 3471 etiam
754 3426 773 3470 a
795 3414 825 3471 te
846 3413 940 3492 peto,
967 3416 1004 3472 ut
1023 3428 1133 3484 cures,
1154 3418 1191 3475 nt
1211 3409 1363 3495 intelligat
1383 3430 1433 3474 mc
1455 3409 1496 3475 ad

175 3508 206 3565 te
227 3501 300 3566 satis
322 3501 489 3587 diligenter
509 3499 686 3586 scripsisse;
709 3519 780 3564 nam
803 3496 842 3563 dc
864 3508 917 3564 tua
938 3520 1014 3585 erga
1035 3523 1086 3567 me
1107 3502 1266 3569 voluntate
1287 3524 1352 3570 non
1373 3501 1497 3570 dubito·

175 3592 238 3661 bat.
282 3594 317 3661 ld
337 3603 373 3661 nt
393 3594 505 3671 facias,
527 3604 558 3660 te
580 3594 672 3659 etiam
693 3602 787 3679 atque
808 3592 902 3658 etiam
923 3614 1015 3680 rogo.
1058 3595 1144 3663 Vale.

506 3765 612 3828 XLVI.
653 3762 784 3843 (Eodem
802 3782 902 3835 anno,
924 3784 981 3846 qno
1004 3766 1168 3847 mperior.)

628 3872 770 3967 cronno
792 3899 983 3968 meorum
1004 3906 1036 3968 s,

137 4056 166 4100 aa
260 4037 293 4101 L.
330 4034 456 4100 Nostius
484 4034 588 4099 Zoilus
610 4042 658 4096 est
678 4032 809 4097 coheres
831 4054 934 4105 meus,
967 4032 1059 4099 heres
1081 4046 1184 4100 autem
1206 4036 1329 4121 patroni
1351 4039 1409 4103 sui.
1453 4043 1497 4103 Ea

173 4150 210 4196 re
237 4139 408 4215 utrumqne
441 4127 567 4214 scripsi,
598 4134 633 4191 ut
662 4135 693 4189 et
721 4126 797 4191 mihi
819 4147 889 4191 cum
911 4126 966 4192 illo
987 4147 1111 4193 causam
1133 4130 1287 4195 amicitiae
1309 4131 1406 4196 scires
1428 4154 1496 4198 esse

174 4231 207 4287 et
227 4221 387 4287 hominem
408 4220 543 4306 probum
564 4218 776 4293 existimares,
798 4220 854 4306 qni
874 4225 997 4305 patroni
1019 4220 1137 4286 iudicio
1152 4232 1280 4288 ornatus
1295 4237 1385 4291 esset.
1415 4231 1495 4292 Eum

174 4416 241 4476 tnm
273 4408 350 4484 erit,
384 4409 412 4473 si
438 4413 578 4483 curaris,
615 4416 649 4474 ut
677 4405 829 4491 intelligat
855 4406 935 4472 hanc
955 4409 1257 4478 commendationem
1279 4410 1340 4477 sibi
1361 4413 1444 4497 apud
1466 4424 1496 4479 te

138 4520 288 4588 comagno
310 4501 491 4568 adiumento
512 4502 620 4568 fuisse.

244 4712 271 4762 1.
290 4713 365 4776 optata
383 4711 421 4764 Μ.
440 4740 474 4748 -
516 4711 544 4762 2.
564 4712 710 4763 Philomelii
726 4710 862 4764 mollius:
890 4709 1027 4761 Philomeli
1042 4711 1103 4762 ult.
1134 4734 1164 4748 -
1200 4711 1227 4762 5.
1255 4716 1301 4776 qui
1318 4728 1376 4763 com
1392 4726 1496 4765 cornoc-

174 4781 264 4834 motae
280 4782 338 4833 Vb:
358 4784 404 4847 gol
420 4783 602 4835 consuetudine
618 4783 680 4837 ME.
700 4805 731 4820 -
768 4781 813 4834 14.
830 4780 881 4833 nael
897 4793 953 4832 om·
973 4780 1011 4834 ld·
1031 4803 1062 4818 -
1098 4782 1143 4836 29.
1161 4789 1255 4835 nostro
1272 4783 1339 4835 secl.
1357 4784 1389 4836 B.
