3256 5400
620 226 697 289 tm.
717 226 772 289 111.
813 226 874 291 ΕΡ.
897 227 948 291 10.
1430 228 1472 290 47

141 403 236 450 mone
266 382 364 450 multa
390 381 506 467 scripta
533 394 607 448 eunt
641 381 698 448 abe
728 393 769 449 te
826 388 894 470 Ego
916 392 1018 451 summ
1041 383 1134 451 eitius
1154 404 1227 451 orm
1248 406 1304 462 eo,
1326 386 1382 473 quei
1403 395 1473 453 tuae

140 479 322 546 inimicitias
342 477 547 562 susoepiaset‚
569 488 711 543 veterem
732 478 985 546 coniunctionem
1007 478 1220 556 diremissem,
1242 500 1336 567 quam
1356 501 1472 547 noram

141 575 375 650 eonciliassem3
405 593 508 658 neque
530 572 615 637 enim
636 572 676 638 de
698 593 771 638 meo
793 592 869 657 erga
889 581 921 637 te
942 571 1048 638 studio
1069 572 1215 640 dubitare
1235 572 1349 649 debes,
1368 594 1474 661 neque

143 669 176 735 id
197 677 246 734 eet
278 666 449 734 obscurum
480 667 626 754 cuiquam
655 667 688 732 in
710 667 874 753 provintia
894 686 952 731 nee
974 672 1091 731 Romae
1112 666 1182 734 luit
1232 672 1262 734 e.
1285 666 1348 733 Sed
1368 675 1473 735 tamen

141 762 335 848 signifieatur
364 761 398 826 in
427 761 488 826 tuis
514 762 628 827 litteris
660 761 799 847 euspicio
821 760 974 846 quaedam
1002 769 1035 825 et
1060 758 1215 826 dubitatio
1246 770 1314 838 tua,
1350 762 1389 828 de
1411 782 1498 850 quas

141 858 281 923 alierium
300 864 425 941 ternpus
442 865 490 920 est
510 854 587 920 mibi
602 864 706 920 tecum
721 854 957 941 expostulandi,
978 854 1135 941 purgandi
1156 864 1260 920 autem
1282 856 1345 922 mei
1366 877 1475 923 neces·

142 950 272 1016 aerium.
316 947 374 1015 Ubi
407 948 489 1013 enim
519 969 579 1033 ego
601 949 747 1034 cuiquam
769 948 917 1034 legationi
939 947 985 1013 lui
1006 947 1248 1033 impedimento,
1284 951 1474 1037 quominus

144 1049 274 1110 llornam
296 1041 335 1107 ad
357 1042 481 1108 laudem
503 1052 589 1107 tuam
609 1043 809 1108 mitteretur?
832 1052 887 1107 aut
907 1042 941 1107 in
961 1062 1026 1128 quo
1047 1041 1153 1128 potui,
1176 1042 1204 1107 si
1225 1051 1256 1108 te
1272 1042 1375 1131 palam
1390 1045 1475 1111 odis·

118 1158 228 1213 .eem,
256 1135 360 1201 minus
391 1135 476 1222 quod
499 1135 556 1201 tibi
578 1136 717 1211 obesset,
753 1136 879 1201 laceret
911 1137 1056 1212 siclam,
1078 1136 1475 1223 magisaperteinimicus

144 1236 235 1297 esset
264 1229 387 1309 Quodsi
417 1250 536 1295 esssem
557 1251 595 1295 ea
615 1230 762 1316 pertidia,
786 1251 848 1317 qua
878 1239 951 1296 sunt
976 1230 1015 1304 ii,
1048 1230 1104 1317 qni
1130 1230 1164 1295 in
1184 1250 1242 1296 nos
1269 1229 1348 1295 baec
1367 1230 1512 1299 eonio-o

143 1334 236 1400 runt,
264 1335 370 1389 tamen
391 1344 429 1388 ea
450 1324 580 1390 stultitia
600 1334 686 1389 certe
708 1346 772 1390 nou
793 1323 942 1399 fuissem,
962 1332 999 1389 ut
1012 1332 1067 1389 aut
1085 1324 1119 1390 in
1133 1322 1270 1391 obstaaro
1290 1325 1365 1390 odio
1383 1347 1478 1413 aper·

143 1429 191 1484 tas
212 1416 407 1492 inimicitias,
429 1427 498 1492 aut,
520 1418 554 1482 in
574 1438 639 1505 qno
660 1417 718 1483 tibi
740 1417 817 1483 nibil
839 1438 1003 1493 nocerem,
1026 1438 1180 1484 summam
1201 1419 1401 1486 ostenderem
1418 1440 1476 1489 vo-
1565 1413 1567 1418 ’

144 1513 294 1579 luntatena
314 1511 459 1578 nocendi.
503 1510 550 1576 Ad
572 1531 623 1576 me
644 1511 734 1576 adire
756 1511 908 1598 quosdam
927 1511 1071 1586 memini,
1094 1511 1244 1579 nimirum
1266 1533 1308 1579 ex
1321 1514 1474 1600 Epicteto,

144 1605 200 1692 qni
220 1604 362 1670 dicerent
382 1605 476 1670 nimis
498 1624 628 1689 magnos
648 1613 791 1691 sumptus
812 1606 922 1691 legatis
944 1605 1088 1671 decerni:
1113 1604 1228 1692 quibus
1250 1626 1311 1691 ego
1332 1629 1396 1685 non
1411 1618 1474 1676 tam

146 1698 298 1786 Mperari
325 1719 419 1785 qum
449 1699 557 1764 censui
585 1708 727 1785 sumptus
752 1698 864 1784 legatis
892 1719 987 1786 quam
1014 1698 1151 1764 maxime
1172 1700 1212 1767 ad
1233 1699 1335 1785 legem
1357 1706 1513 1769 Corne-rs

145 1794 219 1860 liam
241 1792 468 1859 decernendos.
522 1796 626 1878 Atque
651 1793 684 1858 in
713 1812 753 1858 eo
780 1793 853 1879 ipso
879 1813 931 1857 me
958 1813 1022 1859 non
1043 1813 1265 1879 perseverasse
1287 1802 1381 1862 testes
1401 1806 1475 1864 sunt

144 1887 283 1952 rationes
294 1886 469 1961 civitatum,
491 1885 524 1951 in
539 1885 670 1972 quibus,
691 1893 842 1973 quantum
861 1907 1006 1972 quaeque
1026 1885 1140 1963 voluit,
1163 1886 1273 1972 legatis
1291 1889 1353 1956 tuie
1368 1889 1474 1957 datum

144 1980 279 2046 induxit.
327 1983 359 2046 7.
386 1985 431 2045 Te
459 1989 564 2044 autem
591 1978 707 2066 quibus
735 1979 906 2045 mendaciis
932 1979 1076 2046 bomines
1103 1981 1255 2047 levissimi
1286 1988 1474 2051 onerarunt!

144 2095 210 2140 non
230 2072 326 2140 modo
347 2073 487 2139 sublatos
507 2082 664 2160 sumptus,
687 2073 743 2139 sed
764 2075 859 2140 etiam
880 2072 1173 2161 aproeuratoribus
1193 2095 1321 2152 eorum,
1343 2079 1398 2165 qui
1412 2079 1475 2145 iam

145 2167 280 2255 proiecti
301 2177 420 2243 essent,
443 2167 595 2253 repetitos
616 2177 649 2232 et
669 2166 807 2246 ablatoe;
831 2188 965 2255 eemquo
986 2189 1111 2233 eausam
1132 2168 1238 2235 multis
1260 2171 1389 2239 omnino
1410 2192 1513 2239 nonee

146 2261 241 2329 eundi
263 2261 371 2327 baisse.
415 2263 577 2340 Quererer
598 2269 703 2327 tecum
724 2270 819 2348 atque
840 2261 1094 2348 expostularem,
1116 2263 1165 2338 ni,
1178 2271 1222 2328 ¹ut
1243 2284 1339 2349 supra
1353 2266 1474 2352 aeripsi,

146 2376 284 2442 purgare
305 2376 356 2420 me
378 2353 435 2421 tibi
456 2354 518 2420 boo
539 2364 594 2421 tuo
616 2366 761 2441 tempore
782 2375 876 2442 quam
898 2375 1045 2421 eoousare
1068 2363 1098 2420 te
1120 2355 1246 2420 mallem
1267 2356 1364 2444 idque
1385 2368 1475 2445 puta·

146 2469 214 2514 rem
236 2470 306 2515 esse
325 2448 454 2514 rectius.
495 2452 604 2534 ltaque
625 2447 702 2514 nibil
718 2448 757 2514 de
778 2457 828 2524 te,
851 2447 939 2535 quod
960 2447 1150 2527 crediderim
1172 2448 1213 2514 de
1234 2470 1300 2525 me,
1322 2451 1475 2538 quamob-

145 2563 215 2609 rem
247 2564 312 2608 non
343 2541 492 2608 debueris
520 2541 668 2617 eredere,
698 2561 797 2628 pauca
825 2541 938 2608 dicam.
992 2546 1070 2607 Nam
1091 2542 1119 2607 si
1140 2543 1317 2609 merirum
1338 2543 1474 2622 bonum,

146 2636 324 2721 eidignum
352 2636 392 2701 iia
424 2633 536 2701 studiis
564 2655 664 2721 eaque
694 2634 855 2711 doctrina,
888 2635 941 2700 mai
962 2656 1013 2701 me
1035 2656 1054 2700 a
1075 2636 1211 2722 pueritia
1232 2635 1318 2712 dedi,
1352 2638 1379 2703 si
1401 2639 1514 2705 satiate
1563 2651 1568 2667 ¹

146 2731 250 2815 magui
272 2730 389 2803 animi,
423 2749 488 2794 non
509 2728 630 2793 minimi
651 2727 776 2794 consilii
796 2729 830 2794 in
850 2728 997 2795 maximis
1020 2727 1116 2795 rebus
1137 2739 1336 2815 perspectum
1357 2730 1474 2799 babes:

146 2824 224 2891 nibil
252 2825 285 2889 in
314 2844 366 2888 me
393 2842 457 2888 non
486 2822 582 2888 modo
610 2819 815 2908 perfidiosum
837 2831 869 2887 et
889 2821 1078 2888 insidiosum
1098 2831 1132 2888 et
1151 2822 1246 2888 fallax
1268 2823 1301 2888 in
1322 2823 1475 2900 amicitia,

146 2918 202 2985 sed
222 2939 264 2983 ne
285 2916 403 2982 humile
424 2915 553 3003 quidem
573 2925 628 2982 ant
647 2915 790 2981 ieiunum
811 2914 908 2981 debes
928 2937 1111 3000 agnoscere.
1169 2920 1199 2982 8.
1221 2917 1276 2984 Sin
1298 2927 1403 2983 autem
1424 2941 1476 2986 me

146 3021 283 3078 astutum
305 3020 338 3077 et
358 3010 515 3076 oecultum
535 3008 625 3075 lubet
643 3006 779 3094 ingere:
802 3008 880 3096 quid
900 3019 963 3085 est,
986 3008 1073 3097 quod
1094 3009 1197 3075 minus
1211 3010 1325 3077 eadere
1339 3012 1372 3078 in
1391 3013 1477 3080 eiua·

146 3106 233 3172 modi
256 3115 400 3171 naturam
420 3104 541 3191 possit,
572 3124 667 3190 quam
687 3111 743 3168 aut
762 3101 978 3169 florentissimi
999 3101 1134 3169 bominis
1155 3104 1317 3189 aspernari
1338 3105 1514 3175 beneio-ee

147 3200 276 3266 lentiam
296 3207 350 3264 aut
370 3197 441 3264 eius
467 3196 732 3264 existimationem
754 3215 937 3283 oppugnare
968 3195 1001 3263 iu
1021 3195 1204 3281 pruvinum
1242 3198 1331 3264 cuius
1351 3199 1476 3267 laudem

147 3293 235 3360 domi
255 3290 451 3369 defenderim
474 3298 529 3357 aut
549 3291 582 3357 in
602 3311 641 3355 ea
662 3310 699 3354 re
720 3289 859 3354 animum
880 3287 1047 3354 ostendere
1065 3288 1242 3365 inimicum,
1264 3289 1297 3355 in
1319 3314 1383 3379 qua
1397 3293 1476 3359 nibil

147 3386 233 3453 obsis
250 3409 260 3464 ;
296 3394 351 3451 aut
369 3384 403 3450 id
423 3383 543 3470 eligere
563 3382 604 3449 ad
623 3381 805 3469 perfidiam,
826 3381 914 3469 qnod
934 3381 975 3447 ad
995 3381 1195 3447 indicandum
1217 3383 1325 3449 odium
1346 3386 1480 3470 apertis-

147 3480 260 3546 simum
283 3479 340 3555 ait,
374 3477 414 3543 ad
434 3476 614 3542 nooendum
632 3475 849 3542 levissimum?
893 3475 979 3554 Quid
1000 3483 1068 3541 erat
1089 3485 1208 3551 autem,
1230 3496 1288 3541 cur
1310 3498 1369 3563 ego
1391 3478 1425 3545 in
1446 3488 1478 3544 te

148 3584 212 3639 tam
232 3571 439 3660 impluenbilis
459 3591 581 3644 essem,
602 3590 675 3635 eum
696 3579 727 3634 te
748 3590 791 3635 ex
811 3569 910 3635 fratre
931 3589 1003 3635 meo
1026 3590 1066 3635 ne
1082 3578 1156 3635 tuno
1169 3569 1312 3657 quidem,
1335 3592 1407 3637 cum
1420 3571 1516 3638 tibias

149 3688 249 3754 prope
270 3686 398 3733 neeesse
419 3673 501 3731 esset
522 3684 576 3729 eas
596 3684 692 3749 agere
713 3671 833 3749 partes,
866 3662 1028 3729 inimimm
1049 3662 1127 3728 mibi
1146 3662 1244 3759 luisse
1265 3672 1477 3748 cognossem?

150 3766 228 3828 Cum
249 3782 328 3826 vero
349 3758 485 3825 reditum
506 3767 650 3823 nostrum
670 3757 704 3823 in
725 3757 857 3842 gratiam
877 3765 1012 3842 uterque
1034 3757 1220 3842 expetisset,
1251 3757 1327 3844 quid
1349 3756 1381 3823 in
1403 3779 1479 3824 con·

150 3853 251 3919 sulatu
274 3861 329 3918 tuo
350 3852 467 3918 frustra
487 3849 740 3940 meeumegisti,
764 3850 850 3938 quod
871 3871 922 3916 me
943 3859 997 3915 aut
1018 3848 1123 3915 lacere
1144 3859 1198 3916 aut
1220 3851 1339 3917 sentire
1360 3853 1478 3918 voluis-

150 3953 223 4013 ses?
267 3943 352 4024 Quid
381 3942 459 4011 mibi
487 3943 655 4020 mandasti,
692 3962 765 4010 eum
791 3952 823 4010 te
851 3943 989 4010 Puteolis
1011 3963 1240 4031 prosequerer,
1272 3944 1306 4009 in
1327 3967 1392 4032 quo
1414 3967 1477 4011 uon

151 4040 419 4126 easpeetatiooem
440 4047 527 4104 uram
547 4039 707 4124 diligentia
728 4058 798 4104 mea
819 4038 972 4104 vicerim?
1016 4043 1046 4103 9.
1069 4037 1192 4116 Quodsi
1212 4038 1246 4104 id
1268 4048 1316 4105 est
1340 4040 1517 4109 maximeee

151 4133 263 4208 astuti,
285 4134 392 4199 omnia
412 4132 453 4201 ad
473 4154 562 4199 suam
583 4132 749 4199 utilitatem
770 4131 909 4208 referre,
931 4131 1008 4218 quid
1029 4130 1106 4195 mibi
1124 4130 1250 4196 tandem
1271 4140 1338 4199 erat
1358 4132 1477 4210 utilius,

151 4229 226 4317 quid
247 4228 422 4295 commodis
444 4229 523 4293 meis
543 4226 663 4315 aptius,
697 4220 792 4314 mam
813 4227 950 4293 bominis
978 4225 1166 4293 nobilissimi
1187 4235 1281 4314 atque
1303 4225 1481 4293 bonor-atis

151 4322 221 4388 simi
242 4321 439 4388 coniunctio:
473 4321 563 4387 cuius
584 4341 677 4408 opes,
710 4321 891 4406 ingenium,
913 4319 1024 4395 liberi,
1046 4319 1172 4395 affines,
1194 4321 1380 4407 propinqui,
1400 4321 1479 4387 mibi

151 4437 264 4503 magno
290 4418 341 4483 vel
370 4424 555 4482 ornamento
582 4414 634 4481 vel
667 4415 828 4502 praesidio
859 4434 927 4480 esse
963 4419 1114 4501 possent?
1158 4416 1248 4492 Quae
1282 4423 1385 4479 tamen
1417 4434 1478 4499 ego

221 4600 249 4651 b.
274 4598 565 4664 uastptoquedoesll.
587 4620 615 4632 -
635 4598 662 4649 9.
682 4594 1255 4660 “commendatorem-wesema.
1276 4619 1305 4630 -
1328 4593 1480 4658 llbeolee

152 4669 189 4720 ll.
210 4692 242 4706 -
259 4665 291 4732 et]
310 4671 338 4719 et
355 4669 393 4721 bl.
419 4689 452 4705 -·
488 4669 531 4719 tt.
551 4669 676 4717 nimirum
693 4681 726 4718 es
743 4669 862 4730 Epicteto
882 4681 937 4717 om.
959 4667 999 4727 B,
1025 4666 1137 4717 seclusit
1166 4665 1197 4716 ll.
1226 4692 1258 4702 -
1305 4665 1350 4715 ΞΟ.
1370 4668 1480 4729 reperti-

152 4748 192 4790 toe
207 4739 247 4792 tt.
276 4761 308 4775 -
344 4738 389 4789 2³.
415 4739 571 4789 aestuem.-
602 4739 633 4787 de
650 4751 709 4794 me,
740 4737 907 4802 quomobrem
929 4736 1184 4800 flengni-laguna:
1211 4735 1352 4785 credideris
1369 4737 1401 4785 de
1420 4750 1478 4795 πως

151 4810 317 4874 quemobrem
337 4809 366 4860 lt.
388 4832 419 4845 -
456 4810 501 4859 25.
518 4811 553 4858 tte
570 4807 733 4859 Cratander:
754 4809 794 4857 ble
812 4807 872 4860 ult.
894 4830 924 4844 -
945 4807 990 4858 20.
1010 4807 1078 4858 lebet
1096 4807 1128 4857 lta
1147 4806 1217 4856 lebet
1235 4804 1280 4856 tt:
1300 4805 1376 4856 munt
1394 4805 1425 4856 R.
1447 4828 1478 4843 -

153 4880 195 4931 8⁹.
214 4881 257 4930 Aa
276 4880 416 4929 Mentor?
435 4878 487 4930 Oa.
508 4904 535 4915 -
573 4879 619 4928 to.
637 4879 728 4928 sterne
746 4877 864 4928 ualebat
882 4877 1032 4928 Ernestlae.
