3256 5400
168 245 230 308 270
606 238 881 307 EPISTULARUM
903 241 955 306 AD
976 241 1067 304 ΕΔΜ.

170 400 295 485 negotia
316 419 399 470 esse,
429 406 464 463 ut
485 408 516 462 et
536 419 594 462 vos
617 397 685 463 istic
706 399 958 463 commodissime
980 416 1102 482 sperem
1125 418 1194 461 esse
1216 406 1248 462 et
1261 418 1311 461 me
1326 398 1494 486 aliqnando

169 515 241 561 eum
263 491 416 559 similibus
437 490 538 556 nostri
559 513 627 557 rem
653 492 811 579 publicam
834 492 1028 557 defensuros.
1065 546 1067 550 .
1085 495 1115 556 3.
1149 497 1196 557 Tu
1217 497 1352 577 primum
1376 494 1495 558 valetu-

169 588 274 653 dinem
297 598 381 652 tuam
403 585 498 650 velim
519 607 627 665 cures;
650 587 783 661 deinde,
805 587 863 651 tibi
885 588 912 651 si
933 584 1111 659 videbitur,
1137 585 1217 651 villis
1239 587 1278 650 iis
1292 596 1391 658 utere,
1414 607 1494 672 quae

169 681 350 766 longissime
376 676 510 744 aberunt
542 702 559 745 a
586 681 747 748 militibus.
803 681 912 747 Fundo
944 681 1084 765 Arpinati
1113 677 1193 744 bene
1214 681 1334 766 poteris
1356 682 1400 745 nti
1423 701 1494 745 cum

146 776 285 841 »familia
307 773 442 847 urbana,
479 773 505 838 si
534 796 657 840 annona
682 781 787 841 carior
811 775 915 840 luerit.
939 775 1049 841 Cicero
1071 771 1259 839 bellissimus
1288 774 1341 841 tibi
1363 775 1494 840 salutem

170 869 334 957 plurimam
356 867 441 932 dicit.
483 867 584 933 Etiam
605 879 698 955 atque
721 876 816 935 etiam
838 869 917 934 vale.
960 874 998 933 Ι).
1020 888 1082 933 vu.
1107 866 1152 932 ld.
1174 872 1241 932 lun.
1304 915 1311 929 .

615 1006 1010 1093 wemmam,

548 1135 709 1197 TULLIUS
731 1136 949 1197 TERENTIAE
971 1130 1071 1196 SUAE
1092 1133 1123 1195 S.

258 1249 289 1310 S.
321 1250 359 1311 V.
387 1250 422 1308 B.
448 1246 483 1307 E.
514 1247 547 1308 E.
577 1247 614 1308 V.
658 1243 874 1309 Valetudinem
905 1252 988 1307 tuam
1007 1234 1110 1307 ‘velim
1133 1262 1224 1305 cures
1247 1240 1493 1326 diligentissime.

135 1342 245 1402 roNam
276 1337 353 1403 mibi
386 1347 417 1403 et
447 1338 597 1424 scriptum
629 1346 660 1402 et
692 1337 866 1402 nuntiatum
888 1345 935 1400 est
966 1346 996 1400 te
1022 1336 1053 1399 in
1076 1333 1190 1399 febrim
1213 1333 1317 1397 subito
1338 1334 1495 1398 incidisse.

170 1431 265 1510 Quod
286 1432 430 1498 celeriter
451 1452 500 1494 me
524 1430 623 1496 iecisti
645 1431 683 1495 de
706 1430 845 1496 Caesaris
866 1429 977 1493 litteris
1000 1429 1187 1503 certiorem,
1211 1427 1308 1492 iecisti
1331 1428 1406 1492 mibi
1425 1448 1497 1509 gra·

169 1535 245 1590 tum.
288 1530 364 1589 Item
386 1525 532 1611 posthac,
566 1525 592 1589 si
614 1524 690 1611 qnid
712 1545 791 1609 opus
813 1523 890 1598 erit,
927 1522 1052 1609 siquid
1081 1521 1227 1587 acciderit
1255 1521 1348 1597 novi,
1381 1522 1495 1592 iacies,

170 1629 205 1684 ut
226 1619 332 1683 sciam.
376 1623 472 1694 Cura,
494 1628 529 1684 ut
550 1618 663 1685 valeas.
707 1618 793 1683 Vale.
836 1623 874 1683 I).
896 1636 963 1682 1111.
987 1622 1090 1682 Nonas
1112 1621 1190 1709 lun.

647 1756 1014 1842 inmucmp

137 1903 163 1945 ro
516 1884 676 1948 TULLIUS
699 1884 917 1945 TERENTIAE
940 1883 1038 1945 SUAE
1060 1883 1092 1946 S.
1112 1883 1146 1945 P.

255 1992 301 2058 Ad
323 2001 444 2056 ceteras
459 2014 544 2056 meas
559 1991 702 2056 miserias
723 1992 852 2056 accessit
869 1991 992 2071 tactor
1015 2001 1045 2056 et
1066 1990 1245 2056 Dolabellae
1267 1989 1443 2054 valetudine
1465 1998 1496 2051 et

174 2086 213 2152 de
228 2087 357 2152 Tulliae.
402 2086 537 2149 Omnino
552 2084 591 2148 de
608 2083 753 2149 omnibus
767 2084 861 2149 rebus
884 2106 941 2149 nee
963 2085 1037 2172 quid
1059 2085 1179 2149 consilii
1202 2085 1320 2169 capiam
1342 2105 1399 2148 nec
1420 2081 1496 2169 quid

175 2180 285 2247 Iaciam
308 2179 384 2244 scio.
427 2183 474 2244 Tu
496 2179 589 2243 velim
612 2188 694 2243 tuam
717 2189 748 2243 et
768 2179 886 2244 Tulliae
908 2179 1117 2244 valetudinem
1140 2199 1241 2243 cures.
1285 2178 1369 2244 Vale.

662 2318 1019 2403 anunm)

136 2480 166 2522 2..
515 2442 675 2505 TULLIUS
698 2444 729 2505 S.
751 2446 787 2506 1).
810 2445 1029 2506 TERENTIAE
1051 2444 1159 2506 SUAE.

261 2552 344 2631 Quid
377 2551 444 2616 lieri
475 2551 626 2636 placeret,
648 2551 759 2636 scripsi
780 2552 820 2617 ad
840 2553 1048 2638 Pomponium
1069 2552 1190 2628 serius,
1228 2572 1322 2639 quam
1343 2551 1495 2636 oportuit.

176 2650 253 2714 Cum
276 2667 316 2711 eo
338 2646 364 2711 si
387 2646 489 2710 locuta
512 2649 585 2719 eris,
608 2645 769 2730 intelliges,
792 2645 868 2731 qnid
888 2645 957 2709 lieri
978 2645 1082 2709 velim.
1123 2645 1268 2730 Apertius
1289 2645 1401 2719 scribi,
1419 2668 1498 2732 quo-

176 2739 259 2804 niam
288 2738 325 2802 ad
359 2738 445 2803 illum
470 2739 672 2824 scripseram,
709 2760 835 2805 neeesse
862 2760 925 2804 non
952 2738 1020 2803 fuit.
1078 2744 1124 2803 Ile
1151 2761 1188 2804 ea
1213 2761 1248 2804 re
1270 2740 1361 2804 etde
1383 2740 1497 2803 ceteris

175 2831 272 2897 rebus
294 2852 386 2917 quam
408 2831 543 2916 primurn
567 2833 661 2897 velim
683 2831 774 2897 nobis
796 2833 913 2899 litteras
931 2834 1043 2897 mittas.
1087 2835 1303 2901 Valetudinem
1317 2843 1401 2899 tuam
1422 2855 1498 2899 cura

139 2946 168 2989 aa
177 2926 354 3011 diligenter.
396 2925 482 2990 Vale.
525 2945 584 2991 v11.
606 2926 680 2991 Idus
702 2926 849 3004 Quinctil.

645 3068 1019 3149 mmmmm)

515 3192 676 3254 TULLIUS
699 3192 730 3254 S.
752 3194 789 3254 Ι).
812 3193 1031 3254 TERENTIAE
1054 3192 1161 3254 SUAE.

263 3304 294 3365 S.
317 3305 353 3365 V.
375 3305 409 3366 B.
430 3304 466 3365 E.
488 3304 525 3365 V.
569 3301 668 3365 Tullia
689 3310 796 3367 nostra
816 3301 902 3367 venit
922 3301 961 3365 ad
982 3321 1033 3365 me
1056 3300 1156 3386 pridie
1177 3300 1250 3365 ldus
1265 3301 1385 3377 lunias;
1408 3303 1498 3367 cuius

179 3394 300 3458 summa
321 3393 436 3458 virtute
465 3403 497 3457 et
525 3393 676 3478 singulari
708 3395 896 3461 humanitate
918 3395 1065 3480 graviore
1087 3395 1178 3459 etiam
1201 3416 1269 3459 sum
1292 3396 1401 3462 dolore
1423 3398 1499 3462 alie-

144 3495 246 3552 mctus
267 3498 373 3552 nostra
395 3487 510 3552 laetum
532 3484 601 3552 esse
623 3488 826 3573 negligentia,
848 3500 882 3554 nt
904 3490 996 3572 longe
1018 3489 1076 3552 alia
1098 3489 1130 3552 in
1146 3487 1270 3552 fortuna
1285 3498 1382 3562 esset,
1405 3500 1499 3576 atque

178 3580 246 3644 eius
274 3581 372 3665 pietas
401 3601 436 3645 ac
465 3580 597 3665 dignitas
624 3582 808 3666 postulabat.
864 3581 959 3647 Nobis
982 3590 1048 3646 erat
1075 3581 1233 3646 inanimo
1256 3583 1437 3648 Ciceronem
1460 3584 1499 3647 ad

180 3676 343 3737 Caesarem
365 3675 488 3738 mittere
509 3683 540 3737 et
561 3694 632 3739 cum
654 3696 693 3740 eo
710 3681 763 3741 Cn.
779 3676 955 3740 Salustium.
999 3675 1031 3739 Si
1054 3674 1214 3759 protectus
1235 3676 1312 3748 erit,
1335 3676 1445 3741 laciam
1469 3688 1499 3741 te

179 3767 356 3833 certiorem.
410 3766 625 3833 Valetudinem
658 3777 742 3832 tuam
779 3789 854 3833 cura
882 3767 1056 3852 diligenter.
1107 3768 1192 3832 Vale.
1235 3789 1319 3835 xv11.
1347 3770 1500 3835 Kalendas

181 3859 329 3936 Quinctil.

144 4035 172 4079 ,³
650 3990 1033 4075 aumucms

523 4116 685 4180 TULLIUS
708 4117 924 4179 TERENTIAE
947 4118 1045 4180 SUAE
1067 4119 1098 4179 S.
1120 4120 1156 4179 D.

268 4224 361 4303 Quod
382 4245 440 4290 nos
461 4224 493 4289 in
513 4224 634 4290 ltaliam
654 4225 756 4289 salvos
778 4226 899 4291 venisse
920 4227 1052 4312 gaudes,
1074 4236 1228 4313 perpetuo
1245 4226 1382 4312 gaudeas
1396 4226 1499 4291 velim.

186 4316 249 4383 Sed
281 4316 455 4404 perturbati
486 4318 597 4383 dolore
633 4318 727 4382 animi
755 4319 937 4405 magnisque
963 4321 1086 4386 iniuriis
1108 4331 1228 4394 metuo,
1257 4342 1297 4385 ne
1325 4319 1357 4385 id
1379 4320 1498 4384 consilii

252 4527 280 4576 2.
299 4528 448 4591 defensuros
465 4527 510 4576 tt:
534 4527 696 4590 defensurum
713 4528 744 4577 ll.
768 4552 802 4560 -
840 4524 889 4589 Tu]
907 4535 936 4577 ut
954 4528 992 4578 Μ.
1015 4555 1049 4565 -
1084 4529 1111 4579 a.
1133 4543 1181 4579 νιι.
1202 4532 1243 4579 Id.
1262 4529 1358 4578 Dresd.
1380 4541 1420 4590 pr.
1440 4526 1498 4576 Vbs

183 4608 231 4645 rra.
252 4597 313 4646 Idus
329 4597 384 4645 BE.
421 4594 472 4658 (Ile
490 4596 516 4646 tt
536 4610 589 4645 non
609 4599 673 4647 satis
691 4592 817 4660 constat.)
854 4598 897 4646 to.
929 4599 1004 4648 dolor
1030 4606 1055 4649 ct
1084 4599 1226 4650 dolobellae
1254 4599 1402 4648 valetudine
1427 4597 1502 4647 etde

186 4665 276 4716 mittas
293 4666 336 4717 at:
355 4666 433 4715 dolor
450 4680 463 4716 e
484 4666 633 4718 Dolabellae
649 4668 796 4717 ualetudine
813 4674 837 4717 at
859 4667 958 4717 Tullios
976 4669 1015 4726 Ε,
1035 4670 1110 4718 dolor
1126 4678 1150 4721 et
1162 4686 1175 4720 c
1186 4670 1338 4720 Dolabellae
1354 4668 1502 4717 ualetudine

185 4742 241 4786 ete
260 4735 359 4786 Tullios
378 4735 517 4786 Graevius.
554 4738 626 4787 Fert.
645 4738 721 4787 dolor
739 4744 763 4787 et
781 4739 812 4786 de
836 4737 984 4788 Dolabellae
1009 4740 1156 4789 cuktudine
1182 4741 1253 4791 etde
1274 4738 1382 4788 Tulla'ac.
1422 4738 1501 4788 aare.

187 4805 280 4856 Malim
297 4813 323 4856 et
338 4807 370 4857 de
390 4807 493 4863 tuuc,
520 4807 538 4856 i.
558 4820 583 4857 e.
603 4809 700 4858 misera
719 4809 778 4856 etus
797 4807 913 4856 fortuna.
933 4807 987 4858 Cir.
1008 4810 1056 4872 Ep.
1077 4810 1120 4858 11.
1138 4809 1189 4861 On.
1208 4835 1240 4845 -
1276 4810 1320 4860 at.
1337 4809 1504 4871 pompinium

187 4874 224 4926 tt.
246 4896 276 4910 ·-
311 4875 565 4941 nguentum&
589 4878 795 4942 puundoll.-
830 4876 1013 4929 menaea.
