3256 5400
584 226 658 287 Llll.
679 225 703 287 l.
746 225 804 288 ΕΡ.
830 225 878 288 10.
903 224 951 287 11.
976 225 1025 288 11.
1400 229 1463 294 aba

140 393 190 454 ut,
219 400 259 445 ne
281 332 461 454 moveatur,
490 378 646 445 interdum
668 379 880 446 extimescam.
923 378 1028 446 Habes
1050 388 1148 447 totam
1170 383 1219 448 rei
1240 381 1383 468 publicae
1404 396 1466 452 sta-

141 484 223 552 tum;
251 474 460 562 quiquidem
490 481 663 548 tumeret,
692 494 764 538 cum
795 473 851 539 bas
878 474 998 539 litteras
1027 473 1150 541 dabam.
1192 477 1293 543 Velim
1319 476 1466 565 deinceps

140 567 271 634 meliora
292 573 367 646 siut;
396 568 445 633 siu
466 567 556 632 aliter
576 566 673 632 suerit
694 599 734 609 -
762 567 847 654 quod
869 566 915 632 dii
935 588 1029 633 omen
1052 573 1205 634 avertenti
1230 603 1269 612 -
1295 576 1342 636 rei
1363 571 1465 657 publi-

141 683 196 726 uae
217 662 318 727 vicem
343 660 475 734 dolebo,
497 681 578 747 quae
599 660 785 727 immortalis
807 682 876 726 esse
897 661 1042 728 debebat.
1086 662 1161 730 Mihi
1184 663 1311 750 quidem
1333 676 1466 751 quantu·

140 756 205 821 lum
227 755 342 841 reliqui
364 761 430 821 esti
1473 781 1487 824 ι

548 898 603 960 XI.
645 899 794 962 BRUTUS
818 897 1002 963 CICERONI
1025 899 1056 961 S.

228 1023 257 1082 1.
285 1016 408 1083 Veteris
429 1015 552 1082 Antistii
578 1017 648 1082 talis
669 1017 791 1083 animus
812 1027 861 1083 est
888 1021 920 1082 iu
941 1038 1010 1082 rem
1031 1016 1201 1104 publicam,
1229 1027 1265 1086 ut
1286 1039 1349 1085 non
1377 1019 1468 1086 dubi·

141 1122 220 1185 tem,
249 1110 324 1197 quin
354 1119 386 1174 et
413 1109 447 1174 in
468 1113 601 1176 Caesare
630 1120 661 1175 et
681 1112 818 1178 Antonio
846 1133 882 1176 se
910 1119 1124 1197 praestaturus
1152 1111 1249 1177 inerit
1277 1112 1467 1179 acerrimum

140 1214 408 1292 propugnatorem
423 1204 599 1269 communis
614 1203 782 1280 libertatis,
798 1205 824 1269 si
840 1204 998 1271 occasioni
1012 1206 1165 1290 potuisset
1179 1225 1359 1272 occurrere.
1379 1212 1467 1282 Nam,

141 1299 195 1386 qui
221 1298 255 1362 iu
281 1298 396 1363 Achaia
424 1318 612 1382 congressus
640 1303 673 1363 P.
703 1298 883 1364 Dolabellae
912 1299 1027 1378 milites
1054 1309 1148 1385 atque
1176 1300 1297 1386 equites
1326 1300 1538 1375 babenti,so‘

141 1390 275 1478 quodvis
302 1392 390 1458 adire
417 1391 594 1477 periculum
623 1413 664 1455 ex
686 1391 808 1457 insidiis
829 1391 1019 1477 paratissimi
1041 1392 1207 1457 adomnia
1229 1393 1374 1468 latronis,
1404 1415 1469 1459 ma·

141 1485 248 1558 luerit,
276 1507 370 1571 quam
392 1484 495 1550 videri
516 1496 568 1550 aut
591 1493 717 1550 coaetus
739 1506 808 1550 esse
830 1486 994 1571 pecuniam
1018 1485 1094 1551 dare
1116 1495 1169 1551 aut
1190 1485 1324 1552 libenter
1345 1487 1469 1554 dedisse

141 1578 260 1644 bomini
290 1578 481 1664 nequissimo
507 1586 602 1664 atque
629 1577 880 1664 improbissimo,
911 1580 937 1644 is
964 1577 1055 1645 uobis
1082 1580 1163 1645 ultra
1186 1588 1217 1643 et
1237 1581 1395 1666 pollicitus
1422 1591 1470 1647 est

141 1680 172 1737 et
193 1671 278 1736 dedit
300 1673 371 1736 HS.
393 1691 453 1737 xx.
476 1692 517 1737 ex
539 1692 595 1737 sua
616 1673 764 1758 pecunia3
794 1682 841 1748 et,
869 1672 955 1760 quod
977 1673 1076 1738 multo
1098 1672 1201 1739 carius
1224 1683 1287 1749 est,
1309 1695 1343 1740 se
1365 1675 1469 1761 ipsum
1564 1714 1567 1718 ·

141 1764 255 1830 obtulit
277 1771 308 1828 et
328 1764 500 1831 coniunxit.
544 1770 574 1830 2.
597 1770 678 1832 Huic
699 1766 890 1852 persuadere
911 1766 1082 1852 capiimus,
1114 1777 1148 1832 ut
1168 1767 1342 1852 imperator
1363 1769 1397 1835 iu
1417 1785 1505 1834 cars

142 1858 214 1923 stris
235 1869 414 1924 remaneret
434 1880 564 1946 remque
587 1859 744 1945 publicam
765 1860 959 1930 detenderet.
1003 1861 1146 1941 †Statuit
1168 1860 1201 1925 id
1222 1859 1297 1936 sibi,
1320 1863 1468 1948 quoniam

142 1952 316 2018 exereitum
346 1952 523 2020 dimisisset.
567 1955 677 2020 Statim
705 1976 783 2021 vero
804 1954 979 2020 rediturum
1007 1954 1046 2020 ad
1067 1977 1125 2021 nos
1148 1954 1357 2032 confirmavit,
1386 1957 1470 2043 lega-

143 2047 229 2113 tione
256 2058 418 2132 suscepta,
448 2048 507 2113 uisi
533 2058 717 2133 praetorum
745 2048 871 2113 comitia
898 2048 1035 2115 habituri
1062 2058 1165 2114 esseut
1193 2049 1349 2115 eonsules.
1392 2056 1468 2114 Nam

142 2142 188 2208 illi
211 2143 252 2206 ita
275 2141 419 2207 sentienti
442 2142 481 2208 de
503 2142 679 2229 republica
701 2163 815 2228 magno
836 2164 935 2229 opere
957 2152 1067 2210 auctor
1086 2143 1150 2219 lui,
1172 2165 1211 2208 ue
1228 2143 1371 2212 differret
1392 2155 1470 2209 tem-

141 2258 201 2322 pus
222 2235 381 2321 petitionis
396 2257 480 2301 suae.
519 2239 613 2306 Cuius
635 2236 750 2302 lactum
771 2237 919 2303 omnibus
941 2248 1062 2324 gratum
1078 2259 1147 2304 esse
1169 2237 1280 2313 debet,
1303 2239 1356 2325 qui
1372 2238 1507 2306 modulo

142 2329 279 2396 iudicant
307 2327 389 2393 bunc
417 2332 592 2396 exercitum
620 2351 689 2396 csse
717 2332 766 2396 rei
793 2330 952 2416 publicae;
989 2331 1046 2396 tibi
1074 2339 1158 2396 tanto
1187 2333 1322 2417 gratius,
1353 2342 1469 2419 quanto

143 2424 263 2488 maiore
292 2434 323 2487 et
343 2423 449 2489 auimo
470 2424 634 2511 gloriaque
655 2422 831 2489 libertatem
854 2435 991 2490 nostram
1014 2424 1172 2498 delendis,
1197 2434 1229 2489 et
1249 2426 1413 2510 dignitate,
1441 2425 1469 2491 si

143 2518 307 2602 contigerit
328 2517 445 2586 nostris
467 2519 606 2584 consiliis
628 2518 747 2592 exitus,
771 2538 864 2604 quem
887 2529 1045 2604 optamus,
1071 2518 1292 2604 perfuncturus
1314 2543 1359 2586 es.
1401 2525 1469 2605 Ego

143 2619 252 2688 etiam,
274 2615 317 2678 mi
335 2615 461 2685 Cicero,
483 2611 613 2698 proprie
634 2611 892 2698 familiariterque
914 2623 944 2677 te
966 2633 1061 2697 rogo,
1085 2622 1118 2678 ut
1140 2618 1285 2678 Veterem
1309 2635 1394 2678 ames
1415 2635 1469 2679 ve-

142 2706 245 2791 lisque
275 2728 344 2772 esse
374 2729 467 2794 quam
488 2706 729 2792 amplissimum;
760 2706 815 2790 qui
838 2706 895 2771 etsi
917 2706 1001 2772 nulla
1023 2728 1058 2772 re
1085 2707 1241 2772 deterreri
1263 2729 1281 2772 a
1303 2709 1506 2794 proposito²⁵

142 2809 263 2886 potest,
295 2811 398 2867 tamen
427 2800 558 2866 excitari
586 2800 647 2865 tuis
669 2798 812 2865 laudibus
841 2800 1095 2888 indulgentiaque
1117 2803 1249 2887 poterit,
1280 2822 1344 2887 quo
1370 2802 1469 2887 magis

143 2895 340 2980 amplexetur
361 2916 398 2960 ac
419 2903 543 2960 tueatur
563 2893 713 2960 iudicium
736 2915 845 2974 suum;
869 2894 997 2961 etmihi
1019 2896 1230 2982 gratissimum
1253 2896 1323 2962 erit.

572 3036 643 3099 Xll.
688 3037 832 3101 CICERO
853 3036 984 3101 BRUTO
1007 3039 1039 3101 S.

231 3171 259 3233 1.
282 3167 348 3232 Etsi
370 3165 500 3232 datarus
522 3185 608 3229 eram
626 3163 775 3231 Messalae
799 3165 934 3233 Corvino
956 3168 1105 3234 continuo
1125 3169 1261 3246 litteras,
1284 3179 1387 3236 tamen
1410 3177 1470 3238 Vo-

144 3272 243 3329 terem
272 3272 415 3328 nostrum
438 3261 477 3327 ad
499 3270 529 3326 le
551 3261 618 3326 siue
640 3259 752 3325 litteris
776 3260 854 3325 meis
876 3261 985 3327 venire
1006 3262 1103 3328 nolui.
1146 3263 1285 3330 Maximo
1306 3263 1340 3329 in
1362 3264 1507 3331 disum-³⁰

143 3357 227 3421 mine
248 3377 300 3421 res
321 3351 458 3443 publica,
481 3362 592 3429 Brute,
614 3364 758 3421 versatur
779 3354 977 3443 victoresque
998 3377 1109 3421 rursus
1131 3356 1295 3422 decertare
1315 3358 1469 3442 cogimur.

144 3449 179 3515 ld
201 3450 313 3515 accidit
334 3454 375 3516 bl.
398 3449 508 3536 Lepidi
537 3449 655 3514 scelere
677 3459 708 3513 et
729 3448 875 3514 amentia.
919 3453 991 3526 Quo
1013 3459 1156 3534 tempore
1177 3472 1248 3516 cum
1271 3451 1367 3517 multa
1395 3472 1470 3536 pro·

144 3552 214 3629 pter
240 3565 308 3608 eam
331 3564 455 3619 curam,
486 3564 578 3630 quam
607 3564 666 3629 pro
693 3541 877 3627 republica
905 3543 1044 3628 suscepi,
1073 3548 1212 3628 graviter
1239 3543 1372 3620 serrem,
1403 3554 1469 3610 tum

144 3636 220 3701 nibil
243 3637 299 3701 tuli
320 3636 447 3721 gravius
469 3657 562 3722 quam
586 3656 636 3700 me
657 3657 720 3701 nou
742 3657 835 3722 posse
856 3637 965 3702 matris
987 3646 1058 3702 tuae
1079 3636 1227 3722 precibus
1248 3637 1378 3713 cedere,
1406 3659 1470 3704 non

144 3729 274 3794 sororis.
316 3734 393 3794 Nam
415 3728 488 3803 tibi,
511 3728 597 3816 quod
618 3729 694 3794 mibi
715 3729 843 3814 plurimi
866 3738 925 3805 est,
952 3729 1043 3795 facile
1063 3751 1114 3795 me
1136 3728 1366 3797 satisfacturum
1387 3730 1508 3796 arbi-ss

146 3820 260 3887 trabar.
308 3823 400 3889 Nullo
429 3823 512 3889 enim
538 3821 634 3889 modo
661 3831 785 3908 poterat
813 3844 905 3889 causa
933 3823 1043 3910 Lepidi
1072 3823 1221 3910 distingui
1247 3823 1287 3889 ab
1315 3824 1466 3890 Antonio:

157 3943 241 3950 —-
569 3944 1464 3956 Μ*

214 4005 240 4054 ls.
260 4005 351 4055 debeat
368 4005 390 4055 1.
414 4029 441 4039 -
462 4004 657 4069 aliquantulum
675 4005 697 4053 1.
720 4029 750 4041 -
769 4004 796 4055 5.
816 4012 864 4056 cst.
893 4004 955 4056 Vale
972 4005 1004 4056 11.
1026 4031 1054 4041 -
1074 4007 1101 4058 7.
1120 4008 1151 4055 in
1168 4020 1197 4054 rc
1212 4019 1240 4068 p.
1261 4005 1327 4056 Cod.
1348 4006 1469 4068 DaliioL,

146 4074 278 4136 probante
291 4076 314 4125 l.
334 4075 481 4126 Gronovio.
501 4100 535 4109 -
559 4074 587 4125 11.
607 4081 632 4125 et
650 4081 712 4124 ante
730 4075 761 4123 in
779 4088 834 4126 om.
849 4075 871 4125 1.
893 4099 923 4110 -
943 4077 987 4127 10.
1007 4089 1160 4139 conpressas
1172 4077 1202 4127 Ρ.
1217 4077 1390 4126 Dolabellae·
1402 4105 1411 4115 ·
1425 4078 1470 4126 ba·

145 4144 216 4194 benti
233 4145 273 4195 u:
300 4158 467 4209 congressus,
495 4147 526 4196 P.
544 4144 685 4194 Dolabella
702 4169 713 4179 -
729 4169 741 4179 -
758 4145 868 4197 nabsan
884 4145 965 4206 11111,
996 4159 1151 4210 cosaprsssus
1165 4147 1255 4206 psinm
1274 4146 1415 4196 Dolabella
1432 4171 1470 4181 --

145 4215 373 4265 laberrtsecid.
394 4217 469 4277 regio
488 4213 526 4277 (1)
544 4214 746 4264 Lallemandus.
774 4239 805 4251 -
843 4216 886 4266 11.
905 4222 1009 4266 stante
1027 4217 1237 4279 pollicitantem.
1257 4217 1279 4265 1.
1301 4239 1330 4250 -
1369 4219 1412 4267 il.
1433 4230 1469 4266 se

145 4286 238 4334 startia
256 4298 299 4333 ιι.
319 4285 356 4334 Μ.
376 4306 409 4319 -
439 4285 482 4335 15.
502 4285 634 4345 capiimus
652 4286 708 4336 vb:
728 4286 848 4346 cupimus
864 4287 893 4337 11
911 4291 937 4336 et
956 4300 1010 4347 mg.
1031 4285 1121 4346 Crab,
1145 4287 1292 4346 cupivimus
1310 4300 1325 4335 e
1345 4287 1410 4337 Cod.
1430 4301 1471 4337 re·

146 4356 191 4415 gio
209 4355 414 4411 Lallemaudus,
433 4355 563 4415 coepimus
580 4355 649 4405 11111.
679 4380 712 4390 -
750 4355 794 4406 15.
820 4363 845 4406 st
863 4357 959 4405 statuit
987 4357 1007 4405 1.
1035 4381 1067 4392 -
1104 4357 1133 4404 ld
1150 4357 1210 4406 blls
1233 4357 1346 4406 eandum
1363 4358 1415 4406 1111.
1438 4381 1462 4392 -

146 4426 189 4474 17.
214 4438 241 4473 se
258 4426 406 4474 rediturum
423 4425 581 4476 Lambinus.
612 4447 640 4458 -
679 4426 722 4478 19.
745 4438 844 4490 magno
864 4439 940 4487 opere
958 4439 1013 4477 om.
1034 4426 1056 4475 l.
1087 4449 1117 4461 -
1156 4427 1201 4476 11.
1229 4427 1377 4476 iudicarint
1394 4427 1417 4476 1.
1448 4451 1469 4463 -

147 4507 198 4543 esse
215 4495 307 4544 utilem
324 4497 362 4544 rei
377 4509 406 4557 p.
426 4495 448 4544 1.
471 4518 499 4529 -
519 4495 563 4544 22.
581 4496 685 4545 snaiors
703 4501 727 4544 et
744 4495 810 4546 Mas
829 4498 934 4546 maiore
952 4509 985 4545 aa
1003 4496 1030 4555 l,
1049 4497 1150 4546 maiore
1170 4497 1224 4558 vb,
1244 4503 1269 4545 et
1284 4499 1385 4546 maiora
1402 4497 1468 4545 11.-

147 4566 278 4628 dipnitatc
294 4565 361 4614 bili:
380 4567 534 4629 slipns'tatcsn
553 4566 596 4614 111.
616 4588 650 4600 -
669 4565 714 4616 23.
730 4566 1087 4629 perfunctusCld.010n.,
1104 4564 1293 4628 pertracturus
1311 4567 1468 4616 Lambinus.

146 4635 208 4692 (Vs.
220 4636 403 4697 perfuncturus
415 4647 441 4684 ss
454 4635 542 4685 deleta
562 4635 679 4686 malebat
691 4635 845 4695 Gruterus.)
865 4663 894 4673 -
916 4636 961 4687 11.
981 4637 1073 4695 ctiam]
1095 4638 1175 4685 ctiam
1188 4643 1268 4699 atquc
1283 4639 1365 4687 etiam
1382 4638 1469 4688 Weis-

147 4704 219 4754 ltius.
253 4705 308 4754 Cir.
328 4705 406 4754 Hand
424 4705 504 4756 Turs.
519 4706 554 4754 11.
575 4721 601 4768 p.
617 4706 679 4756 551.
699 4731 729 4741 -
759 4707 803 4755 2⁵1.
824 4703 858 4769 et]
879 4707 907 4756 ld
925 4707 956 4756 11.
980 4730 1008 4741 -
1036 4708 1224 4770 pravissimum
1240 4708 1264 4756 1.
1288 4730 1314 4740 -
1345 4708 1389 4757 29.
1411 4721 1470 4756 coss

147 4776 224 4823 tinne
243 4787 298 4824 om.
318 4775 349 4824 11.
372 4801 402 4812 —
430 4776 473 4825 31.
493 4776 576 4826 Brute
595 4790 649 4825 om.
669 4776 693 4825 1.
717 4798 743 4810 -
770 4776 815 4826 31.
834 4777 900 4826 sulsil
918 4779 998 4826 niam
1015 4777 1064 4826 tuli
1082 4777 1105 4826 1.
1126 4802 1156 4814 -
1182 4778 1225 4828 35.
1243 4777 1390 4839 plurimam
1408 4779 1468 4827 1.-

147 4844 190 4895 bo.
211 4844 244 4895 ab
262 4845 374 4896 Antonii
392 4845 548 4896 Lambinus.
588 4845 642 4897 Cir.
663 4859 712 4910 pro
732 4847 792 4897 Sex.
813 4846 891 4900 liosc.
911 4847 1001 4898 Amer-
1022 4845 1051 4898 u.
1072 4846 1116 4896 18.
