<?xml version="1.0" encoding="UTF-8"?>
<!DOCTYPE html PUBLIC "-//W3C//DTD XHTML 1.0 Transitional//EN"
    "http://www.w3.org/TR/xhtml1/DTD/xhtml1-transitional.dtd">
<html xmlns="http://www.w3.org/1999/xhtml" xml:lang="en" lang="en">
 <head>
  <title>
</title>
<meta http-equiv="Content-Type" content="text/html;charset=utf-8" />
  <meta name='ocr-system' content='tesseract 3.04.00' />
  <meta name='ocr-capabilities' content='ocr_page ocr_carea ocr_par ocr_line ocrx_word'/>
</head>
<body>
  <div class='ocr_page' id='page_1' title='image "./operaquaesupers06halmgoog_0201.png"; bbox 0 0 3256 5400; ppageno 0'>
   <div class='ocr_carea' id='block_1_1' title="bbox 584 268 1442 335">
    <p class='ocr_par' dir='ltr' id='par_1_1' title="bbox 584 268 1442 335">
     <span class='ocr_line' id='line_1_1' title="bbox 584 268 1442 335; baseline 0.003 -4"><span class='ocrx_word' id='word_1_1' title='bbox 584 269 659 331; x_wconf 80' lang='grc' dir='ltr'><strong>ΠΒ.</strong></span> <span class='ocrx_word' id='word_1_2' title='bbox 680 269 762 333; x_wconf 85' lang='lat' dir='ltr'>VIII.</span> <span class='ocrx_word' id='word_1_3' title='bbox 789 268 850 331; x_wconf 86' lang='grc' dir='ltr'><strong>ΕΡ.</strong></span> <span class='ocrx_word' id='word_1_4' title='bbox 872 269 902 331; x_wconf 99' lang='grc'><strong>6.</strong></span> <span class='ocrx_word' id='word_1_5' title='bbox 924 269 955 331; x_wconf 88' lang='grc'><strong>7.</strong></span> <span class='ocrx_word' id='word_1_6' title='bbox 976 269 1008 333; x_wconf 88' lang='lat'><strong>8.</strong></span> <span class='ocrx_word' id='word_1_7' title='bbox 1384 272 1442 335; x_wconf 90' lang='grc'><strong>131</strong></span> 
     </span>
    </p>
   </div>
   <div class='ocr_carea' id='block_1_2' title="bbox 120 423 1485 1729">
    <p class='ocr_par' dir='ltr' id='par_1_2' title="bbox 120 423 1485 1729">
     <span class='ocr_line' id='line_1_2' title="bbox 120 423 1445 510; baseline 0.001 -19"><span class='ocrx_word' id='word_1_8' title='bbox 120 445 184 491; x_wconf 91' lang='lat' dir='ltr'><strong>uon</strong></span> <span class='ocrx_word' id='word_1_9' title='bbox 219 433 337 510; x_wconf 89' lang='lat' dir='ltr'><strong>potest,</strong></span> <span class='ocrx_word' id='word_1_10' title='bbox 374 423 535 510; x_wconf 81' lang='lat' dir='ltr'><strong>quoumdo</strong></span> <span class='ocrx_word' id='word_1_11' title='bbox 564 423 614 489; x_wconf 91' lang='lat' dir='ltr'><strong>bie</strong></span> <span class='ocrx_word' id='word_1_12' title='bbox 643 424 749 491; x_wconf 91' lang='lat' dir='ltr'><strong>omnia</strong></span> <span class='ocrx_word' id='word_1_13' title='bbox 770 424 899 489; x_wconf 90' lang='lat' dir='ltr'><strong>iaceant.</strong></span> <span class='ocrx_word' id='word_1_14' title='bbox 943 425 1008 488; x_wconf 91' lang='lat' dir='ltr'><strong>Nisi</strong></span> <span class='ocrx_word' id='word_1_15' title='bbox 1030 446 1089 510; x_wconf 89' lang='lat' dir='ltr'><strong>ego</strong></span> <span class='ocrx_word' id='word_1_16' title='bbox 1112 447 1183 490; x_wconf 93' lang='lat' dir='ltr'><strong>cum</strong></span> <span class='ocrx_word' id='word_1_17' title='bbox 1206 425 1392 491; x_wconf 76' lang='lat' dir='ltr'><strong>tabernariis</strong></span> <span class='ocrx_word' id='word_1_18' title='bbox 1414 437 1445 493; x_wconf 89' lang='lat' dir='ltr'><strong>et</strong></span> 
     </span>
     <span class='ocr_line' id='line_1_3' title="bbox 120 517 1444 605; baseline 0.003 -23"><span class='ocrx_word' id='word_1_19' title='bbox 120 517 258 605; x_wconf 86' lang='lat' dir='ltr'><strong>aquariis</strong></span> <span class='ocrx_word' id='word_1_20' title='bbox 280 538 469 603; x_wconf 80' lang='lat' dir='ltr'>pugnarem,</span> <span class='ocrx_word' id='word_1_21' title='bbox 493 517 650 583; x_wconf 65' lang='lat' dir='ltr'><strong>‘veternus</strong></span> <span class='ocrx_word' id='word_1_22' title='bbox 679 517 836 583; x_wconf 88' lang='lat' dir='ltr'><strong>civitatem</strong></span> <span class='ocrx_word' id='word_1_23' title='bbox 858 527 1050 602; x_wconf 73' lang='lat' dir='ltr'><strong>occupasset.</strong></span> <span class='ocrx_word' id='word_1_24' title='bbox 1104 520 1135 583; x_wconf 86' lang='lat' dir='ltr'><strong>Si</strong></span> <span class='ocrx_word' id='word_1_25' title='bbox 1159 521 1264 584; x_wconf 89' lang='lat' dir='ltr'><strong>Parthi</strong></span> <span class='ocrx_word' id='word_1_26' title='bbox 1287 542 1344 586; x_wconf 93' lang='lat' dir='ltr'><strong>vos</strong></span> <span class='ocrx_word' id='word_1_27' title='bbox 1366 521 1444 586; x_wconf 88' lang='lat' dir='ltr'>nihil</span> 
     </span>
     <span class='ocr_line' id='line_1_4' title="bbox 121 610 1445 699; baseline 0.001 -22"><span class='ocrx_word' id='word_1_28' title='bbox 121 611 302 684; x_wconf 77' lang='lat' dir='ltr'><strong>calfaciunt,</strong></span> <span class='ocrx_word' id='word_1_29' title='bbox 324 632 383 675; x_wconf 92' lang='lat' dir='ltr'><strong>nos</strong></span> <span class='ocrx_word' id='word_1_30' title='bbox 405 611 456 675; x_wconf 92' lang='lat' dir='ltr'><strong>bic</strong></span> <span class='ocrx_word' id='word_1_31' title='bbox 476 610 594 695; x_wconf 82' lang='lat' dir='ltr'><strong>frigore</strong></span> <span class='ocrx_word' id='word_1_32' title='bbox 616 611 823 696; x_wconf 82' lang='lat' dir='ltr'><strong>frigescimus.</strong></span> <span class='ocrx_word' id='word_1_33' title='bbox 867 617 998 686; x_wconf 88' lang='lat' dir='ltr'><strong>Tamen.</strong></span> <span class='ocrx_word' id='word_1_34' title='bbox 1022 635 1150 699; x_wconf 93' lang='lat' dir='ltr'><strong>quoquo</strong></span> <span class='ocrx_word' id='word_1_35' title='bbox 1166 612 1261 677; x_wconf 90' lang='lat' dir='ltr'><strong>modo</strong></span> <span class='ocrx_word' id='word_1_36' title='bbox 1276 613 1326 677; x_wconf 92' lang='lat' dir='ltr'><strong>hic</strong></span> <span class='ocrx_word' id='word_1_37' title='bbox 1339 614 1445 678; x_wconf 91' lang='lat' dir='ltr'><strong>omnia</strong></span> 
     </span>
     <span class='ocr_line' id='line_1_5' title="bbox 121 704 1445 791; baseline 0.001 -20"><span class='ocrx_word' id='word_1_38' title='bbox 121 706 256 780; x_wconf 89' lang='lat' dir='ltr'><strong>iaceant,</strong></span> <span class='ocrx_word' id='word_1_39' title='bbox 287 704 389 790; x_wconf 91' lang='lat' dir='ltr'><strong>potuit</strong></span> <span class='ocrx_word' id='word_1_40' title='bbox 415 705 482 769; x_wconf 91' lang='lat' dir='ltr'><strong>sine</strong></span> <span class='ocrx_word' id='word_1_41' title='bbox 511 705 642 770; x_wconf 91' lang='lat' dir='ltr'><strong>Parthis.</strong></span> <span class='ocrx_word' id='word_1_42' title='bbox 685 705 815 769; x_wconf 91' lang='lat' dir='ltr'><strong>Bibulus</strong></span> <span class='ocrx_word' id='word_1_43' title='bbox 847 704 879 768; x_wconf 93' lang='lat' dir='ltr'><strong>in</strong></span> <span class='ocrx_word' id='word_1_44' title='bbox 901 709 1020 770; x_wconf 77' lang='lat' dir='ltr'><strong>Amano</strong></span> <span class='ocrx_word' id='word_1_45' title='bbox 1043 708 1148 772; x_wconf 92' lang='lat' dir='ltr'><strong>nescio</strong></span> <span class='ocrx_word' id='word_1_46' title='bbox 1171 707 1246 791; x_wconf 92' lang='lat' dir='ltr'><strong>quid</strong></span> <span class='ocrx_word' id='word_1_47' title='bbox 1267 708 1445 772; x_wconf 90' lang='lat' dir='ltr'><strong>cohorticu-</strong></span> 
     </span>
     <span class='ocr_line' id='line_1_6' title="bbox 121 798 1469 886; baseline -0.002 -20"><span class='ocrx_word' id='word_1_48' title='bbox 121 801 222 866; x_wconf 82' lang='lat' dir='ltr'><strong>larum</strong></span> <span class='ocrx_word' id='word_1_49' title='bbox 244 798 356 863; x_wconf 90' lang='lat' dir='ltr'><strong>amisit.</strong></span> <span class='ocrx_word' id='word_1_50' title='bbox 399 802 466 863; x_wconf 93' lang='lat' dir='ltr'><strong>Iloc</strong></span> <span class='ocrx_word' id='word_1_51' title='bbox 496 798 541 862; x_wconf 94' lang='lat' dir='ltr'><strong>sic</strong></span> <span class='ocrx_word' id='word_1_52' title='bbox 569 798 745 864; x_wconf 87' lang='lat' dir='ltr'><strong>nuntiatum</strong></span> <span class='ocrx_word' id='word_1_53' title='bbox 767 806 823 862; x_wconf 92' lang='lat' dir='ltr'><strong>est.</strong></span> <span class='ocrx_word' id='word_1_54' title='bbox 881 803 910 863; x_wconf 88' lang='lat'><strong>5.</strong></span> <span class='ocrx_word' id='word_1_55' title='bbox 934 798 1028 875; x_wconf 84' lang='lat' dir='ltr'><strong>Quod</strong></span> <span class='ocrx_word' id='word_1_56' title='bbox 1056 799 1112 864; x_wconf 92' lang='lat' dir='ltr'><strong>tibi</strong></span> <span class='ocrx_word' id='word_1_57' title='bbox 1135 801 1361 886; x_wconf 90' lang='lat' dir='ltr'><strong>suprascripsi</strong></span> <span class='ocrx_word' id='word_1_58' title='bbox 1386 805 1469 866; x_wconf 69' lang='lat' dir='ltr'><strong>Cas</strong></span> 
     </span>
     <span class='ocr_line' id='line_1_7' title="bbox 122 891 1446 979; baseline 0.002 -21"><span class='ocrx_word' id='word_1_59' title='bbox 122 893 243 958; x_wconf 92' lang='lat' dir='ltr'><strong>rionem</strong></span> <span class='ocrx_word' id='word_1_60' title='bbox 266 891 355 956; x_wconf 88' lang='lat' dir='ltr'><strong>valde</strong></span> <span class='ocrx_word' id='word_1_61' title='bbox 377 891 510 975; x_wconf 83' lang='lat' dir='ltr'><strong>frigere,</strong></span> <span class='ocrx_word' id='word_1_62' title='bbox 541 891 604 955; x_wconf 92' lang='lat' dir='ltr'><strong>iam</strong></span> <span class='ocrx_word' id='word_1_63' title='bbox 625 892 720 969; x_wconf 91' lang='lat' dir='ltr'><strong>calet;</strong></span> <span class='ocrx_word' id='word_1_64' title='bbox 744 914 816 956; x_wconf 91' lang='lat' dir='ltr'><strong>nam</strong></span> <span class='ocrx_word' id='word_1_65' title='bbox 838 891 1065 956; x_wconf 85' lang='lat' dir='ltr'><strong>ferventissime</strong></span> <span class='ocrx_word' id='word_1_66' title='bbox 1089 894 1296 979; x_wconf 90' lang='lat' dir='ltr'><strong>concerpitur.</strong></span> <span class='ocrx_word' id='word_1_67' title='bbox 1341 896 1446 960; x_wconf 87' lang='lat' dir='ltr'><strong>Levis-</strong></span> 
     </span>
     <span class='ocr_line' id='line_1_8' title="bbox 121 984 1446 1073; baseline -0.001 -21"><span class='ocrx_word' id='word_1_68' title='bbox 121 987 200 1053; x_wconf 90' lang='lat' dir='ltr'><strong>sime</strong></span> <span class='ocrx_word' id='word_1_69' title='bbox 222 986 325 1061; x_wconf 90' lang='lat' dir='ltr'><strong>euim,</strong></span> <span class='ocrx_word' id='word_1_70' title='bbox 353 985 426 1071; x_wconf 91' lang='lat' dir='ltr'><strong>quia</strong></span> <span class='ocrx_word' id='word_1_71' title='bbox 449 985 488 1048; x_wconf 89' lang='lat' dir='ltr'><strong>de</strong></span> <span class='ocrx_word' id='word_1_72' title='bbox 509 984 721 1050; x_wconf 82' lang='lat' dir='ltr'><strong>intercalando</strong></span> <span class='ocrx_word' id='word_1_73' title='bbox 743 1008 805 1050; x_wconf 92' lang='lat' dir='ltr'><strong>non</strong></span> <span class='ocrx_word' id='word_1_74' title='bbox 827 984 1025 1059; x_wconf 89' lang='lat' dir='ltr'><strong>obtinuerat,</strong></span> <span class='ocrx_word' id='word_1_75' title='bbox 1050 987 1213 1070; x_wconf 87' lang='lat' dir='ltr'><strong>transfugit</strong></span> <span class='ocrx_word' id='word_1_76' title='bbox 1234 986 1273 1051; x_wconf 92' lang='lat' dir='ltr'><strong>ad</strong></span> <span class='ocrx_word' id='word_1_77' title='bbox 1295 989 1446 1073; x_wconf 91' lang='lat' dir='ltr'><strong>populum</strong></span> 
     </span>
     <span class='ocr_line' id='line_1_9' title="bbox 123 1078 1445 1167; baseline -0.002 -21"><span class='ocrx_word' id='word_1_78' title='bbox 123 1093 155 1146; x_wconf 89' lang='lat' dir='ltr'><strong>et</strong></span> <span class='ocrx_word' id='word_1_79' title='bbox 175 1100 234 1167; x_wconf 91' lang='lat' dir='ltr'><strong>pro</strong></span> <span class='ocrx_word' id='word_1_80' title='bbox 257 1084 389 1145; x_wconf 88' lang='lat' dir='ltr'><strong>Caesare</strong></span> <span class='ocrx_word' id='word_1_81' title='bbox 411 1078 498 1164; x_wconf 92' lang='lat' dir='ltr'><strong>loqui</strong></span> <span class='ocrx_word' id='word_1_82' title='bbox 529 1079 647 1163; x_wconf 89' lang='lat' dir='ltr'><strong>coepit,</strong></span> <span class='ocrx_word' id='word_1_83' title='bbox 679 1079 842 1164; x_wconf 88' lang='lat' dir='ltr'><strong>legemque</strong></span> <span class='ocrx_word' id='word_1_84' title='bbox 875 1078 1022 1154; x_wconf 85' lang='lat' dir='ltr'><strong>viariam,</strong></span> <span class='ocrx_word' id='word_1_85' title='bbox 1059 1102 1121 1144; x_wconf 91' lang='lat' dir='ltr'><strong>uon</strong></span> <span class='ocrx_word' id='word_1_86' title='bbox 1144 1079 1325 1143; x_wconf 84' lang='lat' dir='ltr'><strong>dissimilem</strong></span> <span class='ocrx_word' id='word_1_87' title='bbox 1355 1101 1445 1164; x_wconf 90' lang='lat' dir='ltr'><strong>agra·</strong></span> 
     </span>
     <span class='ocr_line' id='line_1_10' title="bbox 122 1171 1445 1257; baseline -0.002 -17"><span class='ocrx_word' id='word_1_88' title='bbox 122 1174 189 1240; x_wconf 87' lang='lat' dir='ltr'><strong>riae</strong></span> <span class='ocrx_word' id='word_1_89' title='bbox 218 1173 315 1246; x_wconf 87' lang='lat' dir='ltr'><strong>Rulli,</strong></span> <span class='ocrx_word' id='word_1_90' title='bbox 349 1180 380 1236; x_wconf 92' lang='lat' dir='ltr'><strong>et</strong></span> <span class='ocrx_word' id='word_1_91' title='bbox 407 1171 651 1246; x_wconf 90' lang='lat' dir='ltr'><strong>alimentariam,</strong></span> <span class='ocrx_word' id='word_1_92' title='bbox 684 1193 746 1257; x_wconf 90' lang='lat' dir='ltr'><strong>qua</strong></span> <span class='ocrx_word' id='word_1_93' title='bbox 775 1171 862 1236; x_wconf 93' lang='lat' dir='ltr'><strong>iubet</strong></span> <span class='ocrx_word' id='word_1_94' title='bbox 888 1172 1005 1236; x_wconf 89' lang='lat' dir='ltr'><strong>aediles</strong></span> <span class='ocrx_word' id='word_1_95' title='bbox 1028 1173 1148 1247; x_wconf 88' lang='lat' dir='ltr'><strong>metiri,</strong></span> <span class='ocrx_word' id='word_1_96' title='bbox 1184 1173 1319 1237; x_wconf 83' lang='lat' dir='ltr'><strong>iactavit.</strong></span> <span class='ocrx_word' id='word_1_97' title='bbox 1376 1177 1445 1238; x_wconf 93' lang='lat' dir='ltr'><strong>lloc</strong></span> 
     </span>
     <span class='ocr_line' id='line_1_11' title="bbox 123 1265 1485 1351; baseline -0.005 -17"><span class='ocrx_word' id='word_1_98' title='bbox 123 1267 263 1335; x_wconf 92' lang='lat' dir='ltr'><strong>nondum</strong></span> <span class='ocrx_word' id='word_1_99' title='bbox 284 1266 417 1340; x_wconf 88' lang='lat' dir='ltr'><strong>fecerat,</strong></span> <span class='ocrx_word' id='word_1_100' title='bbox 451 1286 523 1329; x_wconf 89' lang='lat' dir='ltr'><strong>eum</strong></span> <span class='ocrx_word' id='word_1_101' title='bbox 545 1265 685 1351; x_wconf 90' lang='lat' dir='ltr'><strong>priorem</strong></span> <span class='ocrx_word' id='word_1_102' title='bbox 706 1276 828 1350; x_wconf 88' lang='lat' dir='ltr'><strong>partem</strong></span> <span class='ocrx_word' id='word_1_103' title='bbox 850 1266 999 1351; x_wconf 91' lang='lat' dir='ltr'><strong>epistolae</strong></span> <span class='ocrx_word' id='word_1_104' title='bbox 1021 1266 1142 1351; x_wconf 90' lang='lat' dir='ltr'><strong>scripsi.</strong></span> <span class='ocrx_word' id='word_1_105' title='bbox 1198 1267 1318 1331; x_wconf 83' lang='lat' dir='ltr'><strong>Amabo</strong></span> <span class='ocrx_word' id='word_1_106' title='bbox 1340 1276 1391 1340; x_wconf 88' lang='lat' dir='ltr'><strong>te,</strong></span> <span class='ocrx_word' id='word_1_107' title='bbox 1419 1267 1445 1331; x_wconf 89' lang='lat' dir='ltr'><strong>si</strong></span> <span class='ocrx_word' id='word_1_108' title='bbox 1458 1286 1485 1327; x_wconf 77' lang='lat' dir='ltr'><strong>so</strong></span> 
     </span>
     <span class='ocr_line' id='line_1_12' title="bbox 124 1358 1446 1450; baseline -0.001 -25"><span class='ocrx_word' id='word_1_109' title='bbox 124 1361 212 1450; x_wconf 90' lang='lat' dir='ltr'><strong>qnid,</strong></span> <span class='ocrx_word' id='word_1_110' title='bbox 243 1360 329 1448; x_wconf 91' lang='lat' dir='ltr'><strong>quod</strong></span> <span class='ocrx_word' id='word_1_111' title='bbox 351 1380 431 1445; x_wconf 90' lang='lat' dir='ltr'><strong>opus</strong></span> <span class='ocrx_word' id='word_1_112' title='bbox 453 1359 562 1435; x_wconf 88' lang='lat' dir='ltr'><strong>fuerit,</strong></span> <span class='ocrx_word' id='word_1_113' title='bbox 595 1359 696 1444; x_wconf 83' lang='lat' dir='ltr'><strong>Appio</strong></span> <span class='ocrx_word' id='word_1_114' title='bbox 726 1358 836 1431; x_wconf 90' lang='lat' dir='ltr'><strong>facies,</strong></span> <span class='ocrx_word' id='word_1_115' title='bbox 859 1358 969 1443; x_wconf 91' lang='lat' dir='ltr'><strong>ponito</strong></span> <span class='ocrx_word' id='word_1_116' title='bbox 996 1381 1046 1423; x_wconf 90' lang='lat' dir='ltr'><strong>me</strong></span> <span class='ocrx_word' id='word_1_117' title='bbox 1069 1359 1101 1422; x_wconf 94' lang='lat' dir='ltr'><strong>in</strong></span> <span class='ocrx_word' id='word_1_118' title='bbox 1123 1360 1233 1443; x_wconf 89' lang='lat' dir='ltr'><strong>gratia.</strong></span> <span class='ocrx_word' id='word_1_119' title='bbox 1287 1365 1333 1423; x_wconf 86' lang='lat' dir='ltr'><strong>De</strong></span> <span class='ocrx_word' id='word_1_120' title='bbox 1352 1361 1446 1424; x_wconf 89' lang='lat' dir='ltr'><strong>Dola·</strong></span> 
     </span>
     <span class='ocr_line' id='line_1_13' title="bbox 124 1451 1448 1538; baseline -0.002 -17"><span class='ocrx_word' id='word_1_121' title='bbox 124 1455 204 1521; x_wconf 92' lang='lat' dir='ltr'><strong>bella</strong></span> <span class='ocrx_word' id='word_1_122' title='bbox 232 1455 390 1538; x_wconf 90' lang='lat' dir='ltr'><strong>integrum</strong></span> <span class='ocrx_word' id='word_1_123' title='bbox 419 1451 475 1517; x_wconf 93' lang='lat' dir='ltr'><strong>tibi</strong></span> <span class='ocrx_word' id='word_1_124' title='bbox 504 1474 663 1526; x_wconf 84' lang='lat' dir='ltr'><strong>reserves,</strong></span> <span class='ocrx_word' id='word_1_125' title='bbox 700 1451 835 1528; x_wconf 86' lang='lat' dir='ltr'><strong>suadco;</strong></span> <span class='ocrx_word' id='word_1_126' title='bbox 872 1462 903 1516; x_wconf 91' lang='lat' dir='ltr'><strong>ct</strong></span> <span class='ocrx_word' id='word_1_127' title='bbox 932 1452 1004 1516; x_wconf 90' lang='lat' dir='ltr'><strong>buia</strong></span> <span class='ocrx_word' id='word_1_128' title='bbox 1026 1457 1089 1527; x_wconf 87' lang='lat' dir='ltr'><strong>rei,</strong></span> <span class='ocrx_word' id='word_1_129' title='bbox 1120 1453 1159 1517; x_wconf 91' lang='lat' dir='ltr'><strong>de</strong></span> <span class='ocrx_word' id='word_1_130' title='bbox 1181 1475 1243 1538; x_wconf 91' lang='lat' dir='ltr'><strong>qua</strong></span> <span class='ocrx_word' id='word_1_131' title='bbox 1264 1453 1393 1538; x_wconf 87' lang='lat' dir='ltr'><strong>loquor,</strong></span> <span class='ocrx_word' id='word_1_132' title='bbox 1417 1464 1448 1519; x_wconf 90' lang='lat' dir='ltr'><strong>et</strong></span> 
     </span>
     <span class='ocr_line' id='line_1_14' title="bbox 125 1545 1447 1634; baseline 0 -21"><span class='ocrx_word' id='word_1_133' title='bbox 125 1548 265 1634; x_wconf 90' lang='lat' dir='ltr'><strong>dignitati</strong></span> <span class='ocrx_word' id='word_1_134' title='bbox 286 1559 357 1612; x_wconf 91' lang='lat' dir='ltr'><strong>tuae</strong></span> <span class='ocrx_word' id='word_1_135' title='bbox 387 1545 614 1631; x_wconf 87' lang='lat' dir='ltr'><strong>aequitatisque</strong></span> <span class='ocrx_word' id='word_1_136' title='bbox 636 1546 777 1631; x_wconf 89' lang='lat' dir='ltr'><strong>opinioni</strong></span> <span class='ocrx_word' id='word_1_137' title='bbox 806 1546 866 1611; x_wconf 94' lang='lat' dir='ltr'><strong>boc</strong></span> <span class='ocrx_word' id='word_1_138' title='bbox 888 1545 930 1610; x_wconf 90' lang='lat' dir='ltr'><strong>ita</strong></span> <span class='ocrx_word' id='word_1_139' title='bbox 950 1547 1056 1631; x_wconf 81' lang='lat' dir='ltr'><strong>facere</strong></span> <span class='ocrx_word' id='word_1_140' title='bbox 1083 1546 1220 1633; x_wconf 82' lang='lat' dir='ltr'><strong>expedit</strong></span> <span class='ocrx_word' id='word_1_141' title='bbox 1264 1552 1369 1632; x_wconf 88' lang='lat' dir='ltr'><strong>Turpe</strong></span> <span class='ocrx_word' id='word_1_142' title='bbox 1392 1547 1447 1613; x_wconf 91' lang='lat' dir='ltr'><strong>tibi</strong></span> 
     </span>
     <span class='ocr_line' id='line_1_15' title="bbox 126 1638 837 1729; baseline -0.007 -21"><span class='ocrx_word' id='word_1_143' title='bbox 126 1642 185 1708; x_wconf 89' lang='lat' dir='ltr'><strong>erit</strong></span> <span class='ocrx_word' id='word_1_144' title='bbox 205 1641 373 1729; x_wconf 86' lang='lat' dir='ltr'><strong>pantheras</strong></span> <span class='ocrx_word' id='word_1_145' title='bbox 396 1645 529 1706; x_wconf 88' lang='lat' dir='ltr'><strong>Graecas</strong></span> <span class='ocrx_word' id='word_1_146' title='bbox 551 1661 601 1704; x_wconf 92' lang='lat' dir='ltr'><strong>me</strong></span> <span class='ocrx_word' id='word_1_147' title='bbox 624 1661 687 1705; x_wconf 93' lang='lat' dir='ltr'><strong>non</strong></span> <span class='ocrx_word' id='word_1_148' title='bbox 708 1638 837 1703; x_wconf 87' lang='lat' dir='ltr'><strong>habere.</strong></span> 
     </span>
    </p>
   </div>
   <div class='ocr_carea' id='block_1_3' title="bbox 575 1779 1485 1957">
    <p class='ocr_par' dir='ltr' id='par_1_3' title="bbox 575 1779 1485 1957">
     <span class='ocr_line' id='line_1_16' title="bbox 592 1779 1485 1860; baseline -0.006 -17"><span class='ocrx_word' id='word_1_149' title='bbox 592 1782 657 1843; x_wconf 84' lang='lat' dir='ltr'><strong>vu.</strong></span> <span class='ocrx_word' id='word_1_150' title='bbox 701 1779 754 1860; x_wconf 79' lang='lat' dir='ltr'><strong>(A.</strong></span> <span class='ocrx_word' id='word_1_151' title='bbox 780 1782 812 1844; x_wconf 89' lang='lat' dir='ltr'><strong>u.</strong></span> <span class='ocrx_word' id='word_1_152' title='bbox 836 1782 868 1844; x_wconf 83' lang='lat' dir='ltr'><strong>c.</strong></span> <span class='ocrx_word' id='word_1_153' title='bbox 890 1781 980 1860; x_wconf 70' lang='grc' dir='ltr'><strong>τοι.)</strong></span> <span class='ocrx_word' id='word_1_154' title='bbox 1459 1798 1485 1838; x_wconf 70' lang='lat'><strong>1.</strong></span> 
     </span>
     <span class='ocr_line' id='line_1_17' title="bbox 575 1894 998 1957; baseline -0.002 0"><span class='ocrx_word' id='word_1_155' title='bbox 575 1894 737 1957; x_wconf 78' lang='lat' dir='ltr'><strong>casatus</strong></span> <span class='ocrx_word' id='word_1_156' title='bbox 760 1894 945 1957; x_wconf 80' lang='lat' dir='ltr'><strong>ammom</strong></span> <span class='ocrx_word' id='word_1_157' title='bbox 967 1896 998 1956; x_wconf 90' lang='lat' dir='ltr'><strong>s.</strong></span> 
     </span>
    </p>
   </div>
   <div class='ocr_carea' id='block_1_4' title="bbox 73 2010 1526 3317">
    <p class='ocr_par' dir='ltr' id='par_1_4' title="bbox 125 2010 1448 2289">
     <span class='ocr_line' id='line_1_18' title="bbox 211 2010 1448 2101; baseline -0.002 -19"><span class='ocrx_word' id='word_1_158' title='bbox 211 2021 240 2082; x_wconf 93' lang='lat'><strong>1.</strong></span> <span class='ocrx_word' id='word_1_159' title='bbox 273 2018 375 2094; x_wconf 88' lang='lat' dir='ltr'><strong>Quam</strong></span> <span class='ocrx_word' id='word_1_160' title='bbox 402 2019 464 2079; x_wconf 92' lang='lat' dir='ltr'><strong>cito</strong></span> <span class='ocrx_word' id='word_1_161' title='bbox 492 2024 525 2078; x_wconf 92' lang='lat' dir='ltr'><strong>tu</strong></span> <span class='ocrx_word' id='word_1_162' title='bbox 551 2011 642 2077; x_wconf 91' lang='lat' dir='ltr'><strong>istinc</strong></span> <span class='ocrx_word' id='word_1_163' title='bbox 669 2010 822 2076; x_wconf 86' lang='lat' dir='ltr'><strong>decedere</strong></span> <span class='ocrx_word' id='word_1_164' title='bbox 853 2012 978 2097; x_wconf 90' lang='lat' dir='ltr'><strong>cupias,</strong></span> <span class='ocrx_word' id='word_1_165' title='bbox 1008 2011 1131 2090; x_wconf 88' lang='lat' dir='ltr'><strong>nescio;</strong></span> <span class='ocrx_word' id='word_1_166' title='bbox 1164 2034 1224 2098; x_wconf 86' lang='lat' dir='ltr'><strong>ego</strong></span> <span class='ocrx_word' id='word_1_167' title='bbox 1254 2014 1381 2101; x_wconf 91' lang='lat' dir='ltr'><strong>quidem</strong></span> <span class='ocrx_word' id='word_1_168' title='bbox 1408 2035 1448 2080; x_wconf 91' lang='lat' dir='ltr'><strong>eo</strong></span> 
     </span>
     <span class='ocr_line' id='line_1_19' title="bbox 125 2105 1448 2196; baseline -0.005 -20"><span class='ocrx_word' id='word_1_169' title='bbox 125 2110 240 2196; x_wconf 88' lang='lat' dir='ltr'><strong>magis,</strong></span> <span class='ocrx_word' id='word_1_170' title='bbox 272 2130 336 2196; x_wconf 93' lang='lat' dir='ltr'><strong>quo</strong></span> <span class='ocrx_word' id='word_1_171' title='bbox 367 2107 467 2173; x_wconf 93' lang='lat' dir='ltr'><strong>adbuc</strong></span> <span class='ocrx_word' id='word_1_172' title='bbox 500 2105 621 2170; x_wconf 90' lang='lat' dir='ltr'><strong>felicius</strong></span> <span class='ocrx_word' id='word_1_173' title='bbox 643 2126 695 2169; x_wconf 88' lang='lat' dir='ltr'><strong>res</strong></span> <span class='ocrx_word' id='word_1_174' title='bbox 716 2105 849 2189; x_wconf 90' lang='lat' dir='ltr'><strong>gessisti.</strong></span> <span class='ocrx_word' id='word_1_175' title='bbox 906 2110 989 2169; x_wconf 88' lang='lat' dir='ltr'><strong>Dum</strong></span> <span class='ocrx_word' id='word_1_176' title='bbox 1011 2106 1079 2170; x_wconf 89' lang='lat' dir='ltr'><strong>istic</strong></span> <span class='ocrx_word' id='word_1_177' title='bbox 1101 2107 1180 2180; x_wconf 88' lang='lat' dir='ltr'><strong>eris,</strong></span> <span class='ocrx_word' id='word_1_178' title='bbox 1215 2107 1349 2173; x_wconf 86' lang='lat' dir='ltr'><strong>dabelli</strong></span> <span class='ocrx_word' id='word_1_179' title='bbox 1374 2112 1448 2171; x_wconf 89' lang='lat' dir='ltr'><strong>Par·</strong></span> 
     </span>
     <span class='ocr_line' id='line_1_20' title="bbox 126 2198 1448 2289; baseline -0.003 -18"><span class='ocrx_word' id='word_1_180' title='bbox 126 2206 201 2271; x_wconf 90' lang='lat' dir='ltr'><strong>thici</strong></span> <span class='ocrx_word' id='word_1_181' title='bbox 221 2202 363 2289; x_wconf 91' lang='lat' dir='ltr'><strong>periculo</strong></span> <span class='ocrx_word' id='word_1_182' title='bbox 386 2199 569 2271; x_wconf 86' lang='lat' dir='ltr'><strong>cruciabor,</strong></span> <span class='ocrx_word' id='word_1_183' title='bbox 606 2219 645 2262; x_wconf 92' lang='lat' dir='ltr'><strong>ne</strong></span> <span class='ocrx_word' id='word_1_184' title='bbox 668 2198 750 2262; x_wconf 88' lang='lat' dir='ltr'><strong>bunc</strong></span> <span class='ocrx_word' id='word_1_185' title='bbox 778 2198 877 2263; x_wconf 90' lang='lat' dir='ltr'><strong>risum</strong></span> <span class='ocrx_word' id='word_1_186' title='bbox 905 2220 1010 2262; x_wconf 93' lang='lat' dir='ltr'><strong>meum</strong></span> <span class='ocrx_word' id='word_1_187' title='bbox 1032 2207 1133 2263; x_wconf 91' lang='lat' dir='ltr'><strong>metus</strong></span> <span class='ocrx_word' id='word_1_188' title='bbox 1155 2200 1252 2285; x_wconf 89' lang='lat' dir='ltr'><strong>aliqui</strong></span> <span class='ocrx_word' id='word_1_189' title='bbox 1274 2201 1448 2286; x_wconf 84' lang='lat' dir='ltr'><strong>perturbet.</strong></span> 
     </span>
    </p>

    <p class='ocr_par' dir='ltr' id='par_1_5' title="bbox 73 2291 1526 3317">
     <span class='ocr_line' id='line_1_21' title="bbox 73 2291 1485 2378; baseline -0.004 -14"><span class='ocrx_word' id='word_1_190' title='bbox 73 2309 78 2319; x_wconf 92' lang='grc'><strong>’</strong></span> <span class='ocrx_word' id='word_1_191' title='bbox 125 2297 294 2366; x_wconf 87' lang='lat' dir='ltr'><strong>Breviores</strong></span> <span class='ocrx_word' id='word_1_192' title='bbox 325 2295 380 2360; x_wconf 92' lang='lat' dir='ltr'><strong>bas</strong></span> <span class='ocrx_word' id='word_1_193' title='bbox 413 2295 531 2359; x_wconf 88' lang='lat' dir='ltr'><strong>litteras</strong></span> <span class='ocrx_word' id='word_1_194' title='bbox 563 2294 744 2377; x_wconf 89' lang='lat' dir='ltr'><strong>properanti</strong></span> <span class='ocrx_word' id='word_1_195' title='bbox 771 2292 1012 2378; x_wconf 81' lang='lat' dir='ltr'><strong>publicanorum</strong></span> <span class='ocrx_word' id='word_1_196' title='bbox 1043 2291 1204 2357; x_wconf 86' lang='lat' dir='ltr'><strong>tabellario</strong></span> <span class='ocrx_word' id='word_1_197' title='bbox 1227 2293 1332 2358; x_wconf 90' lang='lat' dir='ltr'><strong>subito</strong></span> <span class='ocrx_word' id='word_1_198' title='bbox 1355 2294 1485 2371; x_wconf 79' lang='lat' dir='ltr'><strong>dedi3sn</strong></span> 
     </span>
     <span class='ocr_line' id='line_1_22' title="bbox 126 2385 1448 2474; baseline -0.005 -17"><span class='ocrx_word' id='word_1_199' title='bbox 126 2402 180 2457; x_wconf 95' lang='lat' dir='ltr'><strong>tuo</strong></span> <span class='ocrx_word' id='word_1_200' title='bbox 199 2390 313 2456; x_wconf 90' lang='lat' dir='ltr'><strong>liberto</strong></span> <span class='ocrx_word' id='word_1_201' title='bbox 335 2387 478 2474; x_wconf 91' lang='lat' dir='ltr'><strong>pluribus</strong></span> <span class='ocrx_word' id='word_1_202' title='bbox 500 2386 604 2450; x_wconf 87' lang='lat' dir='ltr'><strong>verbis</strong></span> <span class='ocrx_word' id='word_1_203' title='bbox 626 2386 756 2472; x_wconf 91' lang='lat' dir='ltr'><strong>scriptas</strong></span> <span class='ocrx_word' id='word_1_204' title='bbox 778 2386 880 2470; x_wconf 90' lang='lat' dir='ltr'><strong>pridie</strong></span> <span class='ocrx_word' id='word_1_205' title='bbox 895 2385 1052 2450; x_wconf 88' lang='lat' dir='ltr'><strong>dederam.</strong></span> <span class='ocrx_word' id='word_1_206' title='bbox 1096 2390 1126 2450; x_wconf 80' lang='lat'><strong>2.</strong></span> <span class='ocrx_word' id='word_1_207' title='bbox 1149 2392 1209 2451; x_wconf 87' lang='lat' dir='ltr'><strong>Res</strong></span> <span class='ocrx_word' id='word_1_208' title='bbox 1225 2397 1328 2452; x_wconf 92' lang='lat' dir='ltr'><strong>autem</strong></span> <span class='ocrx_word' id='word_1_209' title='bbox 1347 2409 1448 2453; x_wconf 90' lang='lat' dir='ltr'><strong>novae</strong></span> 
     </span>
     <span class='ocr_line' id='line_1_23' title="bbox 125 2477 1450 2564; baseline -0.004 -14"><span class='ocrx_word' id='word_1_210' title='bbox 125 2485 228 2550; x_wconf 90' lang='lat' dir='ltr'><strong>nullae</strong></span> <span class='ocrx_word' id='word_1_211' title='bbox 250 2504 324 2548; x_wconf 90' lang='lat' dir='ltr'><strong>saue</strong></span> <span class='ocrx_word' id='word_1_212' title='bbox 346 2480 539 2553; x_wconf 87' lang='lat' dir='ltr'><strong>acciderunt,</strong></span> <span class='ocrx_word' id='word_1_213' title='bbox 576 2480 637 2544; x_wconf 94' lang='lat' dir='ltr'><strong>nisi</strong></span> <span class='ocrx_word' id='word_1_214' title='bbox 659 2480 734 2543; x_wconf 88' lang='lat' dir='ltr'><strong>baec</strong></span> <span class='ocrx_word' id='word_1_215' title='bbox 756 2478 802 2542; x_wconf 92' lang='lat' dir='ltr'><strong>vis</strong></span> <span class='ocrx_word' id='word_1_216' title='bbox 824 2478 879 2542; x_wconf 92' lang='lat' dir='ltr'><strong>tibi</strong></span> <span class='ocrx_word' id='word_1_217' title='bbox 902 2477 1016 2553; x_wconf 90' lang='lat' dir='ltr'><strong>scribi,</strong></span> <span class='ocrx_word' id='word_1_218' title='bbox 1045 2501 1126 2564; x_wconf 93' lang='lat' dir='ltr'><strong>quae</strong></span> <span class='ocrx_word' id='word_1_219' title='bbox 1148 2492 1233 2544; x_wconf 90' lang='lat' dir='ltr'><strong>certe</strong></span> <span class='ocrx_word' id='word_1_220' title='bbox 1255 2481 1315 2545; x_wconf 92' lang='lat' dir='ltr'><strong>vis:</strong></span> <span class='ocrx_word' id='word_1_221' title='bbox 1340 2481 1450 2547; x_wconf 86' lang='lat' dir='ltr'><strong>Corni-</strong></span> 
     </span>
     <span class='ocr_line' id='line_1_24' title="bbox 126 2571 1449 2656; baseline -0.004 -12"><span class='ocrx_word' id='word_1_222' title='bbox 126 2579 213 2644; x_wconf 85' lang='lat' dir='ltr'><strong>ficius</strong></span> <span class='ocrx_word' id='word_1_223' title='bbox 233 2576 414 2642; x_wconf 89' lang='lat' dir='ltr'><strong>adolescens</strong></span> <span class='ocrx_word' id='word_1_224' title='bbox 444 2574 607 2640; x_wconf 91' lang='lat' dir='ltr'><strong>Orestillae</strong></span> <span class='ocrx_word' id='word_1_225' title='bbox 632 2573 725 2637; x_wconf 90' lang='lat' dir='ltr'><strong>liliam</strong></span> <span class='ocrx_word' id='word_1_226' title='bbox 750 2571 812 2635; x_wconf 90' lang='lat' dir='ltr'><strong>sibi</strong></span> <span class='ocrx_word' id='word_1_227' title='bbox 833 2571 1008 2656; x_wconf 92' lang='lat' dir='ltr'><strong>despondit.</strong></span> <span class='ocrx_word' id='word_1_228' title='bbox 1065 2573 1169 2637; x_wconf 90' lang='lat' dir='ltr'><strong>Paulla</strong></span> <span class='ocrx_word' id='word_1_229' title='bbox 1192 2574 1332 2648; x_wconf 87' lang='lat' dir='ltr'><strong>Valeria,</strong></span> <span class='ocrx_word' id='word_1_230' title='bbox 1355 2595 1449 2639; x_wconf 88' lang='lat' dir='ltr'><strong>soror</strong></span> 
     </span>
     <span class='ocr_line' id='line_1_25' title="bbox 126 2664 1448 2751; baseline -0.004 -14"><span class='ocrx_word' id='word_1_231' title='bbox 126 2671 257 2744; x_wconf 68' lang='lat' dir='ltr'><strong>triarii,</strong></span> <span class='ocrx_word' id='word_1_232' title='bbox 289 2669 459 2733; x_wconf 89' lang='lat' dir='ltr'><strong>divortium</strong></span> <span class='ocrx_word' id='word_1_233' title='bbox 484 2668 552 2731; x_wconf 90' lang='lat' dir='ltr'><strong>sine</strong></span> <span class='ocrx_word' id='word_1_234' title='bbox 577 2688 687 2740; x_wconf 87' lang='lat' dir='ltr'><strong>causa,</strong></span> <span class='ocrx_word' id='word_1_235' title='bbox 716 2687 780 2751; x_wconf 94' lang='lat' dir='ltr'><strong>quo</strong></span> <span class='ocrx_word' id='word_1_236' title='bbox 808 2665 860 2746; x_wconf 85' lang='lat' dir='ltr'><strong>die</strong></span> <span class='ocrx_word' id='word_1_237' title='bbox 889 2664 936 2727; x_wconf 90' lang='lat' dir='ltr'><strong>vir</strong></span> <span class='ocrx_word' id='word_1_238' title='bbox 962 2686 979 2728; x_wconf 90' lang='lat' dir='ltr'><strong>e</strong></span> <span class='ocrx_word' id='word_1_239' title='bbox 1007 2665 1169 2749; x_wconf 90' lang='lat' dir='ltr'><strong>provincia</strong></span> <span class='ocrx_word' id='word_1_240' title='bbox 1189 2678 1339 2732; x_wconf 90' lang='lat' dir='ltr'><strong>venturus</strong></span> <span class='ocrx_word' id='word_1_241' title='bbox 1366 2677 1448 2742; x_wconf 86' lang='lat' dir='ltr'><strong>erat,</strong></span> 
     </span>
     <span class='ocr_line' id='line_1_26' title="bbox 126 2758 1487 2852; baseline -0.004 -22"><span class='ocrx_word' id='word_1_242' title='bbox 126 2765 210 2830; x_wconf 90' lang='lat' dir='ltr'><strong>fecit.</strong></span> <span class='ocrx_word' id='word_1_243' title='bbox 252 2769 394 2847; x_wconf 89' lang='lat' dir='ltr'><strong>Nuptura</strong></span> <span class='ocrx_word' id='word_1_244' title='bbox 421 2771 468 2826; x_wconf 93' lang='lat' dir='ltr'><strong>est</strong></span> <span class='ocrx_word' id='word_1_245' title='bbox 487 2766 524 2825; x_wconf 91' lang='lat' dir='ltr'><strong>D.</strong></span> <span class='ocrx_word' id='word_1_246' title='bbox 548 2767 666 2825; x_wconf 88' lang='lat' dir='ltr'><strong>Bruto:</strong></span> <span class='ocrx_word' id='word_1_247' title='bbox 696 2758 835 2822; x_wconf 94' lang='lat' dir='ltr'><strong>nondum</strong></span> <span class='ocrx_word' id='word_1_248' title='bbox 860 2758 1048 2822; x_wconf 86' lang='lat' dir='ltr'><strong>rettuleras‘l</strong></span> <span class='ocrx_word' id='word_1_249' title='bbox 1081 2760 1177 2823; x_wconf 90' lang='lat' dir='ltr'><strong>ltlulta</strong></span> <span class='ocrx_word' id='word_1_250' title='bbox 1198 2759 1230 2823; x_wconf 95' lang='lat' dir='ltr'><strong>in</strong></span> <span class='ocrx_word' id='word_1_251' title='bbox 1247 2760 1307 2824; x_wconf 89' lang='lat' dir='ltr'><strong>boc</strong></span> <span class='ocrx_word' id='word_1_252' title='bbox 1331 2780 1487 2852; x_wconf 66' lang='lat' dir='ltr'><strong>genereus</strong></span> 
     </span>
     <span class='ocr_line' id='line_1_27' title="bbox 126 2844 1526 2937; baseline -0.006 -12"><span class='ocrx_word' id='word_1_253' title='bbox 126 2857 322 2925; x_wconf 87' lang='lat' dir='ltr'><strong>incredibilia</strong></span> <span class='ocrx_word' id='word_1_254' title='bbox 339 2868 369 2921; x_wconf 89' lang='lat' dir='ltr'><strong>te</strong></span> <span class='ocrx_word' id='word_1_255' title='bbox 390 2854 517 2919; x_wconf 90' lang='lat' dir='ltr'><strong>absente</strong></span> <span class='ocrx_word' id='word_1_256' title='bbox 542 2854 733 2919; x_wconf 89' lang='lat' dir='ltr'><strong>acciderunt.</strong></span> <span class='ocrx_word' id='word_1_257' title='bbox 777 2851 906 2916; x_wconf 87' lang='lat' dir='ltr'><strong>Servius</strong></span> <span class='ocrx_word' id='word_1_258' title='bbox 925 2852 1029 2915; x_wconf 89' lang='lat' dir='ltr'><strong>Ocella</strong></span> <span class='ocrx_word' id='word_1_259' title='bbox 1050 2853 1165 2916; x_wconf 89' lang='lat' dir='ltr'><strong>nemini</strong></span> <span class='ocrx_word' id='word_1_260' title='bbox 1189 2853 1396 2937; x_wconf 85' lang='lat' dir='ltr'><strong>persuasisset</strong></span> <span class='ocrx_word' id='word_1_261' title='bbox 1415 2874 1449 2918; x_wconf 89' lang='lat' dir='ltr'><strong>so</strong></span> <span class='ocrx_word' id='word_1_262' title='bbox 1522 2844 1526 2854; x_wconf 50' lang='grc'><strong>“</strong></span> 
     </span>
     <span class='ocr_line' id='line_1_28' title="bbox 128 2945 1450 3031; baseline -0.005 -13"><span class='ocrx_word' id='word_1_263' title='bbox 128 2952 294 3018; x_wconf 89' lang='lat' dir='ltr'><strong>moechum</strong></span> <span class='ocrx_word' id='word_1_264' title='bbox 328 2970 412 3025; x_wconf 91' lang='lat' dir='ltr'><strong>esse,</strong></span> <span class='ocrx_word' id='word_1_265' title='bbox 446 2948 505 3013; x_wconf 93' lang='lat' dir='ltr'><strong>nisi</strong></span> <span class='ocrx_word' id='word_1_266' title='bbox 534 2948 639 3013; x_wconf 92' lang='lat' dir='ltr'><strong>triduo</strong></span> <span class='ocrx_word' id='word_1_267' title='bbox 661 2946 710 3011; x_wconf 90' lang='lat' dir='ltr'><strong>bis</strong></span> <span class='ocrx_word' id='word_1_268' title='bbox 735 2945 949 3031; x_wconf 90' lang='lat' dir='ltr'><strong>deprehensus</strong></span> <span class='ocrx_word' id='word_1_269' title='bbox 974 2957 1066 3010; x_wconf 90' lang='lat' dir='ltr'><strong>essct.</strong></span> <span class='ocrx_word' id='word_1_270' title='bbox 1111 2950 1269 3030; x_wconf 88' lang='lat' dir='ltr'><strong>Quaeres,</strong></span> <span class='ocrx_word' id='word_1_271' title='bbox 1292 2947 1372 3012; x_wconf 84' lang='lat' dir='ltr'><strong>ubit</strong></span> <span class='ocrx_word' id='word_1_272' title='bbox 1395 2945 1450 3012; x_wconf 93' lang='lat' dir='ltr'><strong>ubi</strong></span> 
     </span>
     <span class='ocr_line' id='line_1_29' title="bbox 129 3037 1450 3127; baseline -0.003 -18"><span class='ocrx_word' id='word_1_273' title='bbox 129 3044 272 3111; x_wconf 90' lang='lat' dir='ltr'><strong>bercules</strong></span> <span class='ocrx_word' id='word_1_274' title='bbox 304 3063 364 3127; x_wconf 92' lang='lat' dir='ltr'><strong>ego</strong></span> <span class='ocrx_word' id='word_1_275' title='bbox 398 3042 527 3106; x_wconf 90' lang='lat' dir='ltr'><strong>minime</strong></span> <span class='ocrx_word' id='word_1_276' title='bbox 555 3041 676 3106; x_wconf 91' lang='lat' dir='ltr'><strong>vellem.</strong></span> <span class='ocrx_word' id='word_1_277' title='bbox 730 3040 883 3124; x_wconf 85' lang='lat' dir='ltr'><strong>Relinque</strong></span> <span class='ocrx_word' id='word_1_278' title='bbox 909 3037 986 3112; x_wconf 92' lang='lat' dir='ltr'><strong>tibi,</strong></span> <span class='ocrx_word' id='word_1_279' title='bbox 1021 3039 1107 3125; x_wconf 92' lang='lat' dir='ltr'><strong>quod</strong></span> <span class='ocrx_word' id='word_1_280' title='bbox 1138 3039 1176 3105; x_wconf 92' lang='lat' dir='ltr'><strong>ab</strong></span> <span class='ocrx_word' id='word_1_281' title='bbox 1206 3040 1274 3105; x_wconf 93' lang='lat' dir='ltr'><strong>aliis</strong></span> <span class='ocrx_word' id='word_1_282' title='bbox 1307 3062 1450 3126; x_wconf 85' lang='lat' dir='ltr'><strong>quaeras.</strong></span> 
     </span>
     <span class='ocr_line' id='line_1_30' title="bbox 128 3133 1451 3224; baseline -0.002 -22"><span class='ocrx_word' id='word_1_283' title='bbox 128 3143 235 3224; x_wconf 90' lang='lat' dir='ltr'><strong>Neque</strong></span> <span class='ocrx_word' id='word_1_284' title='bbox 258 3136 342 3201; x_wconf 91' lang='lat' dir='ltr'><strong>enim</strong></span> <span class='ocrx_word' id='word_1_285' title='bbox 374 3136 516 3222; x_wconf 92' lang='lat' dir='ltr'><strong>displicet</strong></span> <span class='ocrx_word' id='word_1_286' title='bbox 543 3135 620 3199; x_wconf 92' lang='lat' dir='ltr'><strong>mibi</strong></span> <span class='ocrx_word' id='word_1_287' title='bbox 643 3135 867 3221; x_wconf 88' lang='lat' dir='ltr'><strong>imperatorem</strong></span> <span class='ocrx_word' id='word_1_288' title='bbox 893 3133 1033 3217; x_wconf 88' lang='lat' dir='ltr'><strong>singulos</strong></span> <span class='ocrx_word' id='word_1_289' title='bbox 1062 3134 1257 3218; x_wconf 89' lang='lat' dir='ltr'><strong>percontari,</strong></span> <span class='ocrx_word' id='word_1_290' title='bbox 1294 3156 1365 3200; x_wconf 91' lang='lat' dir='ltr'><strong>cum</strong></span> <span class='ocrx_word' id='word_1_291' title='bbox 1389 3156 1451 3221; x_wconf 93' lang='lat' dir='ltr'><strong>qua</strong></span> 
     </span>
     <span class='ocr_line' id='line_1_31' title="bbox 128 3230 1489 3317; baseline -0.004 -21"><span class='ocrx_word' id='word_1_292' title='bbox 128 3231 170 3297; x_wconf 89' lang='lat' dir='ltr'><strong>sit</strong></span> <span class='ocrx_word' id='word_1_293' title='bbox 189 3230 285 3317; x_wconf 89' lang='lat' dir='ltr'><strong>aliqui</strong></span> <span class='ocrx_word' id='word_1_294' title='bbox 305 3230 528 3316; x_wconf 87' lang='lat' dir='ltr'><strong>deprehensus.</strong></span> <span class='ocrx_word' id='word_1_295' title='bbox 1460 3250 1489 3290; x_wconf 81' lang='lat' dir='ltr'><strong>so</strong></span> 
     </span>
    </p>
   </div>
   <div class='ocr_carea' id='block_1_5' title="bbox 485 3367 1093 3547">
    <p class='ocr_par' dir='ltr' id='par_1_6' title="bbox 485 3367 1093 3547">
     <span class='ocr_line' id='line_1_32' title="bbox 597 3367 991 3451; baseline 0 -19"><span class='ocrx_word' id='word_1_296' title='bbox 597 3370 677 3432; x_wconf 88' lang='lat' dir='ltr'><strong>vm.</strong></span> <span class='ocrx_word' id='word_1_297' title='bbox 721 3367 770 3451; x_wconf 76' lang='lat' dir='ltr'><strong>(A.</strong></span> <span class='ocrx_word' id='word_1_298' title='bbox 796 3371 828 3432; x_wconf 88' lang='lat' dir='ltr'><strong>u.</strong></span> <span class='ocrx_word' id='word_1_299' title='bbox 852 3370 883 3432; x_wconf 87' lang='lat' dir='ltr'><strong>c.</strong></span> <span class='ocrx_word' id='word_1_300' title='bbox 906 3367 991 3451; x_wconf 65' lang='lat' dir='ltr'><strong>neap</strong></span> 
     </span>
     <span class='ocr_line' id='line_1_33' title="bbox 485 3482 1093 3547; baseline -0.003 0"><span class='ocrx_word' id='word_1_301' title='bbox 485 3487 527 3547; x_wconf 88' lang='lat' dir='ltr'><strong>u.</strong></span> <span class='ocrx_word' id='word_1_302' title='bbox 550 3484 712 3547; x_wconf 80' lang='lat' dir='ltr'><strong>casatus</strong></span> <span class='ocrx_word' id='word_1_303' title='bbox 734 3484 775 3545; x_wconf 86' lang='lat' dir='ltr'><strong>u.</strong></span> <span class='ocrx_word' id='word_1_304' title='bbox 797 3482 981 3545; x_wconf 83' lang='lat' dir='ltr'><strong>arcanam</strong></span> <span class='ocrx_word' id='word_1_305' title='bbox 1003 3484 1033 3544; x_wconf 90' lang='lat' dir='ltr'><strong>s.</strong></span> <span class='ocrx_word' id='word_1_306' title='bbox 1056 3485 1093 3545; x_wconf 91' lang='lat' dir='ltr'><strong>n.</strong></span> 
     </span>
    </p>
   </div>
   <div class='ocr_carea' id='block_1_6' title="bbox 130 3599 1490 4253">
    <p class='ocr_par' dir='ltr' id='par_1_7' title="bbox 130 3599 1490 4253">
     <span class='ocr_line' id='line_1_34' title="bbox 215 3599 1453 3688; baseline -0.003 -17"><span class='ocrx_word' id='word_1_307' title='bbox 215 3610 244 3671; x_wconf 92' lang='lat'><strong>1.</strong></span> <span class='ocrx_word' id='word_1_308' title='bbox 272 3605 338 3670; x_wconf 91' lang='lat' dir='ltr'><strong>Etsi</strong></span> <span class='ocrx_word' id='word_1_309' title='bbox 368 3603 407 3667; x_wconf 91' lang='lat' dir='ltr'><strong>de</strong></span> <span class='ocrx_word' id='word_1_310' title='bbox 427 3625 464 3668; x_wconf 91' lang='lat' dir='ltr'><strong>re</strong></span> <span class='ocrx_word' id='word_1_311' title='bbox 488 3602 613 3688; x_wconf 92' lang='lat' dir='ltr'><strong>publica</strong></span> <span class='ocrx_word' id='word_1_312' title='bbox 643 3622 723 3687; x_wconf 89' lang='lat' dir='ltr'><strong>quae</strong></span> <span class='ocrx_word' id='word_1_313' title='bbox 745 3600 803 3666; x_wconf 91' lang='lat' dir='ltr'><strong>tibi</strong></span> <span class='ocrx_word' id='word_1_314' title='bbox 829 3599 962 3665; x_wconf 89' lang='lat' dir='ltr'><strong>scribam</strong></span> <span class='ocrx_word' id='word_1_315' title='bbox 985 3600 1102 3676; x_wconf 90' lang='lat' dir='ltr'><strong>babeo,</strong></span> <span class='ocrx_word' id='word_1_316' title='bbox 1125 3613 1229 3666; x_wconf 93' lang='lat' dir='ltr'><strong>tamen</strong></span> <span class='ocrx_word' id='word_1_317' title='bbox 1250 3602 1344 3678; x_wconf 93' lang='lat' dir='ltr'><strong>nibil,</strong></span> <span class='ocrx_word' id='word_1_318' title='bbox 1367 3601 1453 3688; x_wconf 91' lang='lat' dir='ltr'><strong>quod</strong></span> 
     </span>
     <span class='ocr_line' id='line_1_35' title="bbox 130 3693 1452 3785; baseline -0.003 -21"><span class='ocrx_word' id='word_1_319' title='bbox 130 3701 229 3785; x_wconf 92' lang='lat' dir='ltr'><strong>magis</strong></span> <span class='ocrx_word' id='word_1_320' title='bbox 248 3698 430 3785; x_wconf 88' lang='lat' dir='ltr'><strong>gavisurum</strong></span> <span class='ocrx_word' id='word_1_321' title='bbox 458 3708 488 3761; x_wconf 91' lang='lat' dir='ltr'><strong>te</strong></span> <span class='ocrx_word' id='word_1_322' title='bbox 513 3707 638 3782; x_wconf 92' lang='lat' dir='ltr'><strong>putem,</strong></span> <span class='ocrx_word' id='word_1_323' title='bbox 675 3693 776 3758; x_wconf 91' lang='lat' dir='ltr'><strong>babeo</strong></span> <span class='ocrx_word' id='word_1_324' title='bbox 806 3715 900 3779; x_wconf 91' lang='lat' dir='ltr'><strong>quam</strong></span> <span class='ocrx_word' id='word_1_325' title='bbox 932 3695 1001 3758; x_wconf 88' lang='lat' dir='ltr'><strong>boe.</strong></span> <span class='ocrx_word' id='word_1_326' title='bbox 1059 3695 1142 3759; x_wconf 86' lang='lat' dir='ltr'><strong>Scito</strong></span> <span class='ocrx_word' id='word_1_327' title='bbox 1170 3701 1203 3761; x_wconf 70' lang='lat' dir='ltr'><strong>tl.</strong></span> <span class='ocrx_word' id='word_1_328' title='bbox 1232 3698 1452 3781; x_wconf 87' lang='lat' dir='ltr'><strong>Sempronium</strong></span> 
     </span>
     <span class='ocr_line' id='line_1_36' title="bbox 131 3788 1490 3874; baseline -0.006 -12"><span class='ocrx_word' id='word_1_329' title='bbox 131 3796 261 3868; x_wconf 84' lang='lat' dir='ltr'><strong>ltufum,</strong></span> <span class='ocrx_word' id='word_1_330' title='bbox 285 3791 416 3863; x_wconf 87' lang='lat' dir='ltr'><strong>Rufum,</strong></span> <span class='ocrx_word' id='word_1_331' title='bbox 440 3791 500 3855; x_wconf 94' lang='lat' dir='ltr'><strong>mel</strong></span> <span class='ocrx_word' id='word_1_332' title='bbox 525 3812 560 3854; x_wconf 90' lang='lat' dir='ltr'><strong>ac</strong></span> <span class='ocrx_word' id='word_1_333' title='bbox 583 3788 706 3852; x_wconf 86' lang='lat' dir='ltr'><strong>delicias</strong></span> <span class='ocrx_word' id='word_1_334' title='bbox 729 3799 811 3861; x_wconf 92' lang='lat' dir='ltr'><strong>tuas,</strong></span> <span class='ocrx_word' id='word_1_335' title='bbox 834 3789 1020 3852; x_wconf 91' lang='lat' dir='ltr'><strong>calumniam</strong></span> <span class='ocrx_word' id='word_1_336' title='bbox 1042 3789 1181 3853; x_wconf 81' lang='lat' dir='ltr'><strong>maximo</strong></span> <span class='ocrx_word' id='word_1_337' title='bbox 1201 3791 1312 3874; x_wconf 86' lang='lat' dir='ltr'><strong>plausu</strong></span> <span class='ocrx_word' id='word_1_338' title='bbox 1333 3791 1452 3855; x_wconf 86' lang='lat' dir='ltr'><strong>tulisse.</strong></span> <span class='ocrx_word' id='word_1_339' title='bbox 1463 3819 1490 3859; x_wconf 68' lang='lat' dir='ltr'><strong>es</strong></span> 
     </span>
     <span class='ocr_line' id='line_1_37' title="bbox 132 3884 1454 3969; baseline -0.005 -15"><span class='ocrx_word' id='word_1_340' title='bbox 132 3889 281 3967; x_wconf 86' lang='lat' dir='ltr'><strong>Quaeris,</strong></span> <span class='ocrx_word' id='word_1_341' title='bbox 304 3909 342 3951; x_wconf 89' lang='lat' dir='ltr'><strong>an</strong></span> <span class='ocrx_word' id='word_1_342' title='bbox 371 3892 484 3949; x_wconf 75' lang='lat' dir='ltr'><strong>causa?</strong></span> <span class='ocrx_word' id='word_1_343' title='bbox 515 3891 555 3950; x_wconf 98' lang='grc' dir='ltr'><strong>Μ.</strong></span> <span class='ocrx_word' id='word_1_344' title='bbox 578 3884 741 3955; x_wconf 84' lang='lat' dir='ltr'><strong>Tuccium,</strong></span> <span class='ocrx_word' id='word_1_345' title='bbox 764 3892 977 3946; x_wconf 87' lang='lat' dir='ltr'><strong>accusatorem</strong></span> <span class='ocrx_word' id='word_1_346' title='bbox 1003 3905 1110 3957; x_wconf 93' lang='lat' dir='ltr'><strong>suum,</strong></span> <span class='ocrx_word' id='word_1_347' title='bbox 1133 3895 1204 3969; x_wconf 91' lang='lat' dir='ltr'><strong>post</strong></span> <span class='ocrx_word' id='word_1_348' title='bbox 1228 3884 1318 3949; x_wconf 87' lang='lat' dir='ltr'><strong>lmlos</strong></span> <span class='ocrx_word' id='word_1_349' title='bbox 1340 3892 1454 3950; x_wconf 83' lang='lat' dir='ltr'><strong>Noum-</strong></span> 
     </span>
     <span class='ocr_line' id='line_1_38' title="bbox 131 3976 1455 4064; baseline -0.003 -17"><span class='ocrx_word' id='word_1_350' title='bbox 131 4005 189 4048; x_wconf 91' lang='lat' dir='ltr'><strong>nos</strong></span> <span class='ocrx_word' id='word_1_351' title='bbox 212 4003 304 4046; x_wconf 91' lang='lat' dir='ltr'><strong>reum</strong></span> <span class='ocrx_word' id='word_1_352' title='bbox 326 3982 395 4064; x_wconf 85' lang='lat' dir='ltr'><strong>lege</strong></span> <span class='ocrx_word' id='word_1_353' title='bbox 420 3979 517 4044; x_wconf 89' lang='lat' dir='ltr'><strong>Plotia</strong></span> <span class='ocrx_word' id='word_1_354' title='bbox 539 3978 577 4042; x_wconf 93' lang='lat' dir='ltr'><strong>de</strong></span> <span class='ocrx_word' id='word_1_355' title='bbox 596 3976 627 4042; x_wconf 91' lang='lat' dir='ltr'><strong>vi</strong></span> <span class='ocrx_word' id='word_1_356' title='bbox 646 3976 738 4050; x_wconf 88' lang='lat' dir='ltr'><strong>fecit,</strong></span> <span class='ocrx_word' id='word_1_357' title='bbox 760 3977 820 4041; x_wconf 91' lang='lat' dir='ltr'><strong>boc</strong></span> <span class='ocrx_word' id='word_1_358' title='bbox 841 3977 988 4051; x_wconf 92' lang='lat' dir='ltr'><strong>consilio,</strong></span> <span class='ocrx_word' id='word_1_359' title='bbox 1023 3978 1106 4062; x_wconf 93' lang='lat' dir='ltr'><strong>quod</strong></span> <span class='ocrx_word' id='word_1_360' title='bbox 1130 3977 1270 4052; x_wconf 90' lang='lat' dir='ltr'><strong>videbat,</strong></span> <span class='ocrx_word' id='word_1_361' title='bbox 1307 3978 1332 4041; x_wconf 95' lang='lat' dir='ltr'><strong>si</strong></span> <span class='ocrx_word' id='word_1_362' title='bbox 1351 3991 1455 4043; x_wconf 86' lang='lat' dir='ltr'><strong>extra-</strong></span> 
     </span>
     <span class='ocr_line' id='line_1_39' title="bbox 132 4069 1454 4144; baseline -0.003 -4"><span class='ocrx_word' id='word_1_363' title='bbox 132 4075 310 4141; x_wconf 90' lang='lat' dir='ltr'><strong>ordinarius</strong></span> <span class='ocrx_word' id='word_1_364' title='bbox 331 4096 404 4139; x_wconf 89' lang='lat' dir='ltr'><strong>reus</strong></span> <span class='ocrx_word' id='word_1_365' title='bbox 429 4095 522 4136; x_wconf 75' lang='lat' dir='ltr'><strong>nenio</strong></span> <span class='ocrx_word' id='word_1_366' title='bbox 539 4071 734 4144; x_wconf 89' lang='lat' dir='ltr'><strong>accessisset,</strong></span> <span class='ocrx_word' id='word_1_367' title='bbox 767 4069 828 4133; x_wconf 90' lang='lat' dir='ltr'><strong>sibi</strong></span> <span class='ocrx_word' id='word_1_368' title='bbox 849 4071 909 4134; x_wconf 92' lang='lat' dir='ltr'><strong>boc</strong></span> <span class='ocrx_word' id='word_1_369' title='bbox 934 4092 1016 4134; x_wconf 91' lang='lat' dir='ltr'><strong>anno</strong></span> <span class='ocrx_word' id='word_1_370' title='bbox 1036 4092 1161 4135; x_wconf 89' lang='lat' dir='ltr'><strong>causam</strong></span> <span class='ocrx_word' id='word_1_371' title='bbox 1185 4094 1255 4135; x_wconf 88' lang='lat' dir='ltr'><strong>esse</strong></span> <span class='ocrx_word' id='word_1_372' title='bbox 1279 4072 1454 4136; x_wconf 89' lang='lat' dir='ltr'><strong>dicendam.</strong></span> 
     </span>
     <span class='ocr_line' id='line_1_40' title="bbox 131 4163 1453 4253; baseline -0.003 -19"><span class='ocrx_word' id='word_1_373' title='bbox 131 4168 269 4234; x_wconf 90' lang='lat' dir='ltr'><strong>Dubium</strong></span> <span class='ocrx_word' id='word_1_374' title='bbox 291 4189 389 4253; x_wconf 94' lang='lat' dir='ltr'><strong>porro</strong></span> <span class='ocrx_word' id='word_1_375' title='bbox 411 4167 456 4231; x_wconf 93' lang='lat' dir='ltr'><strong>illi</strong></span> <span class='ocrx_word' id='word_1_376' title='bbox 478 4188 541 4230; x_wconf 94' lang='lat' dir='ltr'><strong>non</strong></span> <span class='ocrx_word' id='word_1_377' title='bbox 563 4175 645 4237; x_wconf 87' lang='lat' dir='ltr'><strong>erat,</strong></span> <span class='ocrx_word' id='word_1_378' title='bbox 683 4163 758 4249; x_wconf 92' lang='lat' dir='ltr'><strong>quid</strong></span> <span class='ocrx_word' id='word_1_379' title='bbox 780 4165 921 4228; x_wconf 89' lang='lat' dir='ltr'><strong>l&#39;uturum</strong></span> <span class='ocrx_word' id='word_1_380' title='bbox 946 4174 1036 4228; x_wconf 91' lang='lat' dir='ltr'><strong>esset.</strong></span> <span class='ocrx_word' id='word_1_381' title='bbox 1090 4166 1210 4228; x_wconf 90' lang='lat' dir='ltr'><strong>Nemini</strong></span> <span class='ocrx_word' id='word_1_382' title='bbox 1241 4165 1300 4229; x_wconf 90' lang='lat' dir='ltr'><strong>hoe</strong></span> <span class='ocrx_word' id='word_1_383' title='bbox 1328 4166 1453 4231; x_wconf 90' lang='lat' dir='ltr'><strong>deferre</strong></span> 
     </span>
    </p>
   </div>
   <div class='ocr_carea' id='block_1_7' title="bbox 132 4334 1458 4964">
    <p class='ocr_par' dir='ltr' id='par_1_8' title="bbox 132 4334 1458 4964">
     <span class='ocr_line' id='line_1_41' title="bbox 201 4334 1455 4400; baseline -0.005 -9"><span class='ocrx_word' id='word_1_384' title='bbox 201 4344 226 4391; x_wconf 90' lang='lat'><strong>1.</strong></span> <span class='ocrx_word' id='word_1_385' title='bbox 247 4344 347 4390; x_wconf 82' lang='lat' dir='ltr'><strong>iaciunt</strong></span> <span class='ocrx_word' id='word_1_386' title='bbox 364 4341 401 4391; x_wconf 90' lang='grc' dir='ltr'><strong>Μ.</strong></span> <span class='ocrx_word' id='word_1_387' title='bbox 429 4363 459 4374; x_wconf 88' lang='grc'>-</span> <span class='ocrx_word' id='word_1_388' title='bbox 497 4340 522 4388; x_wconf 72' lang='lat'><strong>2.</strong></span> <span class='ocrx_word' id='word_1_389' title='bbox 551 4335 606 4399; x_wconf 83' lang='lat' dir='ltr'><strong>voa]</strong></span> <span class='ocrx_word' id='word_1_390' title='bbox 632 4351 680 4385; x_wconf 83' lang='lat' dir='ltr'><strong>uns</strong></span> <span class='ocrx_word' id='word_1_391' title='bbox 704 4336 818 4384; x_wconf 84' lang='lat' dir='ltr'><strong>Ernestii</strong></span> <span class='ocrx_word' id='word_1_392' title='bbox 848 4351 956 4398; x_wconf 89' lang='lat' dir='ltr'><strong>operae.</strong></span> <span class='ocrx_word' id='word_1_393' title='bbox 991 4361 1020 4370; x_wconf 94' lang='lat'>-</span> <span class='ocrx_word' id='word_1_394' title='bbox 1059 4338 1084 4385; x_wconf 91' lang='grc'><strong>3.</strong></span> <span class='ocrx_word' id='word_1_395' title='bbox 1112 4336 1244 4400; x_wconf 74' lang='lat' dir='ltr'><strong>culticiuut</strong></span> <span class='ocrx_word' id='word_1_396' title='bbox 1269 4338 1306 4387; x_wconf 89' lang='grc' dir='ltr'><strong>Μ.</strong></span> <span class='ocrx_word' id='word_1_397' title='bbox 1336 4362 1369 4372; x_wconf 88' lang='grc'>-</span> <span class='ocrx_word' id='word_1_398' title='bbox 1404 4334 1455 4400; x_wconf 85' lang='lat' dir='ltr'><strong>bic]</strong></span> 
     </span>
     <span class='ocr_line' id='line_1_42' title="bbox 132 4406 1455 4473; baseline -0.004 -12"><span class='ocrx_word' id='word_1_399' title='bbox 132 4413 197 4461; x_wconf 82' lang='lat' dir='ltr'><strong>nibil</strong></span> <span class='ocrx_word' id='word_1_400' title='bbox 214 4411 252 4463; x_wconf 89' lang='grc' dir='ltr'><strong>Μ.</strong></span> <span class='ocrx_word' id='word_1_401' title='bbox 280 4436 311 4445; x_wconf 97' lang='grc'>-</span> <span class='ocrx_word' id='word_1_402' title='bbox 347 4412 494 4473; x_wconf 76' lang='lat' dir='ltr'><strong>rigescimus</strong></span> <span class='ocrx_word' id='word_1_403' title='bbox 521 4408 692 4458; x_wconf 87' lang='lat' dir='ltr'><strong>Gulielmius.</strong></span> <span class='ocrx_word' id='word_1_404' title='bbox 720 4433 748 4441; x_wconf 98' lang='lat'>-</span> <span class='ocrx_word' id='word_1_405' title='bbox 787 4406 813 4455; x_wconf 88' lang='lat'><strong>5.</strong></span> <span class='ocrx_word' id='word_1_406' title='bbox 845 4407 886 4454; x_wconf 76' lang='lat' dir='ltr'><strong>An</strong></span> <span class='ocrx_word' id='word_1_407' title='bbox 912 4407 959 4454; x_wconf 85' lang='lat' dir='ltr'><strong>lutc</strong></span> <span class='ocrx_word' id='word_1_408' title='bbox 977 4408 1032 4455; x_wconf 78' lang='lat' dir='ltr'><strong>stet</strong></span> <span class='ocrx_word' id='word_1_409' title='bbox 1057 4408 1107 4456; x_wconf 87' lang='lat' dir='ltr'><strong>On.</strong></span> <span class='ocrx_word' id='word_1_410' title='bbox 1136 4431 1167 4440; x_wconf 94' lang='lat'>-</span> <span class='ocrx_word' id='word_1_411' title='bbox 1203 4410 1229 4456; x_wconf 88' lang='grc'><strong>6.</strong></span> <span class='ocrx_word' id='word_1_412' title='bbox 1257 4410 1341 4456; x_wconf 86' lang='lat' dir='ltr'><strong>colent</strong></span> <span class='ocrx_word' id='word_1_413' title='bbox 1365 4408 1402 4457; x_wconf 90' lang='grc' dir='ltr'><strong>Μ.</strong></span> <span class='ocrx_word' id='word_1_414' title='bbox 1424 4431 1455 4441; x_wconf 93' lang='grc'>-</span> 
     </span>
     <span class='ocr_line' id='line_1_43' title="bbox 132 4476 1457 4546; baseline -0.007 -13"><span class='ocrx_word' id='word_1_415' title='bbox 132 4484 158 4533; x_wconf 85' lang='grc'><strong>3.</strong></span> <span class='ocrx_word' id='word_1_416' title='bbox 178 4497 231 4546; x_wconf 83' lang='lat' dir='ltr'><strong>qua</strong></span> <span class='ocrx_word' id='word_1_417' title='bbox 249 4482 286 4530; x_wconf 87' lang='lat' dir='ltr'><strong>Le</strong></span> <span class='ocrx_word' id='word_1_418' title='bbox 313 4480 409 4530; x_wconf 83' lang='lat' dir='ltr'><strong>Clare:</strong></span> <span class='ocrx_word' id='word_1_419' title='bbox 437 4493 501 4543; x_wconf 86' lang='lat' dir='ltr'><strong>quas</strong></span> <span class='ocrx_word' id='word_1_420' title='bbox 520 4479 565 4537; x_wconf 84' lang='grc' dir='ltr'><strong>Μ,</strong></span> <span class='ocrx_word' id='word_1_421' title='bbox 594 4493 659 4541; x_wconf 83' lang='lat' dir='ltr'><strong>quae</strong></span> <span class='ocrx_word' id='word_1_422' title='bbox 684 4477 714 4525; x_wconf 84' lang='lat' dir='ltr'><strong>E.</strong></span> <span class='ocrx_word' id='word_1_423' title='bbox 737 4503 765 4511; x_wconf 97' lang='lat'>—</span> <span class='ocrx_word' id='word_1_424' title='bbox 805 4477 848 4525; x_wconf 89' lang='grc'><strong>11.</strong></span> <span class='ocrx_word' id='word_1_425' title='bbox 868 4478 940 4525; x_wconf 80' lang='lat' dir='ltr'><strong>Fert.</strong></span> <span class='ocrx_word' id='word_1_426' title='bbox 959 4491 998 4524; x_wconf 88' lang='lat' dir='ltr'><strong>me</strong></span> <span class='ocrx_word' id='word_1_427' title='bbox 1015 4478 1039 4524; x_wconf 86' lang='lat' dir='ltr'><strong>ei</strong></span> <span class='ocrx_word' id='word_1_428' title='bbox 1058 4478 1094 4524; x_wconf 81' lang='lat' dir='ltr'><strong>iu.</strong></span> <span class='ocrx_word' id='word_1_429' title='bbox 1119 4476 1170 4525; x_wconf 86' lang='lat' dir='ltr'><strong>On.</strong></span> <span class='ocrx_word' id='word_1_430' title='bbox 1193 4503 1222 4512; x_wconf 92' lang='lat'><em>-</em></span> <span class='ocrx_word' id='word_1_431' title='bbox 1259 4481 1376 4541; x_wconf 76' lang='lat' dir='ltr'><strong>qratiam</strong></span> <span class='ocrx_word' id='word_1_432' title='bbox 1395 4478 1457 4524; x_wconf 62' lang='lat' dir='ltr'><strong>tira-</strong></span> 
     </span>
     <span class='ocr_line' id='line_1_44' title="bbox 134 4546 1456 4609; baseline -0.006 -8"><span class='ocrx_word' id='word_1_433' title='bbox 134 4553 238 4601; x_wconf 86' lang='lat' dir='ltr'><strong>tander.</strong></span> <span class='ocrx_word' id='word_1_434' title='bbox 276 4549 330 4600; x_wconf 84' lang='lat' dir='ltr'><strong>Cir.</strong></span> <span class='ocrx_word' id='word_1_435' title='bbox 351 4550 429 4598; x_wconf 82' lang='lat' dir='ltr'><strong>fland</strong></span> <span class='ocrx_word' id='word_1_436' title='bbox 450 4550 528 4597; x_wconf 89' lang='lat' dir='ltr'><strong>Turs.</strong></span> <span class='ocrx_word' id='word_1_437' title='bbox 552 4548 599 4597; x_wconf 89' lang='lat' dir='ltr'><strong>Ill.</strong></span> <span class='ocrx_word' id='word_1_438' title='bbox 620 4563 645 4609; x_wconf 92' lang='lat' dir='ltr'><strong>p.</strong></span> <span class='ocrx_word' id='word_1_439' title='bbox 666 4548 728 4595; x_wconf 83' lang='lat'><strong>³07.</strong></span> <span class='ocrx_word' id='word_1_440' title='bbox 749 4571 781 4579; x_wconf 89' lang='lat'>-</span> <span class='ocrx_word' id='word_1_441' title='bbox 800 4547 842 4593; x_wconf 93' lang='grc'><strong>13.</strong></span> <span class='ocrx_word' id='word_1_442' title='bbox 863 4548 984 4607; x_wconf 79' lang='lat' dir='ltr'><strong>opinione</strong></span> <span class='ocrx_word' id='word_1_443' title='bbox 1003 4546 1039 4594; x_wconf 90' lang='grc' dir='ltr'><strong>Μ.</strong></span> <span class='ocrx_word' id='word_1_444' title='bbox 1063 4573 1090 4581; x_wconf 99' lang='grc'>-</span> <span class='ocrx_word' id='word_1_445' title='bbox 1115 4547 1157 4595; x_wconf 88' lang='grc'><strong>18.</strong></span> <span class='ocrx_word' id='word_1_446' title='bbox 1176 4561 1216 4596; x_wconf 82' lang='lat' dir='ltr'><strong>res</strong></span> <span class='ocrx_word' id='word_1_447' title='bbox 1234 4549 1280 4597; x_wconf 84' lang='lat' dir='ltr'><strong>Nl:</strong></span> <span class='ocrx_word' id='word_1_448' title='bbox 1300 4563 1354 4596; x_wconf 82' lang='lat' dir='ltr'><strong>retu</strong></span> <span class='ocrx_word' id='word_1_449' title='bbox 1374 4547 1403 4594; x_wconf 82' lang='lat' dir='ltr'><strong>ll.</strong></span> <span class='ocrx_word' id='word_1_450' title='bbox 1425 4570 1456 4580; x_wconf 95' lang='lat'>-</span> 
     </span>
     <span class='ocr_line' id='line_1_45' title="bbox 134 4616 1457 4684; baseline -0.008 -12"><span class='ocrx_word' id='word_1_451' title='bbox 134 4623 177 4672; x_wconf 86' lang='grc'><strong>19.</strong></span> <span class='ocrx_word' id='word_1_452' title='bbox 197 4629 224 4670; x_wconf 86' lang='lat' dir='ltr'><strong>et</strong></span> <span class='ocrx_word' id='word_1_453' title='bbox 242 4621 286 4670; x_wconf 91' lang='grc'><strong>30.</strong></span> <span class='ocrx_word' id='word_1_454' title='bbox 305 4621 389 4684; x_wconf 80' lang='lat' dir='ltr'><strong>aliqui</strong></span> <span class='ocrx_word' id='word_1_455' title='bbox 406 4619 452 4669; x_wconf 84' lang='lat' dir='ltr'><strong>bl:</strong></span> <span class='ocrx_word' id='word_1_456' title='bbox 484 4619 579 4682; x_wconf 79' lang='lat' dir='ltr'><strong>aliquis</strong></span> <span class='ocrx_word' id='word_1_457' title='bbox 598 4618 628 4666; x_wconf 77' lang='lat' dir='ltr'><strong>a.</strong></span> <span class='ocrx_word' id='word_1_458' title='bbox 659 4643 686 4652; x_wconf 96' lang='lat'>—</span> <span class='ocrx_word' id='word_1_459' title='bbox 725 4616 770 4665; x_wconf 78' lang='lat'><strong>23.</strong></span> <span class='ocrx_word' id='word_1_460' title='bbox 791 4616 977 4664; x_wconf 82' lang='lat' dir='ltr'><strong>adolescentior</strong></span> <span class='ocrx_word' id='word_1_461' title='bbox 995 4624 1031 4665; x_wconf 84' lang='lat' dir='ltr'><strong>est</strong></span> <span class='ocrx_word' id='word_1_462' title='bbox 1050 4617 1112 4664; x_wconf 89' lang='lat' dir='ltr'><strong>illue</strong></span> <span class='ocrx_word' id='word_1_463' title='bbox 1129 4618 1210 4681; x_wconf 70' lang='lat' dir='ltr'><strong>filium</strong></span> <span class='ocrx_word' id='word_1_464' title='bbox 1230 4620 1266 4668; x_wconf 91' lang='grc' dir='ltr'><strong>Μ.</strong></span> <span class='ocrx_word' id='word_1_465' title='bbox 1288 4645 1315 4654; x_wconf 95' lang='grc'>-</span> <span class='ocrx_word' id='word_1_466' title='bbox 1355 4617 1398 4665; x_wconf 80' lang='lat'><strong>25.</strong></span> <span class='ocrx_word' id='word_1_467' title='bbox 1419 4629 1457 4663; x_wconf 79' lang='lat' dir='ltr'><strong>re·</strong></span> 
     </span>
     <span class='ocr_line' id='line_1_46' title="bbox 135 4686 1458 4751; baseline -0.007 -10"><span class='ocrx_word' id='word_1_468' title='bbox 135 4694 231 4742; x_wconf 82' lang='lat' dir='ltr'><strong>tuleras</strong></span> <span class='ocrx_word' id='word_1_469' title='bbox 247 4691 292 4740; x_wconf 82' lang='lat' dir='ltr'><strong>bf:</strong></span> <span class='ocrx_word' id='word_1_470' title='bbox 313 4691 439 4739; x_wconf 81' lang='lat' dir='ltr'><strong>retulerat</strong></span> <span class='ocrx_word' id='word_1_471' title='bbox 458 4690 489 4737; x_wconf 84' lang='lat' dir='ltr'><strong>E.</strong></span> <span class='ocrx_word' id='word_1_472' title='bbox 511 4687 643 4751; x_wconf 73' lang='lat' dir='ltr'><strong>(rescierat</strong></span> <span class='ocrx_word' id='word_1_473' title='bbox 661 4686 701 4745; x_wconf 91' lang='lat' dir='ltr'><strong>N,</strong></span> <span class='ocrx_word' id='word_1_474' title='bbox 727 4687 851 4734; x_wconf 87' lang='lat' dir='ltr'><strong>mundum</strong></span> <span class='ocrx_word' id='word_1_475' title='bbox 870 4686 994 4734; x_wconf 83' lang='lat' dir='ltr'><strong>retulerat</strong></span> <span class='ocrx_word' id='word_1_476' title='bbox 1015 4686 1218 4750; x_wconf 79' lang='lat' dir='ltr'><strong>Pantagathus.)</strong></span> <span class='ocrx_word' id='word_1_477' title='bbox 1246 4713 1275 4722; x_wconf 94' lang='lat'>-</span> <span class='ocrx_word' id='word_1_478' title='bbox 1312 4687 1356 4735; x_wconf 74' lang='lat'><strong>⁶26.</strong></span> <span class='ocrx_word' id='word_1_479' title='bbox 1376 4687 1458 4734; x_wconf 79' lang='lat' dir='ltr'><strong>senius</strong></span> 
     </span>
     <span class='ocr_line' id='line_1_47' title="bbox 134 4755 1455 4823; baseline -0.005 -11"><span class='ocrx_word' id='word_1_480' title='bbox 134 4762 170 4812; x_wconf 82' lang='lat' dir='ltr'><strong>tt.</strong></span> <span class='ocrx_word' id='word_1_481' title='bbox 204 4789 232 4798; x_wconf 97' lang='lat'>-</span> <span class='ocrx_word' id='word_1_482' title='bbox 271 4760 315 4810; x_wconf 72' lang='lat'><strong>2¹1.</strong></span> <span class='ocrx_word' id='word_1_483' title='bbox 346 4774 453 4823; x_wconf 77' lang='lat' dir='ltr'><strong>quaeres</strong></span> <span class='ocrx_word' id='word_1_484' title='bbox 478 4760 522 4808; x_wconf 85' lang='lat' dir='ltr'><strong>ubi</strong></span> <span class='ocrx_word' id='word_1_485' title='bbox 554 4758 665 4806; x_wconf 75' lang='lat' dir='ltr'><strong>hercules</strong></span> <span class='ocrx_word' id='word_1_486' title='bbox 690 4755 727 4806; x_wconf 89' lang='grc' dir='ltr'><strong>Μ.</strong></span> <span class='ocrx_word' id='word_1_487' title='bbox 756 4780 787 4789; x_wconf 92' lang='grc'>-</span> <span class='ocrx_word' id='word_1_488' title='bbox 823 4755 867 4803; x_wconf 75' lang='lat'><strong>28.</strong></span> <span class='ocrx_word' id='word_1_489' title='bbox 898 4756 992 4804; x_wconf 81' lang='lat' dir='ltr'><strong>nollem</strong></span> <span class='ocrx_word' id='word_1_490' title='bbox 1024 4757 1145 4805; x_wconf 88' lang='lat' dir='ltr'><strong>Ursinus.</strong></span> <span class='ocrx_word' id='word_1_491' title='bbox 1175 4782 1203 4792; x_wconf 93' lang='grc'>-</span> <span class='ocrx_word' id='word_1_492' title='bbox 1241 4758 1325 4805; x_wconf 85' lang='lat' dir='ltr'><strong>reliuo</strong></span> <span class='ocrx_word' id='word_1_493' title='bbox 1354 4756 1392 4805; x_wconf 88' lang='grc' dir='ltr'><strong>Μ.</strong></span> <span class='ocrx_word' id='word_1_494' title='bbox 1427 4778 1455 4787; x_wconf 94' lang='grc'>-</span> 
     </span>
     <span class='ocr_line' id='line_1_48' title="bbox 134 4825 1458 4896; baseline -0.009 -14"><span class='ocrx_word' id='word_1_495' title='bbox 134 4832 177 4882; x_wconf 89' lang='grc'><strong>36.</strong></span> <span class='ocrx_word' id='word_1_496' title='bbox 205 4833 309 4896; x_wconf 84' lang='lat' dir='ltr'><strong>quaeris</strong></span> <span class='ocrx_word' id='word_1_497' title='bbox 339 4845 375 4879; x_wconf 84' lang='lat' dir='ltr'><strong>an</strong></span> <span class='ocrx_word' id='word_1_498' title='bbox 401 4842 481 4878; x_wconf 86' lang='lat' dir='ltr'><strong>causa</strong></span> <span class='ocrx_word' id='word_1_499' title='bbox 511 4829 554 4878; x_wconf 86' lang='lat' dir='ltr'><strong>M:</strong></span> <span class='ocrx_word' id='word_1_500' title='bbox 581 4828 704 4889; x_wconf 82' lang='lat' dir='ltr'><strong>Quaeris,</strong></span> <span class='ocrx_word' id='word_1_501' title='bbox 731 4839 784 4888; x_wconf 81' lang='lat' dir='ltr'><strong>qua</strong></span> <span class='ocrx_word' id='word_1_502' title='bbox 806 4825 834 4873; x_wconf 84' lang='lat' dir='ltr'><strong>in</strong></span> <span class='ocrx_word' id='word_1_503' title='bbox 863 4839 943 4874; x_wconf 80' lang='lat' dir='ltr'><strong>causa</strong></span> <span class='ocrx_word' id='word_1_504' title='bbox 962 4825 993 4876; x_wconf 80' lang='lat' dir='ltr'><strong>Il.</strong></span> <span class='ocrx_word' id='word_1_505' title='bbox 1031 4827 1104 4876; x_wconf 83' lang='lat' dir='ltr'><strong>Fert.</strong></span> <span class='ocrx_word' id='word_1_506' title='bbox 1124 4828 1197 4876; x_wconf 82' lang='lat' dir='ltr'><strong>Cur?</strong></span> <span class='ocrx_word' id='word_1_507' title='bbox 1220 4829 1334 4891; x_wconf 73' lang='lat' dir='ltr'><strong>quaeris.</strong></span> <span class='ocrx_word' id='word_1_508' title='bbox 1371 4826 1458 4875; x_wconf 71' lang='lat' dir='ltr'><strong>dirimi</strong></span> 
     </span>
     <span class='ocr_line' id='line_1_49' title="bbox 135 4898 607 4964; baseline -0.013 -12"><span class='ocrx_word' id='word_1_509' title='bbox 135 4916 224 4953; x_wconf 78' lang='lat' dir='ltr'><strong>eausa.</strong></span> <span class='ocrx_word' id='word_1_510' title='bbox 241 4902 294 4951; x_wconf 82' lang='lat' dir='ltr'><strong>On.</strong></span> <span class='ocrx_word' id='word_1_511' title='bbox 316 4925 346 4936; x_wconf 94' lang='lat'>-</span> <span class='ocrx_word' id='word_1_512' title='bbox 384 4900 427 4949; x_wconf 83' lang='grc'><strong>33.</strong></span> <span class='ocrx_word' id='word_1_513' title='bbox 447 4899 551 4964; x_wconf 71' lang='lat' dir='ltr'><strong>differre</strong></span> <span class='ocrx_word' id='word_1_514' title='bbox 569 4898 607 4947; x_wconf 90' lang='grc' dir='ltr'><strong>Μ.</strong></span> 
     </span>
    </p>
   </div>
   <div class='ocr_carea' id='block_1_8' title="bbox 0 0 1650 5400">
    <p class='ocr_par' dir='ltr' id='par_1_9' title="bbox 0 0 1650 5400">
     <span class='ocr_line' id='line_1_50' title="bbox 0 0 1650 5400; baseline 0 0"><span class='ocrx_word' id='word_1_515' title='bbox 0 0 1650 5400; x_wconf 95' lang='lat' dir='ltr'><strong> </strong></span> 
     </span>
    </p>
   </div>
  </div>
 </body>
</html>
