3256 5400
638 239 714 306 tls.
735 242 773 305 V.
815 240 876 304 Re.
897 241 929 304 3.
949 241 982 305 4.
1029 244 1033 251 ’
1429 243 1471 303 69

144 393 288 482 pellanda
312 405 360 462 est
388 395 421 460 iu
445 393 647 461 acerbissima
668 395 783 461 iniuria
807 396 952 462 remissio
978 397 1072 462 animi
1095 418 1132 461 ac
1151 397 1326 462 dissolutio.
1380 396 1467 461 Nulla

144 500 233 555 esta
255 511 306 554 me
327 511 465 576 unquam
485 490 637 554 sententia
657 488 738 556 dicta
756 495 789 555 in
810 491 940 556 fratrem
961 500 1066 568 tuum;
1089 491 1337 578 quotiescunque
1353 491 1468 579 aliquid

144 592 193 649 est
214 593 334 658 actum,
356 582 468 648 sedens
489 583 528 649 iis
549 582 685 657 assensi,
706 584 761 670 qui
782 585 859 649 mibi
878 583 1035 649 lenissime
1058 585 1175 649 sentire
1198 585 1256 648 visi
1284 595 1365 649 suut.
1409 584 1469 649 dd-

144 677 219 743 dam
236 676 313 743 illud
332 677 444 753 etiam,
477 677 563 764 quod
588 678 650 742 iam
672 696 732 760 ego
758 699 870 743 curare
899 699 962 742 non
984 676 1093 751 debui,
1116 677 1171 743 sed
1188 687 1290 743 tamen
1314 679 1381 744 lieri
1406 700 1469 742 non

144 770 277 836 moleste
298 770 355 835 tuli
373 782 467 858 atque
486 771 596 846 etiam,
631 778 667 834 ut
687 770 728 833 ita
751 770 857 847 fieret,
880 792 939 858 pro
962 792 1032 835 mea
1058 782 1146 857 parte
1171 772 1292 846 adiuvi,
1314 781 1349 836 ut
1371 770 1494 835 senatis

144 864 288 931 consulto
308 886 397 930 meus
417 865 577 939 inimicus,
600 863 674 950 quia
696 872 767 928 tuus
788 865 887 930 frater
908 874 992 937 erat.
1015 863 1243 930 sublevaretur.
1290 871 1338 930 10.
1362 868 1469 943 Quare

144 979 209 1023 uon
232 979 292 1043 ego
314 959 493 1046 oppugnavi
514 959 642 1023 fratrem
663 966 767 1032 tuum,
805 958 860 1023 sed
882 959 971 1023 lratri
994 967 1049 1023 tuo
1069 959 1258 1043 repugnavi;
1288 982 1344 1023 nec
1366 959 1398 1023 in
1422 969 1469 1032 te,

144 1061 180 1117 ¹¹¹
200 1051 328 1127 scribis,
354 1054 458 1118 3ῦὶωο
476 1054 520 1118 lul
539 1051 667 1124 mobili,
690 1054 807 1122 sedita
831 1052 950 1127 stabili,
973 1061 1007 1116 ut
1029 1052 1059 1116 in
1083 1073 1151 1115 mea
1168 1073 1242 1136 erga
1259 1063 1288 1117 te
1310 1054 1470 1119 voluntate

145 1146 240 1211 etiam
261 1146 404 1212 desertus
423 1146 462 1211 ab
482 1146 593 1212 officiis
616 1156 677 1216 tuis
697 1168 926 1236 permanerem.
970 1151 1071 1233 Atque
1090 1146 1150 1211 hoc
1164 1146 1234 1232 ipso
1256 1158 1398 1233 tempore
1416 1146 1469 1211 tibi

144 1260 244 1325 paene
261 1241 413 1306 minitanti
429 1240 519 1307 nobis
541 1263 599 1328 per
620 1244 741 1311 litteras
759 1244 819 1308 boc
838 1239 980 1306 rescribo
1002 1249 1095 1328 atque
1117 1241 1311 1327 respondeo:
1334 1262 1394 1326 ego
1414 1241 1468 1304 dn·
1482 1257 1506 1294 ιο

144 1333 205 1400 lori
229 1344 286 1400 tuo
307 1357 369 1400 non
395 1337 498 1401 solum
520 1336 666 1422 ignosco,
705 1338 760 1404 sed
787 1358 939 1401 summam
960 1335 1054 1400 etiam
1076 1335 1199 1400 laudem
1223 1333 1345 1413 tribuo;
1380 1354 1469 1397 meus

145 1426 229 1491 enim
250 1448 299 1491 me
317 1449 441 1503 seusus,
464 1431 640 1516 quantavis
663 1432 793 1497 fraterni
813 1431 852 1495 sit
870 1429 1001 1504 amoris,
1020 1429 1177 1493 admonet.
1220 1432 1296 1492 Ate
1322 1435 1412 1513 pcto,
1436 1435 1469 1490 ut

145 1529 179 1586 tu
204 1542 331 1608 quoquc
350 1544 485 1608 aequum
505 1533 534 1588 te
556 1524 690 1591 iudicem
706 1525 811 1591 dolori
832 1546 903 1589 meo
922 1522 1090 1610 praebeas:
1114 1523 1139 1587 si
1158 1520 1287 1596 acerbe,
1311 1521 1336 1585 si
1357 1518 1470 1584 crude·

144 1613 236 1690 liter,
265 1615 291 1679 si
313 1615 380 1679 sine
405 1636 498 1680 causa
523 1639 593 1682 sum
618 1640 636 1683 a
662 1620 723 1685 tuis
744 1626 956 1704 oppugnatus,
987 1626 1022 1682 ut
1048 1625 1164 1683 statuas
1185 1615 1260 1680 mibi
1288 1634 1351 1678 non
1373 1611 1469 1676 modo

144 1729 207 1772 non
238 1707 427 1784 cedendum,
460 1709 516 1774 sed
545 1711 637 1777 etiam
662 1721 717 1778 tuo
750 1722 843 1798 atque
864 1711 1022 1776 exercitus
1047 1711 1093 1774 tui
1112 1709 1232 1774 auxilio
1257 1709 1290 1773 in
1309 1705 1465 1771 eiusmodi
1478 1724 1504 1761 n,

144 1822 237 1865 eausa
256 1802 408 1867 utendum
425 1802 532 1870 luisse.
585 1810 653 1890 Ego
676 1815 705 1871 te
732 1805 809 1871 mibi
830 1826 955 1891 semper
976 1805 1112 1870 amicum
1135 1825 1202 1868 esse
1228 1802 1327 1879 volui;
1361 1823 1410 1866 me
1432 1808 1467 1865 ut

145 1892 199 1958 tibi
210 1894 433 1961 amicissimum
445 1918 514 1963 esse
525 1898 734 1984 intelligeres,
750 1898 902 1964 laboravi.
946 1903 1058 1963 Manen
1077 1897 1109 1961 in
1120 1897 1279 1962 voluntate
1294 1905 1339 1969 ct,
1363 1892 1465 1981 quoad

144 1988 229 2053 noles
248 1997 297 2064 tn,
319 1989 526 2075 permanebo,
550 1991 703 2079 citiusque
727 2014 835 2058 amore
858 1993 902 2058 tui
923 1991 1053 2057 iratrem
1076 2000 1164 2056 tuum
1191 1989 1296 2055 odisse
1316 1988 1465 2061 desinam,

144 2102 236 2168 quam
259 2081 342 2148 illius
363 2083 438 2148 odio
460 2084 631 2172 quidquam
652 2086 691 2152 de
713 2097 820 2153 nostra
842 2085 1060 2151 benevolentia
1082 2085 1254 2150 detraham.

614 2225 1069 2327 mosoma!
1475 2246 1503 2284 n

401 2337 441 2412 o.
462 2339 817 2404 numerosiores
840 2342 871 2404 s
893 2343 931 2403 n.
953 2343 994 2403 u.
1017 2340 1211 2404 crcunom.

229 2458 257 2520 l.
279 2454 422 2521 Hominis
438 2455 697 2543 importunissimi
717 2460 940 2534 contumeliae,
974 2458 1088 2547 quibus
1117 2457 1237 2523 crebris
1265 2455 1463 2522 contionibus

143 2568 193 2612 me
216 2556 343 2622 onerat,
365 2548 427 2614 tuis
448 2571 523 2635 erga
541 2572 591 2615 mc
610 2552 720 2618 ollrciis
745 2552 905 2619 leniuntur
925 2562 971 2626 ct,
994 2561 1030 2617 ut
1049 2562 1121 2617 sunt
1144 2552 1229 2616 leves
1248 2549 1287 2615 ab
1310 2548 1464 2615 eiusmodi

142 2638 288 2715 bomine,
311 2663 329 2706 a
347 2662 398 2707 me
420 2642 634 2730 despiciuntur
641 2669 650 2724 ;
672 2645 869 2733 libenterque
888 2655 1078 2712 commutata
1097 2665 1233 2732 persona
1255 2653 1286 2709 te
1310 2642 1388 2707 mibi
1402 2641 1463 2706 ira·

142 2733 199 2799 tris
218 2732 289 2800 loco
311 2757 379 2802 esse
396 2735 488 2803 duco.
531 2742 561 2803 2.
584 2744 630 2804 De
652 2740 721 2815 illo,
745 2762 783 2804 ne
805 2740 985 2804 meminisse
1013 2739 1141 2825 quidem
1159 2737 1247 2812 volo,
1270 2736 1391 2801 tametsi
1415 2734 1463 2800 bis
1474 2757 1503 2797 ss

141 2848 214 2893 eum
232 2827 364 2894 invitum
394 2831 527 2897 servavi.
570 2837 616 2897 be
640 2834 717 2899 meis
741 2832 854 2909 rebus,
877 2855 916 2898 ne
945 2832 1035 2899 vobis
1060 2831 1258 2898 multitudine
1290 2831 1465 2895 litterarum

141 2919 305 2985 molestior
330 2943 447 2999 essem,
469 2924 508 2989 ad
535 2926 669 2991 Lollium
694 2928 881 3014 perscripsi,
918 2928 957 2992 de
985 2925 1158 2993 rationibus
1177 2924 1360 3012 provinciae
1390 2922 1464 3009 quid

140 3014 254 3080 vellem
282 3015 368 3092 fieri,
401 3026 436 3084 ut
455 3017 481 3083 is
504 3040 561 3084 vos
582 3019 711 3085 doceret
732 3031 763 3085 et
784 3021 1078 3086 commonefaceret.
1131 3020 1165 3085 si
1186 3017 1331 3105 poteris,
1369 3016 1463 3082 velim

141 3107 304 3194 pristinam
327 3119 411 3176 tuam
432 3133 507 3198 erga
527 3134 578 3178 me
600 3114 791 3179 voluntatem
812 3135 991 3180 conserves.

623 3251 989 3336 macoma
1474 3294 1502 3334 ω

453 3370 494 3431 u.
516 3369 659 3432 crosno
682 3369 713 3431 s.
736 3371 773 3430 n.
796 3369 834 3443 o.
856 3366 1044 3429 narrato
1067 3367 1152 3430 cos.

228 3491 255 3552 l.
283 3487 419 3552 Litterae
448 3487 557 3564 Quinti
587 3486 693 3552 fratris
715 3494 746 3551 et
767 3491 801 3551 T.
821 3485 1005 3571 Pomponii,
1042 3486 1209 3550 necessarii
1232 3488 1310 3562 mei,
1345 3495 1462 3551 tantum

140 3580 208 3666 spei
230 3579 398 3654 dederant,
420 3581 500 3646 utin
521 3590 551 3645 te
571 3602 634 3645 non
653 3581 755 3645 minus
778 3579 885 3644 auxilii
907 3601 1000 3666 quam
1022 3580 1054 3644 in
1077 3589 1131 3643 tuo
1147 3580 1266 3666 collega
1289 3581 1364 3646 mibi
1388 3603 1461 3645 con-

139 3674 283 3738 stitutum
306 3673 411 3740 luerit.
460 3678 567 3759 ltaque
584 3673 622 3737 ad
645 3683 676 3737 te
697 3673 815 3738 litteras
837 3673 939 3737 statim
965 3673 1052 3749 misi,
1085 3694 1145 3759 per
1166 3696 1260 3760 quas,
1283 3682 1318 3738 ut
1339 3674 1464 3738 lortuua

140 3767 334 3855 postulabat,
365 3777 396 3834 et
427 3767 542 3852 gratias
573 3768 629 3834 tibi
660 3767 709 3853 egi
742 3777 773 3831 ct
808 3767 847 3832 de
873 3769 996 3855 reliquo
1027 3777 1170 3854 tempore
1196 3767 1348 3832 auxilium
1376 3767 1503 3854 petiisa

141 3865 252 3926 Postea
273 3861 348 3925 mihi
369 3882 433 3926 non
454 3875 516 3925 tam
538 3882 681 3926 meorum
701 3862 822 3926 litterae
849 3883 943 3948 quam
969 3883 1131 3927 sermones
1157 3883 1285 3935 eorum,
1322 3861 1377 3948 qui
1407 3861 1464 3925 bac

139 3955 202 4020 iter
221 3954 391 4029 iaciebant,
424 3954 561 4018 animum
591 3964 678 4020 tuum
706 3955 901 4020 immutatum
924 3954 1152 4040 significabant:
1188 3976 1268 4041 quae
1297 3976 1349 4019 res
1373 3954 1463 4026 fecit,

141 4058 176 4114 ut
194 4048 252 4114 tibi
276 4048 387 4113 litteris
415 4046 599 4133 obstrepere
627 4070 691 4113 non
711 4048 871 4114 auderem.
930 4054 960 4114 2.
991 4054 1078 4114 Nunc
1110 4049 1186 4113 milri
1210 4048 1345 4126 Quintus
1366 4046 1465 4113 irater

141 4164 231 4208 mens
255 4141 450 4206 mitissimam
484 4151 569 4207 tuam
607 4143 808 4217 orationem,
845 4164 939 4229 quam
970 4142 1003 4206 in
1032 4150 1141 4206 senatu
1171 4140 1356 4213 habuisses,
1391 4161 1461 4227 per-

141 4235 282 4322 scripsit,
305 4256 367 4321 qua
386 4234 531 4302 inductus
548 4234 586 4299 ad
609 4244 640 4299 te
658 4235 797 4300 scribere
819 4257 888 4301 sum
907 4245 1035 4300 conatus
1053 4243 1084 4299 ct
1101 4234 1157 4299 abs
1179 4244 1225 4308 te,
1248 4244 1397 4321 quantum
1412 4243 1463 4299 tua
1474 4251 1502 4289 ⁴⁰

141 4329 204 4395 lert
219 4329 378 4401 voluutas,
401 4339 474 4415 peto
494 4350 687 4416 quaesoque,
710 4339 745 4395 ut
772 4338 843 4394 tuos
866 4351 988 4393 mecum
1014 4349 1122 4393 serves
1143 4329 1249 4414 potius
1270 4349 1362 4415 quam
1389 4348 1462 4413 pro·

140 4430 212 4508 pter
232 4432 430 4505 arrogantem
455 4421 669 4487 crudelitatem
687 4431 814 4487 tuorum
832 4445 881 4486 me
901 4442 1073 4507 oppugnes.
1116 4428 1180 4496 Tu,
1204 4431 1271 4487 tuas
1288 4421 1464 4485 inimicitias

210 4602 237 4651 l.
256 4601 401 4652 ammobl.
431 4626 461 4636 -
497 4602 524 4650 3.
543 4602 642 4650 eddom
661 4600 726 4650 illud
742 4601 789 4649 ³1:
818 4602 917 4649 addam
935 4608 960 4650 et
982 4601 1048 4650 illud
1077 4601 1106 4650 ll.
1144 4601 1199 4650 tlsr.
1219 4601 1315 4663 Zumpt
1332 4602 1365 4649 ad
1387 4601 1461 4649 Veri.

143 4684 169 4734 p.
188 4672 232 4722 w.
278 4670 356 4719 llaud
383 4672 463 4720 Turs.
485 4671 521 4720 ll.
543 4686 569 4734 p.
590 4672 652 4721 523.
685 4694 715 4705 -
753 4670 779 4719 5.
806 4678 872 4732 meu]
893 4685 932 4718 me
951 4671 987 4720 bl.
1009 4697 1041 4706 -
1060 4671 1339 4720 renuticonrnltolll:
1359 4679 1464 4720 sertotns

141 4741 258 4791 somello
285 4740 315 4790 E.
344 4764 374 4774 -
412 4742 455 4791 td.
475 4749 503 4790 ut
522 4749 557 4790 est
575 4743 637 4790 dnm
655 4740 692 4790 Μ.
727 4765 757 4774 -
794 4741 837 4789 bd.
857 4741 1049 4791 multitudinem
1066 4741 1102 4791 Μ.
1133 4767 1164 4775 -
1201 4740 1245 4790 at.
1265 4742 1301 4790 od
1319 4749 1344 4790 te
1362 4741 1464 4789 litteras

142 4810 185 4860 ll:
205 4812 308 4861 litterar
325 4811 361 4859 od
379 4818 404 4861 te
422 4811 452 4861 E.
476 4833 506 4845 -
541 4811 586 4861 ³8.
605 4811 718 4874 miliique
735 4811 820 4874 frater
838 4810 875 4860 bl.
898 4835 927 4846 -
964 4811 1008 4860 ta.
1028 4811 1216 4875 arrogantium
1241 4816 1267 4861 et
1284 4812 1464 4861 cntdeidotem

143 4879 299 4932 Lambinus.
