3256 5400
175 227 236 291 156
602 218 877 285 EPISTOLARUM
898 219 951 283 ΑΙ)
972 219 1064 282 Fhld.

173 379 382 468 quaesticulus
408 386 439 443 te
460 375 592 442 faciebat
613 377 823 443 attentiorem:
858 396 954 450 nunc,
982 397 1054 440 cum
1075 384 1137 440 tam
1160 396 1262 462 aequo
1284 375 1390 440 animo
1413 374 1496 449 bona

173 473 304 561 perdas,
339 491 402 535 non
424 491 463 535 eo
484 471 527 535 sis
549 469 697 543 consilio,
732 479 781 544 ut,
804 490 875 535 cum
897 491 948 535 me
977 469 1114 556 hospitio
1135 469 1284 555 recipias,
1306 468 1497 534 aestimatio-

175 590 245 633 nem
276 577 305 631 te
332 565 468 651 aliquam
489 572 579 650 putes
608 563 766 648 accipcrc;
796 564 890 628 etiam
922 563 998 629 hacc
1028 563 1130 628 levior
1152 573 1200 627 est
1221 563 1310 649 plaga
1331 560 1371 627 ab
1394 561 1496 627 amico

174 681 268 748 quarn
289 682 307 723 a
329 657 482 723 debitore.
526 661 555 722 8.
576 661 640 720 Nec
661 666 763 722 tamen
787 678 838 720 eas
860 678 973 723 coenas
995 678 1130 744 quaero,
1152 653 1328 740 ut'magnae
1342 655 1495 741 reliquiae

150 753 263 831 sfiant;
295 751 379 839 quod
402 751 476 826 erit,
502 749 699 835 magnificum
726 750 766 814 sit
793 759 824 814 et
855 750 984 816 lautum.
1027 751 1154 817 Memini
1182 758 1212 814 te
1240 749 1315 813 mihi
1343 750 1496 814 Phameae

174 867 304 912 coenam
327 866 471 909 narrare:
507 843 678 929 temperius
700 841 764 915 liat,
796 853 899 908 cetera
922 843 1034 909 eodem
1056 843 1161 910 modo.
1206 843 1327 920 Quodsi
1349 863 1498 927 perseve-

174 961 225 1004 ras
247 961 297 1004 me
319 937 358 1002 ad
379 937 486 1003 matris
508 947 580 1002 tuae
602 957 731 1001 coenam
760 956 925 1011 revocare,
955 937 1053 1002 feram
1076 938 1108 1002 id
1130 958 1266 1024 quoque.
1309 936 1390 1001 Volo
1412 936 1496 1000 enim

173 1032 283 1100 videre
299 1033 453 1104 animum,
483 1031 537 1117 qui
558 1029 636 1095 mihi
656 1029 768 1094 audeat
789 1029 863 1105 ista,
893 1052 973 1117 quae
995 1030 1124 1105 scribis,
1147 1050 1306 1116 apponere
1328 1029 1496 1094 autetiam

173 1127 323 1215 polypum
345 1125 472 1190 Mininni
493 1129 576 1190 lovis
604 1123 747 1189 similem.
790 1123 866 1189 Mihi
889 1124 998 1198 crede,
1022 1146 1085 1189 non
1107 1123 1247 1189 audebis.
1290 1127 1368 1188 Ante
1391 1144 1496 1187 meum

138 1220 341 1285 madventum
376 1219 458 1283 fama
486 1217 526 1282 ad
554 1227 584 1283 te
617 1216 656 1281 de
684 1238 753 1282 mea
782 1238 863 1282 nova
891 1219 1008 1283 lautitia
1037 1218 1162 1296 veniet:
1199 1239 1268 1281 eam
1300 1216 1496 1281 extimesces.

174 1318 282 1401 Neque
304 1319 364 1384 est,
387 1311 472 1397 quod
494 1312 527 1375 in
548 1310 741 1396 promulside
771 1311 839 1397 spei
861 1332 958 1397 ponas
980 1312 1119 1397 aliquid,
1142 1332 1235 1397 quam
1257 1319 1353 1375 totam
1375 1309 1496 1376 sustuli.

174 1414 320 1482 Solebam
343 1415 424 1479 enim
455 1422 544 1478 antea
566 1412 723 1478 debilitari
744 1412 823 1478 oleis
845 1423 877 1477 et
897 1413 1046 1479 lucanicis
1068 1413 1140 1479 tuis.
1184 1417 1214 1477 9.
1237 1413 1299 1478 Sed
1320 1413 1398 1498 quid
1420 1412 1498 1477 haec

172 1509 351 1594 loquimur?
384 1509 475 1572 liceat
507 1506 601 1572 modo
627 1507 688 1572 isto
715 1506 833 1571 venire.
877 1513 923 1574 Tu
952 1529 1029 1572 vero
1052 1507 1187 1573 -volo
1210 1507 1294 1572 enim
1316 1507 1497 1591 abstergere

173 1603 269 1667 animi
295 1601 339 1667 tui
366 1611 486 1665 metum
508 1637 548 1649 -
581 1600 620 1665 ad
652 1599 875 1688 tyrotarichum
912 1601 1074 1688 antiquum
1096 1602 1174 1667 redi.
1226 1607 1292 1686 Ego
1321 1600 1376 1665 tibi
1399 1621 1497 1665 unum

139 1707 165 1744 ¹⁶
174 1706 331 1780 sumptum
352 1695 496 1768 afferam,
519 1694 605 1779 quod
626 1692 772 1758 balneum
793 1693 935 1760 calfacias
951 1693 1124 1780 oportebit:
1147 1703 1250 1760 cetera
1266 1716 1354 1759 more
1369 1702 1496 1770 nostro:

174 1790 339 1874 superiora
366 1789 419 1853 illa
452 1787 592 1852 lusimus.
651 1792 699 1852 10.
725 1792 772 1851 Dc
800 1786 872 1852 villa
900 1787 1051 1852 Seliciana
1081 1799 1113 1866 et
1143 1789 1260 1853 curasti
1281 1788 1445 1873 diligenter
1466 1795 1498 1850 et

174 1883 327 1968 scripsisti
347 1882 544 1946 facetissime.
587 1884 694 1966 ltaque
715 1890 792 1966 puto
813 1902 864 1945 me
881 1881 1188 1967 praetermissurum.
1232 1881 1311 1947 Salis
1324 1881 1407 1946 enim
1422 1880 1498 1946 satis

175 1984 241 2050 cst,
263 1975 447 2040 sannionum
468 1995 590 2060 parum.
632 1974 719 2042 Vale.
1329 2005 1339 2015 -

628 2116 725 2177 rrrr.
769 2110 818 2196 (A.
844 2115 876 2178 o.
900 2116 931 2178 c.
953 2113 1039 2198 ros.)

136 2253 165 2294 so
569 2235 712 2301 CICERO
733 2238 768 2298 L.
789 2236 945 2299 PAPIRIO
967 2237 1107 2301 PAETO.

266 2352 295 2414 1.
317 2353 386 2414 Non
407 2356 441 2413 tu
461 2346 557 2413 homo
578 2345 728 2410 ridiculus
750 2367 798 2418 es,
827 2346 895 2432 qui,
919 2367 990 2411 cnm
1011 2345 1125 2412 Balbus
1147 2355 1254 2414 noster
1275 2347 1358 2433 apud
1379 2355 1409 2413 te
1430 2347 1499 2413 fue·

180 2441 236 2517 rit,
266 2464 308 2507 cx
328 2463 378 2506 mc
400 2462 547 2528 quaeras,
576 2438 713 2526 quidde
741 2439 808 2504 istis
830 2439 1006 2525 municipiis
1035 2448 1067 2505 et
1094 2440 1178 2525 agris
1203 2440 1343 2506 futurum
1368 2448 1497 2527 putem?

174 2536 262 2622 quasi
284 2544 337 2600 aut
357 2555 417 2619 ego
440 2534 609 2620 quidquam
632 2533 741 2607 sciam,
763 2532 849 2618 quod
872 2537 928 2598 istc
948 2534 1080 2609 nesciat,
1103 2542 1170 2608 aut,
1193 2539 1219 2599 si
1242 2534 1316 2620 quid
1331 2534 1498 2620 aliquando

174 2630 259 2704 scio,
292 2650 356 2694 non
384 2649 426 2692 ex
448 2632 507 2692 isto
530 2626 647 2692 soleam
669 2626 761 2691 scire.
814 2631 915 2691 Immo
937 2648 1033 2703 vero,
1064 2627 1163 2692 sime
1185 2648 1287 2703 amas,
1317 2637 1351 2693 tu
1372 2627 1440 2701 fac,
1463 2637 1499 2693 ut

135 2722 285 2795 sssciam,
316 2720 392 2807 quid
420 2721 459 2785 de
489 2719 580 2785 nobis
601 2719 742 2784 futurum
772 2720 826 2796 sit;
862 2719 998 2785 habuisti
1019 2725 1103 2784 enim
1125 2721 1157 2785 in
1181 2729 1232 2785 tua
1254 2730 1423 2806 potestate,
1457 2743 1498 2786 ex

171 2837 236 2901 quo
267 2815 315 2880 vel
336 2836 377 2879 ex
399 2813 506 2880 sobrio
536 2812 585 2878 vel
608 2822 694 2878 certe
717 2834 757 2876 ex
787 2812 877 2878 ebrio
900 2813 981 2879 scire
1002 2835 1122 2900 posses.
1176 2813 1238 2879 Sed
1260 2835 1319 2898 ego
1341 2815 1420 2890 ista,
1454 2816 1498 2880 mi

172 2913 275 2985 Paete,
296 2930 360 2974 non
382 2929 517 2994 quaero:
539 2906 676 2991 primum
692 2906 819 2993 quiade
841 2906 930 2972 lucro
951 2928 1051 2993 prope
1072 2908 1133 2972 iam
1157 2907 1396 2993 quadriennium
1419 2908 1499 2973 vivi-

172 3023 259 3077 mus,
296 3001 323 3065 si
350 3010 403 3066 aut
429 3001 490 3066 hoc
522 3000 645 3065 lucrum
668 3009 714 3065 est
735 3011 789 3065 aut
810 3000 887 3065 haec
908 3001 972 3066 vite
994 3001 1193 3087 superstitem
1216 3002 1264 3067 rei
1285 3001 1430 3087 publicae
1451 3001 1500 3066 vi-

171 3116 265 3173 rere;
294 3094 421 3169 deinde,
451 3095 536 3181 quod
558 3093 639 3157 scire
660 3114 789 3179 quoque
810 3093 887 3158 mihi
908 3094 1038 3169 videor,
1069 3095 1145 3181 quid
1167 3095 1308 3160 futurum
1330 3095 1378 3160 sit.
1431 3095 1498 3160 Fiet

134 3189 254 3253 soenim
277 3188 487 3274 quodcunque
509 3186 636 3261 volent,
673 3191 726 3273 qui
749 3186 911 3264 valebunt:
948 3186 1096 3253 valebunt
1122 3198 1226 3254 autem
1253 3211 1379 3275 semper
1399 3211 1497 3255 arma.

172 3282 253 3348 Satis
275 3282 370 3367 igitur
392 3280 485 3346 nobis
507 3301 575 3345 esse
598 3279 707 3353 debet,
742 3279 896 3365 quidquid
917 3279 1117 3361 conceditur;
1140 3281 1201 3347 hoc
1222 3281 1250 3345 si
1272 3281 1326 3366 qui
1348 3282 1412 3367 pati
1434 3304 1498 3347 non

172 3375 289 3460 potuit,
313 3375 395 3440 mori
417 3372 535 3440 debuit.
579 3378 609 3437 2.
631 3372 796 3442 Veientem
819 3372 945 3461 quidem
968 3395 1077 3458 agrum
1100 3383 1132 3439 et
1160 3379 1345 3460 Capenatem
1366 3377 1497 3442 metiun-

171 3478 239 3546 tur:
262 3468 322 3533 hoc
333 3490 397 3533 non
412 3467 506 3553 longe
522 3466 610 3532 abest
621 3489 639 3531 a
652 3466 838 3531 Tusculano.
860 3466 942 3531 Nihil
955 3476 1058 3532 tamen
1070 3468 1179 3533 timeo:
1200 3468 1301 3543 fruor,
1324 3469 1397 3534 dum
1410 3470 1496 3546 licet;

172 3571 265 3647 opto,
295 3570 330 3626 ut
358 3582 484 3646 semper
511 3561 616 3627 liceat.
660 3560 694 3624 si
726 3559 758 3624 id
788 3560 890 3625 minus
911 3561 1091 3645 contigerit,
1124 3570 1244 3635 tamen,
1267 3562 1415 3648 quoniam
1438 3583 1498 3646 ego

136 3654 222 3720 sevir
251 3653 340 3718 fortis
362 3654 508 3738 idemque
529 3652 735 3738 philosophus
756 3651 863 3716 vivere
885 3653 1133 3737 pulcherrimum
1156 3655 1250 3729 duxi,
1284 3678 1347 3722 non
1369 3678 1497 3741 possum

172 3767 245 3811 eum
278 3768 340 3811 non
376 3745 526 3829 diligere,
562 3745 652 3810 cuius
681 3743 834 3810 heneficio
856 3745 888 3809 id
910 3757 1094 3813 consecutus
1125 3770 1204 3813 sum.
1261 3749 1323 3826 Qui
1346 3755 1371 3813 si
1394 3750 1498 3834 cupiat

172 3859 243 3907 csse
265 3860 332 3903 rem
354 3837 528 3924 publicam,
565 3838 688 3923 qualern
710 3838 843 3903 fortasse
865 3847 896 3903 et
918 3839 970 3904 ille
992 3840 1058 3906 vult
1086 3849 1117 3905 et
1138 3864 1247 3907 omnes
1270 3850 1379 3925 optare
1402 3840 1498 3906 debc-

172 3954 264 4005 mus,
287 3931 363 4018 quid
384 3931 475 3996 faciat
496 3940 599 3997 tamen
621 3953 684 3996 non
705 3929 814 4009 habet;
837 3932 879 3996 ita
902 3954 935 3997 se
957 3955 1028 3999 cum
1050 3935 1156 4000 multis
1178 3935 1344 4020 colligavit.
1388 3940 1418 4000 3.
1435 3936 1498 4001 Sed

171 4026 298 4110 longius
319 4025 527 4110 progredi0r;
551 4024 655 4089 scribo
678 4025 762 4089 enirn
784 4025 823 4089 ad
845 4035 885 4092 te.
929 4031 997 4092 Hoc
1012 4038 1114 4093 tamen
1129 4030 1225 4104 scito,
1248 4049 1311 4094 non
1327 4027 1422 4092 modo
1437 4049 1497 4102 me,

133 4119 228 4207 toqui
251 4119 389 4184 consiliis
411 4142 474 4184 non
496 4125 661 4192 intersum,
690 4118 745 4183 sed
767 4140 806 4183 ne
828 4119 930 4205 ipsum
952 4122 1079 4207 quidem
1100 4123 1274 4209 principem
1298 4121 1399 4194 scire,
1421 4121 1498 4207 quid

171 4211 315 4278 futurum
348 4212 398 4277 sit.
453 4217 516 4278 Nos
548 4212 631 4277 enim
660 4211 704 4277 illi
733 4211 904 4291 servimus;
941 4214 1009 4299 ipse
1031 4214 1243 4300 temporibus:
1278 4215 1321 4281 ita
1344 4236 1402 4278 nec
1423 4214 1497 4289 ille,

172 4305 251 4394 quid
271 4315 415 4392 tempora
444 4306 639 4391 postulatura
666 4306 743 4379 sint,
777 4326 835 4369 nec
864 4328 936 4381 nos,
960 4307 1036 4394 quid
1056 4309 1108 4373 illc
1130 4315 1261 4394 cogitet,
1285 4314 1365 4374 scire
1387 4329 1499 4395 possu-

173 4421 254 4465 mus.
302 4403 387 4464 Haec
416 4398 472 4464 tibi
499 4407 590 4464 antea
616 4420 679 4464 non
707 4399 873 4484 rescripsi,
901 4423 963 4466 non
992 4424 1055 4488 quo
1084 4413 1223 4468 cessator
1251 4423 1320 4467 esse
1342 4402 1498 4475 solerem,

245 4573 271 4621 1.
296 4572 469 4636 quaesticulus
487 4572 624 4622 Orellius:
651 4571 817 4634 quaesticulis
834 4572 893 4623 ΜΕ.
914 4601 946 4610 -
982 4575 1093 4637 [sciebat
1112 4575 1156 4626 M:
1177 4577 1304 4639 [ocimum
1323 4575 1354 4625 ll.
1377 4602 1405 4612 -
1427 4576 1454 4626 ³.
1474 4584 1498 4627 st

173 4640 230 4692 hm
255 4640 358 4705 llepstt.
387 4643 480 4691 Lamb.
529 4643 603 4692 Fert.
632 4647 656 4690 st
683 4647 780 4689 tomen.
808 4640 859 4691 On.
888 4668 918 4679 -
961 4645 988 4695 ls.
1020 4643 1060 4707 ut]
1079 4647 1123 4693 ubi
1149 4647 1267 4695 malebat
1295 4646 1445 4695 Ernestins.
1467 4671 1498 4682 —

174 4709 202 4761 9.
220 4711 325 4761 miniati
354 4712 513 4762 Lambinus.
543 4735 574 4748 -
623 4711 666 4760 12.
686 4711 820 4760 delibitati
838 4710 875 4760 ld.
896 4738 925 4748 -
963 4711 1037 4775 olcis]
1057 4715 1127 4763 hillis
1147 4716 1284 4766 lleinsius.
1306 4739 1336 4750 -
1375 4716 1418 4766 18.
1437 4730 1499 4766 sun-

173 4780 335 4902 gogonis.
383 4783 428 4832 21.
455 4779 524 4847 Non]
550 4782 605 4833 Nus
631 4779 654 4831 l.
681 4780 712 4830 F.
740 4779 903 4834 Gronovius.
933 4809 963 4823 -
1013 4784 1057 4835 310.
1076 4787 1201 4849 quonium
1218 4786 1263 4838 ll:
1289 4787 1394 4850 quomo
1413 4786 1445 4838 ll.
1466 4810 1497 4823 -
