3256 5400
187 225 248 288 108
612 217 889 285 El’lSTOLblillM
907 221 960 283 AD
981 219 1072 284 ΕΔΜ.

185 379 333 466 quoniam
354 387 443 444 tuum
468 378 603 465 pretium
625 376 715 453 novi,
752 375 969 442 inlicitatorem
996 377 1102 462 potius
1130 396 1261 462 ponam,
1298 398 1393 464 quarn
1426 376 1503 443 illud

185 475 315 540 minoris
336 482 457 539 veneat.
501 472 563 538 Sed
584 472 623 537 de
644 473 716 537 ioco
737 472 811 537 satis
833 481 889 536 est.
931 477 961 536 2.
984 477 1084 536 Tuum
1106 472 1265 555 negotium
1281 493 1389 556 agam,
1412 473 1503 537 sicuti

186 567 304 642 debeo,
341 568 515 651 diligenter.
568 572 615 631 De
635 572 749 641 Bursa,
783 575 812 629 te
840 564 976 650 gaudere
998 574 1085 630 certo
1107 566 1191 642 seio;
1221 565 1275 629 sed
1298 566 1391 629 nimis
1412 588 1504 630 vere-

185 660 285 724 cunde
306 661 384 724 mibi
411 661 585 745 gratularis.
634 665 727 725 Putas
749 659 853 733 enim,
876 669 910 723 ut
931 659 1063 734 scribis,
1084 668 1215 744 propter
1236 659 1371 726 bominis
1393 660 1502 725 sordes

160 754 287 831 ,minus
307 776 358 818 mc
380 775 522 839 magnam
544 755 629 819 illam
644 754 792 818 laetitiam
814 762 935 838 putare.
981 754 1096 819 Credas
1118 752 1194 818 mibi
1216 753 1308 817 velim
1331 755 1430 839 magis
1451 775 1503 818 me

184 847 300 911 iudicio
336 848 396 912 boo
424 871 515 935 quam
546 859 647 913 morte
673 849 788 912 inimici
816 848 971 911 laetatum.
1015 848 1153 912 Primum
1176 849 1257 912 enim
1280 848 1397 913 iudicio
1420 848 1502 911 malo

184 963 277 1026 quarn
301 942 420 1026 gladio,
443 942 554 1006 deinde
576 943 674 1026 gloria
691 942 795 1026 potius
817 941 907 1005 amici
931 962 1023 1026 quam
1046 942 1229 1006 calamitate.
1272 947 1307 1006 ln
1330 942 1502 1027 primisque

186 1055 236 1097 me
259 1034 422 1099 delectavit
450 1047 567 1100 tanturn
590 1036 726 1100 studium
754 1035 909 1100 bonorum
933 1035 967 1097 in
988 1055 1038 1097 me
1060 1035 1214 1099 exstitisse
1239 1045 1346 1100 contra
1368 1035 1503 1099 incredi-

182 1125 276 1191 bilem
306 1129 534 1194 contentionem
564 1129 725 1194 clarissimi
748 1138 778 1192 et
800 1127 1007 1212 potentissimi
1035 1128 1106 1191 viri.
1148 1133 1177 1192 3.
1201 1133 1362 1194 Postremo
1385 1128 1502 1192 -vix

146 1220 252 1298 ,oneri
274 1221 373 1286 simile
396 1223 527 1288 l'ortasse
548 1223 692 1286 videatur
719 1259 757 1270 -
794 1222 923 1286 oderam
951 1221 1049 1284 multe
1070 1221 1160 1305 peius
1195 1221 1276 1286 bunc
1298 1244 1391 1309 quam
1414 1222 1502 1286 illum

183 1319 285 1399 ipsum
309 1315 462 1380 Clodium.
515 1318 605 1381 lllum
628 1317 709 1380 enirn
733 1337 964 1401 oppugnarem,
999 1314 1081 1379 bunc
1103 1315 1312 1380 defenderam.
1369 1320 1408 1380 Et
1434 1315 1501 1389 ille,

182 1430 252 1472 cum
271 1410 373 1473 omnis
395 1431 445 1474 res
468 1410 592 1495 publica
613 1411 645 1474 in
668 1430 738 1473 meo
760 1410 859 1494 capite
882 1409 1047 1473 discrimen
1070 1420 1151 1473 esset
1173 1409 1332 1482 habitura,
1354 1428 1502 1492 magnum

181 1501 329 1587 quiddam
351 1505 514 1586 spectavit,
549 1525 606 1567 nec
627 1525 682 1569 sua
706 1514 836 1588 sponte,
868 1503 923 1567 sed
951 1523 1060 1567 eorum
1086 1503 1221 1576 auxilio,
1254 1503 1308 1589 qui
1331 1524 1381 1565 mc
1404 1509 1502 1566 stante

181 1604 264 1659 stare
287 1617 350 1659 non
377 1605 537 1681 poterant;
560 1597 611 1661 bio
632 1596 772 1661 simiolus
794 1596 889 1660 animi
911 1617 1003 1660 causa
1026 1617 1093 1669 me,
1115 1596 1147 1659 in
1169 1618 1263 1682 quem
1285 1595 1501 1670 inveberetur,

146 1723 172 1764 η,
182 1688 340 1773 delegerat
372 1700 631 1777 persuaseratque
661 1689 819 1755 nonnullis
851 1690 965 1755 invidis
999 1690 1077 1753 meis
1109 1710 1143 1754 se
1172 1690 1203 1753 in
1231 1711 1282 1754 me
1305 1689 1502 1754 emissarium

182 1804 307 1867 semper
329 1783 408 1848 sore.
452 1783 666 1861 Quamobrem
688 1784 779 1848 valde
801 1783 897 1847 iubeo
920 1784 1056 1868 gaudere
1079 1792 1125 1861 te;
1148 1804 1258 1868 magna
1273 1804 1325 1847 res
1340 1791 1426 1868 gesta
1445 1791 1501 1847 est.

181 1881 344 1962 Nunquam
372 1877 427 1942 ulli
456 1878 604 1942 fortiores
634 1877 718 1942 cives
750 1877 895 1950 luerunt,
927 1899 1019 1963 quam
1041 1877 1095 1962 qui
1117 1878 1185 1941 ausi
1206 1888 1276 1940 sunt
1298 1898 1370 1941 eum
1392 1885 1501 1940 contra

180 1979 279 2033 tantas
301 1992 378 2055 opes
400 1971 482 2043 eius,
514 1993 531 2034 a
555 1992 618 2057 quo
636 1972 696 2056 ipsi
718 1972 788 2035 lecti
811 1971 929 2035 iudices
952 1980 1055 2043 erant,
1078 1970 1295 2034 condemnare.
1341 1970 1434 2048 Quod
1457 1971 1502 2035 ie-

181 2064 294 2128 cissent
316 2086 488 2150 nunquam,
511 2065 570 2129 nisi
593 2065 631 2128 iis
654 2065 756 2129 dolori
778 2086 867 2128 meus
889 2064 998 2128 fuisset
1017 2063 1117 2128 dolor.
1159 2067 1189 2127 b.
1211 2068 1274 2128 Nos
1296 2064 1347 2128 bic
1368 2066 1400 2129 in
1423 2065 1503 2129 mul-

142 2186 170 2228 m
181 2157 310 2221 titudine
340 2168 371 2222 ei
399 2157 577 2222 celebritate
611 2157 800 2222 iudiciorum
829 2167 860 2221 et
890 2158 979 2222 novis
1011 2155 1132 2241 legibus
1165 2157 1206 2220 ita
1235 2157 1435 2230 distinemur,
1467 2167 1501 2222 ut

180 2251 320 2335 quotidie
350 2261 423 2317 vota
456 2252 626 2328 faciamus,
659 2272 699 2315 ne
726 2250 943 2328 intercaletur,
976 2261 1011 2316 ut
1039 2271 1133 2337 quarn
1164 2250 1300 2334 primum
1330 2263 1361 2315 te
1392 2251 1501 2316 videre

153 2366 347 2433 ,possamus

654 2490 713 2551 111.
756 2486 807 2566 (Α.
834 2489 866 2551 u.
888 2489 919 2551 c.
942 2485 1027 2571 ros.)

568 2604 609 2664 nr.
633 2601 775 2665 cicero
799 2602 830 2663 s,
852 2604 889 2663 u.
911 2603 952 2663 u.
974 2601 1110 2665 rianio.

145 2747 173 2790 ss
267 2724 294 2784 1.
316 2725 470 2804 Persaepe
497 2719 573 2784 mibi
595 2720 743 2804 cogitanti
771 2719 810 2784 de
838 2719 1055 2785 communibus
1076 2720 1226 2794 miseriis,
1263 2720 1296 2785 in
1317 2719 1433 2807 quibus
1455 2730 1501 2786 tet

179 2835 277 2878 annos
309 2835 473 2879 versamur
506 2823 536 2877 et
557 2822 592 2876 ut
613 2814 705 2878 video
726 2812 941 2886 versabimur,
972 2814 1052 2878 solet
1073 2813 1105 2877 in
1127 2824 1262 2879 mentem
1284 2813 1394 2879 venire
1416 2813 1500 2878 illius

179 2907 347 2991 temporis,
385 2927 448 2992 quo
477 2906 622 2992 proxime
650 2907 765 2971 fuimus
787 2930 863 2985 una;
900 2906 976 2992 quin
1002 2907 1094 2970 etiam
1117 2907 1219 2991 ipsum
1241 2907 1323 2972 diem
1346 2907 1500 2972 memoria

179 3011 282 3065 teneo.
324 3006 399 3064 Nam
423 3022 450 3064 a.
473 3001 502 3065 d.
526 3020 577 3064 111.
600 3000 673 3064 ldus
694 3001 810 3075 Maias,
833 3000 964 3065 Lentulo
987 3009 1018 3063 et
1039 3002 1185 3066 Marcelle
1207 3000 1403 3074 consulibus,
1427 3022 1498 3066 oum

178 3094 211 3158 iu
232 3095 456 3178 Pompeianum
479 3093 603 3179 vesperi
626 3095 795 3167 venissem,
827 3104 862 3158 tu
883 3093 960 3158 mibi
990 3093 1122 3159 sollicito
1156 3094 1260 3158 animo
1292 3106 1417 3179 praesto
1439 3095 1501 3159 sui·

140 3213 168 3255 aa
178 3187 227 3252 sti.
272 3187 444 3251 Sollicitum
473 3196 576 3251 autem
607 3198 637 3251 te
660 3188 793 3253 babebat
814 3189 960 3271 cogitatio
983 3209 1053 3253 cum
1076 3187 1185 3261 officii,
1209 3197 1274 3253 turn
1296 3188 1391 3253 etiam
1412 3188 1498 3274 peri·

178 3280 241 3344 culi
261 3281 334 3344 mei.
392 3281 424 3345 si
446 3302 605 3345 manerem
628 3280 659 3344 in
681 3281 784 3354 ltalia,
814 3281 980 3354 verebare,
1008 3271 1047 3344 n‘e
1069 3280 1172 3345 officio
1194 3280 1353 3358 deessem3
1376 3283 1402 3346 si
1424 3302 1498 3367 pro·

177 3371 335 3438 fieiscerer
368 3373 406 3437 ad
437 3373 572 3446 bellurn,
609 3375 784 3459 periculum
808 3383 836 3439 te
865 3396 969 3439 meum
992 3373 1217 3440 commovebat.
1262 3376 1333 3451 Quo
1356 3384 1498 3460 ternpore

177 3467 282 3532 vidisti
309 3467 452 3551 prolecto
485 3489 535 3532 me
568 3490 693 3554 quoqne
714 3469 756 3532 ita
779 3467 1013 3542 conturbatum,
1050 3476 1169 3531 utnon
1191 3467 1398 3550 explicarem,
1422 3467 1498 3553 quid

178 3568 261 3624 esset
282 3560 435 3645 optimum
459 3561 550 3626 lactu.
594 3562 709 3627 l‘udori
737 3573 839 3625 tamen
863 3562 959 3627 malui
981 3561 1144 3646 famaeque
1166 3559 1278 3624 cedere
1300 3581 1394 3645 quam
1417 3561 1500 3625 salu·

140 3679 167 3721 es
177 3654 216 3717 tis
238 3675 325 3718 meae
356 3655 506 3719 rationem
535 3655 659 3720 ducere.
703 3660 732 3720 2.
756 3656 851 3721 Cuius
878 3676 927 3719 me
956 3659 1017 3718 mei
1048 3653 1120 3718 lacti
1145 3653 1300 3739 poenituit
1335 3675 1398 3717 nen
1435 3663 1498 3718 tam

177 3754 307 3832 propter
331 3748 504 3831 periculum
528 3770 632 3813 meum
661 3770 753 3834 quam
784 3759 914 3834 prepter
943 3749 1017 3812 vitia
1049 3748 1159 3822 multa,
1196 3769 1276 3834 quae
1295 3746 1339 3811 ibi
1363 3747 1497 3822 olleudi,

177 3860 241 3926 quo
262 3862 421 3905 veneram.
472 3842 611 3905 Primum
633 3863 734 3926 neque
762 3863 889 3927 magnas
912 3842 1016 3928 copias
1042 3863 1143 3927 neque
1165 3840 1344 3917 bellicosas;
1369 3840 1497 3915 deinde,

177 3944 266 3998 extra
295 3933 406 3998 ducem
430 3955 607 4020 paucosque
635 3945 860 4021 practerea-
882 3935 920 4000 de
942 3935 1135 4022 principibus
1156 3935 1271 4020 loquor
1297 3965 1348 4009 -,
1383 3933 1499 4021 reliqui

176 4028 313 4113 primum
337 4027 455 4112 inipso
474 4027 557 4093 bello
579 4050 725 4113 rapaces,
748 4028 860 4093 deinde
877 4030 909 4094 in
930 4030 1071 4094 oratione
1094 4029 1136 4093 ita
1157 4028 1318 4099 crudeles,
1341 4037 1377 4092 ut
1397 4029 1498 4113 ipsam

139 4120 341 4187 invictoriam
362 4121 543 4198 horrerem;
574 4123 743 4187 maximum
768 4132 871 4186 autem
896 4145 949 4188 aes
975 4123 1110 4187 alienum
1129 4121 1394 4207 amplissimorum
1412 4120 1498 4184 viro·

177 4235 258 4278 rum.
310 4215 392 4291 Quid
415 4215 563 4300 quaeris?
596 4215 676 4280 Nihil
698 4216 772 4281 boui
802 4226 927 4302 praeter
955 4237 1090 4282 causam.
1134 4219 1222 4293 Quae
1241 4236 1312 4279 cum
1334 4213 1496 4288 vidissem,

178 4307 346 4393 desperans
362 4309 524 4374 victoriam
546 4309 681 4393 primum
699 4311 788 4395 coepi
817 4310 948 4374 suadere
970 4331 1093 4397 pacem,
1117 4310 1204 4374 euius
1230 4308 1352 4373 lucram
1373 4327 1498 4392 semper

178 4414 303 4479 auctor;
340 4402 466 4474 deinde,
496 4423 567 4466 cum
589 4400 628 4465 ab
657 4425 693 4468 ea
723 4404 873 4468 sententia
895 4403 1063 4490 Pompeius
1091 4403 1181 4467 valde
1199 4401 1405 4475 abhorreret,
1428 4421 1498 4464 sua·

247 4593 272 4640 1.
292 4594 416 4655 quoniam
433 4593 478 4641 M:
499 4607 576 4656 quam
596 4593 625 4641 li.
649 4619 676 4628 -
715 4595 900 4644 inlicitatorem
918 4595 964 4644 M:
992 4594 1147 4643 licitatorem
1166 4592 1195 4642 li.
1233 4591 1289 4641 Cir.
1311 4592 1496 4652 Heusingerus

178 4660 211 4710 ad
231 4661 309 4710 Otito.
329 4661 355 4721 3,
375 4663 418 4720 15,
439 4663 465 4711 ti.
488 4686 518 4696 -
538 4663 581 4711 12.
601 4664 709 4712 aditura
726 4678 741 4713 e
761 4666 853 4713 codice
873 4665 1028 4713 Lambinus.
1050 4689 1078 4698 -
1107 4663 1149 4712 lb.
1169 4664 1265 4711 maiia
1284 4662 1321 4713 Μ.
1344 4687 1372 4697 -
1394 4661 1437 4710 15.
1456 4662 1497 4710 irt-

153 4731 255 4780 ·oidiit
272 4731 309 4781 M.
344 4756 374 4766 -
412 4733 454 4782 111.
474 4733 513 4781 bis
530 4732 568 4782 Μ.
598 4757 629 4765 -
665 4735 693 4781 in
710 4735 876 4784 marititndiae
894 4734 940 4784 M:
968 4732 1134 4783 multitudine
1152 4732 1183 4782 ll.
1216 4756 1246 4766 -
1292 4733 1335 4780 20.
1357 4732 1498 4780 crebritate

178 4801 296 4850 malebat
314 4801 471 4852 Lambinus.
507 4801 562 4852 Cir.
584 4802 722 4852 Ernestius
740 4804 773 4853 ad
792 4805 857 4854 Tac.
877 4804 948 4854 dnn.
967 4802 1071 4865 11119.
1091 4822 1123 4839 ··
1143 4803 1184 4852 30.
1205 4817 1263 4852 cum
1281 4803 1322 4852 M:
1344 4800 1443 4850 lamii.
1464 4825 1493 4837 -

178 4871 222 4921 31.
241 4872 283 4921 rio
297 4873 473 4938 proficiscerer
490 4873 648 4923 Lambinus.
