3216 5408
152 253 215 316 652
635 242 695 305 ΕΡ.
717 240 769 304 ΔΙ)
791 238 982 304 ATTICUM·

154 408 187 474 Si
210 404 287 469 nibil
308 402 385 475 erit,
407 399 465 466 etsi
487 409 520 465 tu
541 419 643 463 meam
664 396 822 462 stultitiam
856 394 1012 460 consuesti
1034 393 1136 469 terre,
1161 415 1205 460 eo
1227 404 1350 460 tumen
1373 415 1509 481 progre-

154 500 239 571 diar,
268 497 311 561 uti
341 493 545 559 stomachere.
602 496 723 556 Drusus
746 489 828 555 enim
851 500 936 554 certe
958 489 1098 555 vendere
1120 491 1199 556 vult.
1248 491 1288 556 Si
1313 512 1400 576 ergo
1423 489 1508 556 aliud

155 616 219 658 nou
241 591 314 663 erit,
338 610 406 653 mea
429 587 489 652 erit
510 585 617 671 culpa,
639 584 699 650 nisi
721 603 847 659 emer0;
880 583 995 669 quain
1017 605 1052 648 re
1073 605 1115 649 ne
1135 584 1251 659 labar,
1278 607 1412 671 quaeso
1435 607 1509 672 prn-

156 685 237 751 vide.
279 680 467 748 Providendi
488 689 591 744 autem
613 698 676 743 una
696 677 777 742 ratio
800 687 864 751 est,
887 676 1010 763 siquid
1032 677 1072 743 de
1095 679 1294 764 Scapulanis
1321 700 1506 764 possumus

133 784 193 844 tEt
225 778 317 842 velim
355 797 404 838 me
437 773 603 838 certiorem
635 770 744 844 socias,
777 791 870 856 quam
900 769 961 834 'diu
997 770 1029 834 in
1062 769 1256 837 suburbano
1296 775 1344 838 sis
1368 774 1506 839 futurus.

155 878 185 937 3.
208 870 296 956 Apud
327 873 503 934 Terentiam
532 867 630 952 gratia
660 885 740 949 opus
766 874 814 930 est
841 863 932 928 nobis
967 873 1018 929 tua
1040 873 1158 952 tuaque
1181 867 1402 931 auctoritate.
1448 868 1507 933 Sed

155 964 265 1037 iacies,
289 972 324 1028 ul
345 961 512 1026 videbitur.
557 961 629 1027 Scio
651 959 750 1030 enim,
773 959 800 1023 si
822 956 897 1043 quid
919 978 988 1021 mea
1010 958 1153 1032 intersit,
1180 959 1242 1023 libi
1268 963 1396 1026 maiori
1412 983 1506 1027 curae

155 1057 257 1123 solere
279 1077 347 1121 esse
369 1076 462 1141 quam
484 1055 570 1119 mibi.
623 1057 653 1117 l.
676 1051 794 1116 Hirtius
815 1050 853 1114 ad
875 1068 926 1114 me
955 1050 1079 1136 scripsit
1101 1055 1176 1117 Sex.
1201 1055 1408 1140 Pompeium
1433 1061 1507 1121 rba

156 1151 239 1217 duba
261 1151 364 1215 exisse
387 1158 417 1212 et
439 1147 556 1231 fugisse
578 1147 610 1211 in
632 1145 814 1230 Hispaniam
835 1143 1036 1218 citeriorem,
1059 1149 1199 1211 Cnaenm
1220 1146 1374 1232 fugisse,
1400 1150 1506 1214 nescio

124 1258 233 1330 ¹⁰quo;
265 1263 367 1327 neque
396 1242 480 1306 enim
509 1261 596 1306 euro.
654 1238 736 1303 Nihil
758 1248 921 1323 praeterea
944 1238 1027 1303 novi.
1071 1239 1207 1305 Litteras
1230 1241 1399 1307 Narbone
1423 1243 1506 1307 dedit

157 1357 251 1402 xuu.
278 1335 345 1400 Kal.
378 1335 448 1399 Mai.
492 1339 539 1398 Tu
568 1333 644 1397 mibi
679 1332 718 1397 de
752 1332 871 1398 Caninii
907 1332 1071 1417 naufragio
1107 1334 1200 1419 quasi
1237 1334 1348 1400 dubia
1383 1338 1505 1401 misisti.

157 1429 282 1496 Scribas
305 1428 417 1510 igitur,
440 1428 465 1500 si
488 1427 564 1513 quid
585 1427 644 1491 erit
665 1426 791 1490 certius.
840 1425 933 1502 Quod
956 1447 1006 1489 me
1031 1448 1047 1489 a
1071 1428 1228 1492 maestitia
1253 1449 1407 1505 avocas,
1431 1431 1507 1496 mul-

159 1534 224 1588 tum
247 1522 375 1594 levaris,
399 1521 423 1585 si
446 1521 550 1585 locum
572 1519 645 1584 lano
667 1519 802 1585 dederis.
845 1519 941 1583 Multa
964 1519 1038 1584 mibi
1060 1531 1103 1596 εἰς
1132 1525 1341 1590 ἀποθέωσιν
1363 1525 1400 1589 in
1422 1546 1508 1590 men-

156 1626 219 1679 tem
242 1615 384 1691 veniunt;
408 1613 464 1678 sed
485 1614 555 1679 loco
578 1613 665 1677 valdo
689 1634 769 1699 opus
794 1622 850 1677 est.
895 1616 1000 1690 Quare
1022 1615 1114 1680 etiam
1138 1615 1312 1682 Othonem
1336 1619 1427 1684 vide.

123 1774 147 1818 1⁵
566 1757 736 1818 nurum.
780 1754 836 1835 (a.
863 1756 895 1818 u.
920 1756 952 1818 c.
974 1755 1071 1835 roe.)

635 1876 776 1959 cronno
799 1877 943 1940 lunico
967 1879 998 1940 s

243 1996 271 2055 1.
292 1995 360 2055 Non
382 1987 509 2062 dubito,
532 1989 608 2075 quin
630 1987 886 2071 occupatissimus
908 1986 1026 2061 fueris,
1054 1989 1109 2074 qui
1131 1988 1171 2053 ad
1195 2011 1249 2055 me
1275 1994 1364 2061 nibil
1388 1997 1506 2063 littera·

157 2104 243 2149 rum:
283 2083 338 2148 sed
359 2084 454 2148 bomo
477 2103 626 2168 nequam,
660 2081 713 2166 qui
736 2091 824 2146 tuum
852 2081 1050 2145 commodum
1077 2103 1141 2147 non
1163 2092 1395 2169 exspectarit,
1435 2115 1504 2158 cum

158 2175 199 2241 ob
223 2199 290 2241 eam
310 2199 403 2241 unam
421 2198 545 2242 cansam
568 2180 680 2240 missus
700 2178 797 2238 essell
819 2178 905 2238 Nunc
920 2175 1062 2261 quidem,
1085 2175 1143 2239 nisi
1159 2179 1239 2262 qnid
1255 2188 1291 2244 te
1308 2188 1434 2258 tenuit,
1457 2208 1505 2251 su·

120 2272 263 2357 cospicor
284 2281 315 2336 te
337 2292 405 2335 csse
428 2271 459 2334 in
481 2269 673 2335 suburbano.
715 2276 754 2333 At
775 2289 835 2351 ego
857 2267 907 2332 blo
928 2267 1091 2333 scribendo
1113 2269 1180 2334 dies
1203 2282 1296 2338 totos
1314 2276 1401 2343 nibil
1418 2279 1505 2364 equi·

158 2365 229 2429 dem
252 2365 356 2438 levor,
385 2364 440 2428 sed
463 2376 566 2430 tamen
587 2363 712 2428 aberro.
756 2366 785 2426 2.
817 2361 941 2426 Asinius
963 2362 1062 2427 Pollio
1084 2361 1122 2426 ad
1146 2385 1195 2427 me
1219 2367 1360 2454 scripsit
1384 2371 1428 2436 de
1449 2373 1506 2437 im·

158 2479 239 2543 puro
263 2470 370 2524 nostro
392 2469 535 2541 cognato.
594 2457 686 2534 Quod
709 2455 824 2520 Balbus
846 2461 950 2520 minor
972 2477 1072 2540 nuper
1092 2457 1168 2520 satis
1189 2459 1309 2542 plane,
1334 2465 1505 2530 Dolabella

159 2550 305 2625 obscure,
329 2553 378 2616 hic
400 2556 602 2637 apertissime.
657 2557 784 2616 Ferrem
807 2550 961 2633 graviter,
984 2550 1011 2615 si
1033 2572 1133 2616 novae
1156 2554 1392 2636 aegrimoniae
1416 2561 1504 2625 locus

160 2653 251 2709 esset.
294 2646 354 2708 Sed
378 2655 478 2709 lamen
502 2645 613 2731 ecquid
634 2643 809 2730 impurius?
832 2643 1032 2708 Obomincm
1050 2645 1242 2711 cavenduml
1270 2653 1500 2740 Quamquam:

122 2774 150 2817 to
327 2760 406 2819 Mill
427 2759 543 2839 quidem
566 2805 574 2821 .
597 2805 605 2820 .
628 2761 657 2820 .!

160 2866 222 2932 Sed
254 2866 406 2931 tenendus
439 2866 531 2932 dolor
563 2878 619 2932 est.
663 2874 726 2942 Tu,
760 2868 907 2955 quoniam
935 2890 1061 2934 necesse
1089 2869 1165 2934 nibil
1195 2879 1259 2945 est,
1304 2876 1355 2942 sic
1379 2880 1502 2946 scribes

159 2962 292 3047 aliquid,
325 2964 351 3025 si
383 2960 516 3025 vacabis.
568 2967 597 3026 3.
627 2962 719 3037 Quod
748 2974 837 3047 putas
865 2973 1012 3047 oportere
1035 2964 1191 3048 pervideri
1215 2966 1280 3031 ium
1308 2973 1417 3038 animi
1442 2976 1501 3040 mei

160 3056 336 3120 firmitatem
372 3057 560 3142 graviusque
588 3055 739 3141 quosdam
772 3055 881 3120 scribis
916 3056 953 3121 dc
982 3080 1030 3121 me
1054 3058 1139 3143 loqui
1162 3081 1256 3145 quam
1283 3075 1344 3128 aut
1369 3075 1403 3131 le
1427 3069 1503 3132 scri·

159 3149 234 3215 bere
257 3161 309 3215 aut
332 3156 475 3214 Brutum:
499 3151 539 3223 si,
563 3156 616 3237 qui
640 3171 688 3212 rue
711 3149 841 3213 fractum
865 3173 933 3214 esse
956 3153 1059 3216 animo
1088 3163 1118 3216 el
1140 3152 1349 3219 debilitatum
1373 3171 1500 3244 putant,

123 3276 141 3310 s·
159 3245 270 3317 sciant,
309 3244 383 3329 quid
407 3244 578 3308 litterarum
602 3253 632 3307 ct
654 3242 741 3306 cuius
764 3243 887 3325 generis
910 3246 1084 3316 conficiam.
1110 3246 1223 3319 credo,
1259 3247 1290 3311 si
1316 3251 1424 3318 modo
1447 3254 1502 3320 bo

160 3339 257 3402 mines
280 3339 355 3411 sint,
379 3339 557 3402 existiment
580 3360 646 3408 me,
670 3337 736 3400 sivc
758 3336 800 3398 ita
822 3336 940 3400 levatus
962 3339 1041 3413 sini,
1065 3349 1098 3403 ul
1120 3341 1259 3404 animum
1284 3363 1436 3411 vacuum
1464 3348 1501 3413 ad

159 3453 209 3495 res
232 3432 371 3496 dillicilos
394 3431 574 3495 scribendas
597 3431 742 3501 allorum,
779 3430 1070 3514 reprehendendum
1104 3455 1166 3497 non
1189 3456 1276 3509 csse,
1322 3439 1397 3505 sive
1422 3443 1502 3506 hanc

159 3522 387 3588 aberrationem
417 3549 434 3589 a
465 3527 575 3590 dolore
598 3522 786 3607 delegerim,
825 3545 904 3608 quae
927 3527 1061 3589 riraxime
1084 3525 1306 3592 liberalissima
1333 3533 1501 3623 doctoque

159 3617 284 3680 homine
313 3619 511 3702 dignissima,
548 3617 669 3683 laudari
693 3638 741 3680 me
764 3622 856 3680 etiarn
880 3630 1037 3703 oportere.
1094 3626 1123 3685 l.
1147 3620 1222 3696 Sed,
1261 3644 1341 3691 cunr
1367 3651 1434 3715 ego
1459 3632 1502 3696 la-

123 3710 237 3775 sacium
260 3712 381 3785 oninia,
404 3735 483 3797 quae
513 3714 615 3776 lacere
638 3710 754 3796 possim
778 3711 816 3774 ud
839 3734 888 3775 me
904 3713 1136 3788 adiuvandum,
1160 3725 1193 3778 lu
1215 3717 1308 3782 ellico
1334 3721 1385 3796 id,
1412 3725 1502 3811 quod

160 3801 252 3867 video
276 3815 304 3867 tc
327 3826 388 3868 non
411 3808 512 3870 miuus
535 3829 626 3892 quam
650 3826 700 3868 ure
725 3803 879 3869 laborare.
922 3812 990 3872 Hoc
1013 3809 1087 3872 mibi
1110 3807 1227 3872 debere
1249 3811 1373 3879 videor
1392 3840 1502 3906 neque

163 3943 489 3957 —————-——--.-a—.

228 4019 487 4083 mutilarentur,
517 4030 544 4071 ut
569 4025 614 4073 Ill.
653 4023 696 4084 (Ut
726 4038 791 4082 neS,
823 4024 907 4073 Codd.
938 4026 1033 4080 Bosil.)
1053 4052 1081 4060 -
1118 4029 1229 4079 vollll.
1263 4053 1290 4063 -
1337 4037 1425 4085 alind
1446 4054 1503 4087 ηοη

158 4091 228 4148 orit,
248 4105 306 4138 oreo
325 4093 438 4143 Graevio
463 4103 572 4143 auctore
591 4095 764 4143 Schuetzius:
794 4095 953 4155 attenderit,
986 4111 1112 4146 leuamen
1133 4095 1218 4159 artu,
1239 4101 1323 4149 uliud
1342 4109 1421 4154 cru:
1441 4123 1502 4157 meu

158 4160 189 4207 R.
212 4183 241 4192 -
279 4162 305 4209 lt.
323 4167 454 4221 possimus
474 4167 504 4213 ll.
533 4191 567 4199 -
603 4166 628 4213 6.
650 4166 849 4226 protiupotius
869 4180 933 4226 opus
953 4167 974 4213 l.
1006 4193 1033 4203 -
1074 4177 1120 4216 latu
1140 4183 1194 4216 om.
1218 4170 1295 4220 llllil.
1340 4177 1501 4230 (luserturu

158 4229 276 4277 ellodd.
304 4233 397 4289 Bosii.)
426 4261 457 4268 -
495 4233 605 4297 titoque]
626 4243 673 4283 tun
693 4248 773 4295 quum
799 4236 849 4283 llll.
884 4259 913 4269 -
950 4236 976 4282 7.
1005 4236 1082 4299 enini]
1107 4251 1163 4285 eoin
1193 4240 1222 4289 ll.
1256 4264 1283 4273 —
1329 4248 1375 4294 11.
1407 4251 1501 4314 xerat-l

160 4301 408 4349 v1111.1tosius.-
447 4306 581 4353 l'uniuil.
617 4327 644 4337 -
683 4302 771 4366 quusi]
799 4306 921 4365 quamsi
941 4320 979 4367 pr.
1001 4308 1037 4354 lll.
1068 4333 1097 4340 —
1136 4309 1220 4356 (tribio
1239 4315 1373 4364 remisisti
1392 4321 1502 4370 Ascen·

157 4371 267 4427 siauaa,
300 4372 382 4420 dubia
401 4377 540 4423 recoluisti
558 4376 704 4426 Manutius.
735 4399 764 4409 -
803 4376 845 4423 12.
866 4375 959 4423 Malim
979 4376 1090 4426 Scribas.
1111 4378 1161 4427 On.
1184 4405 1214 4414 -
1253 4395 1341 4432 crocus
1361 4388 1444 4439 llllll.
1469 4418 1497 4428 -

158 4442 200 4488 13.
221 4442 390 4490 leoncianus.
413 4444 442 4502 l,
462 4448 582 4509 proficies
601 4446 630 4493 R.
669 4445 713 4502 (Ut
732 4459 796 4502 nos,
818 4458 872 4504 mg.
894 4446 964 4495 Crat.
992 4447 1074 4498 llelll
1096 4462 1148 4496 uon
1170 4450 1280 4513 liquet.)
1302 4479 1337 4490 ·-
1369 4460 1416 4507 ¹7.
1438 4459 1500 4526 qui]

157 4512 223 4571 quio
243 4513 273 4559 ll.
306 4535 332 4544 -
371 4513 414 4560 20.
435 4520 538 4563 teante
559 4529 682 4563 osseum.
705 4514 748 4562 lll.
778 4539 808 4548 -
845 4516 888 4563 23.
910 4519 1122 4566 acrimoniocll.
1147 4546 1176 4555 -
1214 4522 1260 4570 at.
1280 4528 1397 4588 etquid
1418 4532 1499 4581 Mlll.

157 4602 190 4614 -
211 4577 243 4641 0]
265 4582 290 4630 C.
314 4583 335 4629 l.
355 4607 388 4616 -
426 4585 468 4632 25.
488 4585 556 4632 313ιὶ
574 4586 678 4647 quidem
698 4582 757 4645 -ll
779 4585 864 4633 Plaut.
886 4586 961 4634 Trin.
983 4589 1008 4644 2,
1030 4590 1055 4646 2,
1076 4589 1119 4637 te.
1142 4614 1173 4623 -
1193 4591 1238 4639 26.
1262 4590 1312 4654 To]
1334 4597 1387 4645 libi
1407 4601 1442 4650 R.
1465 4627 1500 4637 -

157 4651 199 4696 27.
220 4653 360 4711 prouideri
379 4654 400 4701 l.
421 4679 454 4687 -
491 4656 533 4702 29.
554 4668 608 4702 esse
626 4669 680 4704 orn.
701 4654 722 4704 1.
744 4680 771 4690 -
812 4656 854 4703 33.
877 4669 945 4715 quoe
962 4658 1150 4706 liberalissimo
1168 4683 1179 4693 ·
1197 4684 1208 4693 -
1227 4671 1356 4723 oportere
1373 4675 1502 4722 maa-tm

158 4719 235 4768 llaud
256 4722 334 4770 'l'urs
365 4724 412 4772 ΙΙΙ.
446 4739 471 4786 ρ.
503 4726 562 4773 590.
601 4726 692 4774 Malim
713 4738 774 4773 cum
794 4725 925 4774 Lambino
944 4734 971 4775 et
989 4729 1149 4778 Schuelzio:
1177 4731 1322 4797 delegerim
1352 4744 1497 4804 maximo,

156 4796 277 4850 qrtueeat
297 4794 491 4843 liberalissimo.
512 4794 562 4843 Oa.
592 4821 621 4830 -
659 4795 700 4844 3l.
722 4808 841 4843 mocuru
861 4796 1055 4849 ilanutioorn.
1075 4800 1235 4852 Lambinus.
1269 4829 1302 4841 -
1344 4808 1392 4860 ³5.
1415 4814 1499 4863 odiu·

158 4858 284 4923 cundum]
304 4863 416 4913 lllalim:
436 4864 616 4914 euocandum.
635 4865 684 4915 Oa.
