3256 5400
670 211 729 276 ΕΡ.
750 215 802 277 AD
824 212 996 278 strictis!

633 426 713 490 rur.
755 427 811 509 (s.
835 429 868 491 u.
890 428 922 491 c.
943 421 1036 506 eso.)

657 550 798 613 CICERO
820 548 963 613 ATTICO
985 548 1017 611 S.

261 661 289 726 1.
311 657 470 725 Brundisii
497 655 699 745 proficiscens
729 658 914 742 scripseram
936 655 976 722 ad
996 665 1043 731 te,
1072 676 1149 742 quas
1175 653 1217 723 oh
1238 676 1346 723 causas
1367 659 1402 722 ln
1423 657 1505 742 Epi·

175 774 247 820 rum
274 774 338 818 non
365 773 505 818 ememus
531 750 682 837 proiecti3
715 750 800 838 qnod
829 761 860 815 et
887 750 1000 816 Achaia
1027 769 1127 836 prope
1153 759 1250 823 esset,
1284 750 1377 836 plena
1399 748 1504 815 auda·

152 847 370 912 ociaimorum
391 845 609 918 inimicorum,
631 855 663 910 et
683 843 786 909 exitus
809 843 948 910 difficiles
962 841 1107 918 heberet,
1129 864 1201 909 cum
1220 842 1294 908 inde
1314 841 1488 928 proficisse

175 959 292 1009 remur.
343 938 496 1011 Accessit,
523 957 595 1003 cum
623 938 808 1026 Dyrrhachii
837 957 992 1011 essemus,
1022 946 1058 1002 ut
1077 935 1142 1002 duo
1163 936 1264 1002 nuntii
1284 936 1501 1002 afferrentur:

175 1054 272 1108 unus,
303 1033 402 1098 classe
430 1031 559 1097 fratrem
586 1031 711 1116 Epheso
739 1031 888 1105 Athenas,
916 1031 1010 1107 alter,
1043 1029 1176 1116 pedibus
1203 1050 1260 1116 per
1280 1029 1501 1097 Macedoniam

175 1129 294 1191 venire.
336 1131 445 1211 Itaque
466 1124 513 1189 illi
534 1122 659 1189 obviam
680 1123 821 1189 misimus
842 1123 990 1199 Athenas,
1024 1135 1059 1190 ut
1077 1123 1151 1189 inde
1171 1124 1422 1190 Thessalonicam
1445 1143 1502 1188 ve·

175 1221 267 1284 niret
318 1219 381 1302 lpsi
410 1217 619 1303 processimus
648 1226 679 1282 et
706 1217 954 1283 Thessalonicam
984 1239 1011 1282 a.
1037 1216 1067 1287 d.
1088 1237 1123 1282 x.
1145 1217 1212 1282 llal.
1239 1222 1307 1284 lnn.
1335 1222 1500 1293 venimus3

140 1327 165 1366 ¹⁰
176 1332 277 1398 neque
298 1312 337 1378 de
360 1311 442 1376 illius
463 1311 577 1376 itincre
598 1310 768 1397 quidquam
794 1311 872 1376 certi
894 1310 1100 1385 habebamus,
1132 1311 1194 1376 nisi
1215 1332 1288 1377 eum
1309 1309 1348 1374 ab
1369 1308 1500 1395 Epheso

176 1415 247 1470 ante
268 1405 426 1490 aliquanto
447 1405 632 1490 proiectum.
686 1408 716 1472 2.
738 1409 840 1480 Nunc,
869 1404 939 1470 istic
960 1403 1034 1489 quid
1056 1413 1182 1489 agatur,
1204 1424 1317 1489 magno
1338 1423 1437 1488 opere
1460 1401 1500 1466 ti·

177 1519 258 1564 meo.
310 1502 505 1584 Quamquam
533 1506 586 1562 tua
613 1497 712 1563 altera
740 1497 870 1587 epistola
897 1496 1008 1563 scribis
1037 1497 1083 1562 ld.
1104 1497 1174 1563 hini.
1197 1497 1320 1568 audiri,
1350 1497 1440 1570 lore,
1463 1503 1500 1560 nt

176 1591 280 1657 acrius
300 1591 529 1677 postularetur3
556 1591 668 1667 altera,
690 1592 754 1656 iam
775 1612 844 1656 csse
865 1591 999 1656 mitiora.
1054 1590 1115 1656 Sed
1136 1590 1213 1657 haec
1234 1599 1281 1655 est
1301 1590 1401 1676 pridie
1424 1587 1498 1653 data

178 1705 271 1772 quam
292 1684 361 1761 illa;
391 1705 455 1770 quo
476 1684 648 1751 conturbor
669 1685 777 1770 magis.
827 1689 949 1769 ltaque,
972 1705 1042 1748 cum
1064 1705 1152 1750 meus
1173 1706 1224 1749 me
1246 1705 1371 1748 maeror
1391 1681 1500 1769 quoti-

143 1776 286 1842 ramanus
312 1776 427 1842 lacerat
453 1787 485 1843 et
511 1776 650 1858 coniicit,
686 1788 752 1843 tnm
781 1799 858 1843 vero
889 1778 967 1843 haee
994 1777 1097 1843 addita
1127 1799 1203 1843 cura
1226 1779 1280 1842 vix
1302 1777 1377 1841 mihi
1397 1776 1498 1841 vitam

177 1871 329 1956 reliquam
353 1871 437 1936 lacit.
496 1871 611 1937 Sedet
637 1871 793 1957 navigatio
815 1871 1005 1957 perdifficilis
1025 1871 1100 1945 init,
1129 1881 1162 1936 et
1181 1871 1233 1936 ille
1253 1871 1405 1944 incertus,
1440 1867 1498 1934 ubi

176 1982 236 2047 ego
257 1983 374 2039 essem,
403 1964 536 2029 sortasse
565 1965 660 2030 alium
688 1986 815 2031 cursum
844 1965 962 2051 petivit.
1015 1969 1090 2028 Nam
1112 1963 1249 2029 Phaiitho
1271 1963 1400 2029 libertus
1422 1982 1499 2027 eum

176 2078 239 2121 non
267 2056 358 2135 vidit;
391 2067 484 2123 vento
514 2058 647 2124 reiectus
672 2057 713 2122 ab
741 2058 797 2123 illo
825 2058 857 2123 in
883 2058 1111 2133 Macedoniam,
1144 2058 1245 2123 Pellae
1273 2057 1348 2121 mihi
1369 2065 1500 2143 praesto

176 2147 246 2214 suis.
288 2149 417 2235 Reliqua
439 2172 533 2237 quam
554 2151 630 2216 mihi
651 2150 788 2217 timenda
809 2151 872 2217 sint
892 2152 984 2218 video
1007 2172 1065 2215 nec
1085 2150 1160 2238 quid
1185 2149 1319 2216 scribam
1340 2147 1444 2214 habco
1466 2157 1501 2212 ct

139 2242 281 2307 somnia
302 2243 422 2322 timeo;
455 2254 597 2309 nectam
621 2245 772 2310 miserum
792 2254 840 2309 est
860 2244 1049 2331 quidquam,
1085 2243 1172 2330 qnod
1200 2265 1263 2310 non
1293 2243 1326 2308 in
1356 2253 1500 2307 nostram

175 2334 333 2401 fortunam
367 2335 480 2402 cadero
514 2338 667 2404 videatur.
724 2338 877 2426 Equidem
911 2337 1012 2404 adhuc
1045 2338 1139 2401 misor
1169 2337 1202 2402 in
1237 2335 1381 2402 maximis
1416 2335 1501 2400 meis

177 2429 335 2496 aerumnis
356 2439 388 2495 et
408 2429 557 2506 luctibus,
587 2431 648 2498 hoc
668 2441 754 2499 metu
776 2431 912 2508 adiecto,
934 2452 1045 2497 maneo
1067 2431 1304 2496 Thessalonicae
1325 2449 1500 2515 suspensus

175 2543 234 2588 nec
254 2522 356 2588 audeo
377 2524 558 2610 quidquam.
600 2531 630 2591 3.
652 2530 740 2591 Nunc
760 2525 799 2590 ad
821 2547 873 2602 ca,
896 2546 975 2611 quae
996 2523 1157 2611 scripsisti.
1200 2524 1396 2612 Tryphonem
1419 2526 1502 2587 Cne-

176 2615 283 2680 cilium
311 2637 375 2681 non
404 2617 478 2683 vidi.
535 2622 718 2684 Sermonem
746 2629 834 2684 tunm
862 2628 893 2683 et
913 2618 1052 2704 Pompeii
1074 2622 1206 2702 cognovi
1230 2639 1270 2682 ex
1292 2617 1353 2681 tuis
1375 2615 1500 2680 litteris.

140 2725 168 2760 ’ἢ
177 2714 296 2774 Motum
317 2709 350 2773 in
370 2731 406 2774 re
427 2709 549 2797 publica
570 2733 633 2776 non
653 2721 773 2777 tantum
795 2732 854 2796 ego
875 2712 1057 2797 impendere
1079 2711 1188 2786 video,
1217 2719 1365 2796 quantum
1386 2718 1421 2773 tu
1443 2717 1502 2772 aut

178 2801 265 2866 vides
293 2811 346 2867 aut
373 2803 412 2868 ad
442 2826 492 2869 me
521 2805 744 2870 consolandum
774 2805 877 2869 affers.
935 2805 1067 2889 Tigrane
1097 2804 1180 2868 enim
1208 2804 1348 2889 neglecto
1374 2800 1501 2867 sublata

177 2905 249 2960 sunt
277 2896 392 2962 omnia.
449 2899 583 2964 Varroni
612 2921 661 2963 me
690 2897 779 2963 iubes
808 2918 902 2983 agere
930 2899 1060 2982 gratias;
1088 2897 1214 2972 inciam,
1241 2898 1314 2962 item
1341 2901 1499 2984 Hypsaeo.

179 2988 272 3065 Quod
294 2990 423 3063 suades,
445 3012 485 3055 ne
499 2991 622 3076 longius
643 2991 854 3067 discedamus,
877 2992 952 3058 dum
973 3004 1040 3056 acta
1062 2992 1176 3056 mensis
1189 2992 1261 3057 Maii
1283 2991 1322 3055 ad
1344 3011 1401 3055 nos
1425 3011 1501 3075 per·

178 3082 333 3161 ferantur,
364 3094 440 3170 puto
466 3107 517 3150 me
538 3086 580 3150 ita
602 3108 669 3152 esse
691 3087 866 3166 iacturum3
897 3087 951 3153 sed
973 3086 1044 3162 uhi,
1079 3085 1218 3151 nondum
1239 3086 1342 3151 statui.
1392 3089 1499 3169 Atque

140 3193 168 3229 ³⁰
178 3177 221 3243 ita
242 3177 425 3264 perturbato
447 3202 515 3245 sum
537 3181 642 3247 animo
664 3181 703 3247 de
726 3184 858 3259 Quinto,
893 3191 927 3246 ut
947 3181 1024 3245 nihil
1045 3200 1157 3266 queam
1178 3188 1323 3244 statuere.
1366 3176 1428 3242 Sed
1451 3188 1499 3242 ta·

178 3293 250 3338 men
275 3274 376 3339 statim
398 3282 428 3339 te
448 3274 559 3339 luciam
581 3275 759 3341 certiorem.
812 3280 842 3341 1.
864 3280 911 3341 Ex
934 3273 1136 3360 epistolarum
1159 3294 1299 3337 mearum
1320 3271 1500 3336 inconstan-

177 3366 220 3430 tia
242 3375 318 3450 puto
338 3375 369 3431 te
390 3374 503 3434 mentis
524 3391 612 3434 meae
635 3379 755 3435 motum
776 3369 900 3448 videre;
924 3369 992 3455 qui,
1016 3368 1074 3433 etsi
1095 3365 1272 3431 incredibili
1293 3375 1323 3429 et
1344 3362 1499 3448 singulari

178 3459 349 3524 calamitate
370 3463 500 3528 afflictus
521 3485 606 3537 sum,
637 3473 739 3528 tamen
761 3484 824 3528 non
845 3472 908 3528 tam
930 3472 977 3526 cst
997 3483 1037 3526 ex
1060 3460 1187 3524 miseria
1210 3481 1302 3545 quam
1324 3480 1364 3523 ex
1385 3459 1499 3544 cnlpae

179 3561 304 3616 nostrae
332 3556 550 3621 recordatione
578 3567 763 3622 commotus.
816 3557 910 3623 Cuius
932 3556 1014 3620 enim
1037 3554 1155 3619 scelere
1176 3554 1300 3639 impulsi
1323 3574 1358 3617 ac
1379 3552 1498 3638 proditi

141 3662 171 3704 ts
179 3644 292 3721 simus,
314 3651 375 3710 iam
396 3649 537 3733 prolecto
558 3650 661 3728 vides3
693 3662 786 3735 atque
807 3651 923 3715 uunam
946 3649 1007 3712 iam
1028 3659 1099 3712 ante
1120 3647 1251 3713 vidisses
1272 3668 1373 3732 neque
1395 3655 1496 3710 toturn

179 3739 315 3803 animum
337 3751 425 3805 tuum
447 3743 584 3807 maerori
605 3764 728 3808 mecum
751 3744 843 3807 simul
865 3742 1019 3806 dedisses!
1044 3745 1159 3818 Quare,
1182 3762 1253 3805 cnm
1275 3762 1325 3805 me
1347 3739 1497 3803 afflictum

180 3843 211 3897 ct
232 3832 405 3897 conlectum
435 3836 520 3900 luctu
541 3836 664 3910 audies,
699 3838 874 3901 existimato
897 3856 947 3899 me
968 3835 1115 3900 stultitiae
1142 3856 1229 3898 meae
1257 3854 1388 3920 poenam
1410 3831 1498 3897 serre

178 3927 304 4012 gravius
333 3948 426 4013 quam
453 3929 572 4000 eventi,
602 3929 687 4014 quod
717 3931 747 3994 ci
775 3929 979 4002 crediderim,
1016 3950 1110 4014 quom
1142 3950 1210 3993 essc
1243 3929 1395 3992 nefarium
1432 3948 1498 3991 non

179 4021 324 4108 putarim.
374 4026 423 4085 Me
446 4031 476 4085 et
497 4042 640 4086 nieorum
662 4023 815 4087 malorum
838 4022 990 4086 memoria
1012 4030 1043 4086 et
1064 4031 1164 4086 metus
1187 4022 1226 4085 de
1248 4022 1344 4086 l'ratre
1365 4022 1396 4084 in
1419 4021 1499 4084 scri-

143 4114 282 4180 ⁴⁰bcndo
304 4115 442 4201 impedit.
486 4121 533 4181 Tu
553 4115 611 4180 ista
634 4117 738 4182 omnia
760 4117 831 4181 vide
853 4127 884 4181 et
904 4115 1053 4202 guberna.
1101 4117 1244 4181 Terentia
1266 4114 1321 4179 tibi
1344 4113 1498 4178 maximas

248 4336 275 4387 1.
295 4344 332 4386 cst
350 4344 375 4386 et
392 4337 470 4399 pleno
488 4338 548 4388 1111.
579 4361 609 4372 -
646 4338 689 4387 10.
710 4340 811 4388 itineris
829 4338 865 4388 hl.
899 4365 927 4374 -
966 4339 1009 4387 12.
1028 4345 1077 4387 tuo
1095 4337 1181 4386 altero
1199 4336 1311 4399 epistota
1331 4333 1496 4385 Lambinus:

181 4413 227 4458 tuo
246 4409 322 4456 litera
340 4407 476 4469 epistotam
494 4407 534 4468 hl,
563 4415 610 4457 tuo
628 4409 737 4470 epistola
756 4410 793 4468 11,
824 4415 854 4458 tu
871 4409 957 4458 altero
975 4408 1083 4470 epistola
1102 4408 1137 4456 1E
1156 4412 1182 4456 ot
1199 4420 1254 4468 mg.
1273 4407 1311 4455 hl.
1337 4429 1368 4441 -
1403 4407 1499 4456 armiro
1551 4399 1559 4413 '

181 4477 255 4530 11111.
298 4476 468 4537 (Corrcctum
487 4484 527 4527 est
545 4492 575 4527 cx
594 4476 688 4542 XYE.)
715 4502 749 4514 -
792 4478 834 4528 1³.
852 4480 1001 4541 postularet
1025 4478 1099 4528 Mlti.
1146 4474 1316 4541 (Correctnm
1334 4491 1364 4526 ex
1384 4472 1434 4538 T.)
1464 4500 1496 4510 -

111 4556 113 4560 '
181 4547 224 4598 14.
243 4545 305 4611 qno]
333 4561 385 4611 quo
403 4548 434 4597 11.
463 4572 493 4582 -
530 4548 669 4598 conturber
688 4548 739 4599 hdl.
778 4547 823 4608 (Ut
842 4562 908 4607 nos,
930 4547 979 4609 li.)
1012 4574 1038 4583 -
1077 4544 1171 4612 mopis]
1189 4561 1312 4611 mopnron
1331 4548 1362 4596 11.
1384 4570 1412 4580 -
1451 4545 1497 4596 15.

180 4618 257 4667 michi
275 4618 312 4668 ld.
347 4640 373 4649 -·
412 4617 454 4666 11.
472 4618 642 4678 pbstolihsum
666 4620 714 4677 Μ,
744 4619 922 4681 Pictolybeum
950 4620 1001 4680 iil,
1030 4619 1126 4680 phetora
1153 4618 1258 4667 libertus
1283 4631 1340 4667 eum
1367 4629 1421 4678 mg.
1450 4614 1497 4676 M,

181 4688 284 4737 Phoedo
301 4687 407 4736 tibertus
425 4701 481 4736 eum
500 4689 612 4737 Codices
631 4690 732 4752 antiqui
751 4690 808 4747 Pii,
839 4690 973 4738 Phaedrus
991 4689 1097 4737 libertus
1115 4702 1171 4736 eum
1190 4696 1299 4738 auctore
1316 4689 1364 4737 Pio
1382 4687 1496 4735 Arcens.

183 4759 269 4808 tertia.
291 4782 321 4792 -
352 4757 395 4806 25.
413 4759 557 4819 impendere
575 4773 630 4808 om.
652 4761 716 4809 Rei
736 4774 774 4822 pr.
796 4760 875 4810 11-
915 4761 958 4808 31.
977 4761 1125 4807 constantio
1145 4773 1185 4819 pr.
1205 4759 1242 4810 Μ.
1262 4784 1294 4795 -
1320 4759 1365 4809 33.
1384 4762 1420 4808 est
1439 4768 1497 4805 om,

183 4830 254 4880 1.-
292 4828 335 4878 31.
355 4827 454 4877 ambria
473 4828 555 4878 11.-
592 4826 675 4891 uolet
696 4831 769 4881 1.-
806 4827 1156 4892 35.sumuslietpr.hl.
