3256 5400
188 178 251 239 614
669 177 728 239 ΕΡ.
750 178 802 238 ΑΙ)
826 176 998 239 ATTlCUlll

188 355 346 420 nunquam
378 334 544 421 poenituit;
577 343 659 398 tanta
689 341 755 397 erat
784 333 816 397 in
846 331 907 396 illis
935 332 1117 409 crudelitas,
1154 344 1235 399 tanta
1266 356 1336 399 cum
1363 335 1510 400 barbaris

187 430 331 515 gentibus
352 429 547 503 coniunctio,
584 436 703 491 utnon
730 425 911 491 nominatim
939 425 994 490 sed
1017 429 1187 511 generatim
1211 428 1399 515 proscriptio
1422 438 1509 494 esset

187 524 365 599 informata3
397 531 431 587 ut
457 527 518 586 iam
546 523 685 587 amnium
712 519 830 585 iudicio
858 519 1057 585 constitutum
1085 533 1166 586 esset
1196 524 1335 587 omnium
1364 530 1506 589 vestrum

186 617 269 683 bona
291 614 437 702 praedam
460 636 528 681 esse
549 616 633 681 illius
653 616 821 689 victoriae3
845 616 999 687 vestrum,
1021 613 1112 699 plane
1135 615 1223 680 dico:
1247 639 1404 703 nunquam
1424 619 1510 683 enim

166 712 227 778 nte
248 721 277 776 te
306 711 375 796 ipso
404 710 464 773 nisi
485 709 699 774 crudelissime
722 706 890 792 cogitatum
916 716 972 770 est.
1031 711 1136 785 Quare
1160 709 1325 775 voluntatis
1347 734 1397 777 me
1418 732 1511 777 meae

186 824 344 890 nunquam
375 801 565 888 poenitebit3
599 800 721 866 consilii
752 804 901 886 poenitet.
954 804 989 864 ln
1010 802 1128 887 oppido
1150 804 1255 890 aliquo
1277 806 1401 870 mallem
1423 827 1511 871 rese·

186 898 285 973 disse,
323 896 426 985 quoad
448 918 635 962 arcesseret.
678 895 778 960 Minus
800 893 953 959 sermonis
975 893 1158 971 subiissem:
1195 899 1297 962 minus
1319 900 1509 985 accepissem

186 991 319 1069 doloris;
352 992 454 1078 ipsum
478 992 539 1057 hoc
559 1012 610 1055 me
632 1011 695 1055 non
717 998 857 1074 angeret.
905 987 1064 1054 Brundisii
1092 991 1194 1056 iacere
1216 993 1248 1056 in
1270 1013 1378 1058 omnes
1404 1004 1510 1080 partes

186 1096 232 1151 est
253 1085 431 1152 molestum.
487 1085 620 1172 Propius
643 1082 808 1154 accedere,
830 1091 866 1146 ut
887 1081 1013 1157 suades,
1037 1106 1101 1169 quo
1124 1087 1219 1150 modo
1241 1087 1307 1151 sine
1329 1087 1509 1170 lictoribus,

153 1201 265 1267 roquos
296 1180 429 1265 populus
459 1179 561 1255 dedit,
595 1181 745 1265 pessumi
786 1175 839 1261 qui
869 1175 944 1240 mibi
973 1177 1121 1242 incolumi
1150 1181 1244 1245 adimi
1274 1202 1336 1246 non
1366 1191 1510 1267 possunt.

186 1276 277 1352 Quos
309 1295 368 1359 ego
396 1296 478 1339 nune
506 1275 677 1360 paullisper
706 1291 777 1334 cum
805 1267 924 1334 bacillis
952 1269 984 1334 in
1007 1270 1129 1336 turbam
1153 1275 1272 1339 conieci
1295 1274 1334 1340 ad
1356 1275 1510 1362 oppidum

81 1410 83 1414 ι
185 1366 350 1441 accedens,
374 1389 413 1433 ne
436 1368 504 1454 quis
526 1369 660 1453 impetus
681 1363 813 1429 militum
837 1361 935 1427 fieret.
978 1365 1140 1451 †Recipio
1164 1377 1304 1453 tempore
1328 1391 1377 1434 me
1400 1369 1508 1435 domo.

184 1465 216 1527 3.
238 1466 281 1526 Te
304 1482 386 1525 nunc
407 1460 446 1526 ad
468 1461 631 1547 oppidum:
667 1457 815 1545 quoniam
838 1455 888 1538 bis¹
907 1456 1044 1542 placeret
1066 1459 1161 1525 modo
1184 1461 1315 1548 propius
1337 1463 1509 1542 accedere,

185 1564 220 1621 ut
241 1555 299 1619 bac
320 1554 359 1619 de
388 1576 423 1619 re
454 1555 697 1620 considerarent.
743 1550 844 1618 Credo
866 1549 936 1615 lore
958 1563 1111 1618 auctores.
1156 1555 1207 1619 Sic
1229 1556 1312 1622 enim
1334 1557 1509 1643 recipiunt,

152 1647 311 1714 rsCaesari
343 1670 406 1714 non
437 1648 531 1714 modo
553 1648 592 1713 de
614 1644 825 1713 conservanda
848 1645 902 1709 sed
925 1646 1016 1710 etiam
1041 1646 1079 1711 de
1101 1648 1244 1733 augenda
1267 1671 1336 1714 mea
1358 1651 1511 1736 dignitate

185 1762 281 1808 carae
303 1742 387 1820 lore;
424 1764 537 1828 meque
559 1743 737 1813 hortantur,
774 1750 809 1804 ut
831 1760 943 1824 magno
965 1741 1069 1806 animo
1092 1747 1168 1816 sim,
1201 1754 1236 1809 ut
1258 1744 1362 1808 omnia
1387 1765 1511 1810 summa

186 1856 325 1921 sperem:
348 1857 385 1900 ea
406 1835 576 1922 spondent,
599 1835 797 1907 confirmant,
821 1853 901 1919 quae
923 1833 1050 1919 quidem
1064 1836 1141 1900 mibi
1162 1837 1374 1923 exploratiora
1392 1849 1510 1912 essent,

128 2014 133 2023 Ι
186 1929 214 1994 si
234 1929 463 1993 remansissem.
508 1929 570 1994 Sed
591 1928 702 2014 ingero
724 1928 902 2013 praeterita.
955 1927 1048 2003 Vide,
1072 1951 1206 2015 quaeso,
1229 1931 1327 2017 igitur
1349 1954 1400 2007 ea,
1424 1952 1510 2018 quae

185 2032 318 2097 restant,
355 2031 387 2086 et
408 2023 537 2108 explora
560 2045 631 2088 cum
652 2022 737 2099 istis;
773 2029 806 2090 et
829 2020 854 2084 si
876 2020 999 2105 putabis
1021 2042 1101 2107 opus
1123 2045 1191 2088 esse
1215 2034 1245 2089 et
1267 2026 1294 2090 si
1316 2026 1382 2090 istis
1405 2025 1509 2110 place·

147 2135 176 2177 aa
185 2115 246 2191 bit,
269 2137 332 2203 quo
354 2117 452 2201 magis
473 2116 589 2183 laetum
613 2127 756 2182 nostrum
778 2118 891 2181 Cacsar
912 2115 1025 2200 probet
1047 2119 1135 2202 quasi
1155 2119 1193 2182 dc
1208 2140 1337 2184 suorum
1354 2118 1509 2182 sententia

185 2210 317 2283 lactum,
347 2209 552 2276 adhibeantur
573 2209 764 2292 Trebonius,
795 2212 907 2283 Pansa,
931 2210 1032 2296 siqui
1055 2210 1126 2288 alii;
1150 2212 1348 2297 scribamque
1371 2210 1409 2275 ad
1431 2215 1510 2276 Cae-

185 2325 287 2369 sarem
310 2325 378 2378 me,
401 2304 553 2391 quidquid
575 2303 721 2376 lecerim,
745 2300 784 2367 de
808 2323 864 2367 sua
886 2304 1039 2368 sententia
1061 2304 1181 2370 iecisse.
1225 2311 1255 2371 d.
1277 2306 1395 2370 Tulliae
1417 2326 1510 2369 meae

185 2397 315 2463 morbus
338 2407 369 2462 et
389 2398 585 2464 imbecillitas
607 2396 751 2483 corporis
773 2417 824 2460 me
846 2397 1016 2472 exanimat,
1040 2420 1132 2484 quam
1149 2398 1205 2463 tibi
1222 2399 1360 2484 intelligo
1376 2420 1508 2484 magnae

185 2513 280 2558 curae
302 2513 385 2571 esse;
418 2492 504 2579 quod
526 2503 572 2558 est
593 2493 669 2558 mibi
691 2490 911 2577 gratissimum.
959 2495 989 2555 5.
1011 2496 1057 2556 De
1080 2492 1220 2578 Pompeii
1243 2497 1329 2557 exilu
1351 2492 1427 2556 mibi
1449 2492 1510 2557 du·

150 2585 274 2651 abtum
295 2606 453 2672 nunquam
474 2586 543 2652 luit.
591 2592 687 2651 Tanta
709 2584 792 2649 enim
815 2583 992 2669 desperatio
1014 2606 1120 2651 rerum
1142 2587 1210 2650 eius
1232 2586 1372 2651 omnium
1395 2605 1509 2669 regum

186 2689 217 2745 et
238 2680 427 2765 populorum
452 2681 573 2745 animos
594 2688 773 2764 occuparat,
809 2687 858 2750 ut,
893 2699 1080 2765 quocunque
1106 2685 1255 2752 venisset,
1281 2680 1340 2743 boc
1361 2689 1506 2762 putarem

185 2771 336 2837 luterum.
380 2779 446 2839 Non
468 2795 597 2858 possum
619 2773 687 2838 eius
709 2793 814 2836 casum
836 2793 898 2835 non
921 2771 1045 2849 dolere;
1068 2774 1227 2838 bominem
1250 2774 1331 2838 enim
1348 2773 1507 2857 integrum

187 2875 219 2930 et
246 2875 362 2930 castum
396 2877 427 2931 et
453 2889 579 2953 gravem
613 2865 756 2952 cognovi.
806 2869 835 2928 6.
864 2869 910 2929 De
931 2869 1049 2931 Fannio
1072 2867 1217 2932 consoler
1240 2874 1292 2931 tal
1327 2866 1507 2930 Perniciosa

186 2959 375 3047 loquebatur
403 2960 442 3025 de
471 2962 632 3026 mansione
662 2971 724 3025 tua.
767 2962 801 3022 L.
829 2979 906 3023 vcro
935 2960 1084 3025 Lentulus
1113 2962 1273 3026 Hortensii
1296 2960 1422 3025 domum
1445 2958 1507 3023 sibi

153 3063 218 3118 stet
240 3055 379 3121 Caesaris
400 3053 510 3121 bortos
532 3064 563 3119 et
583 3055 673 3120 Baias
695 3050 913 3138 desponderat.
958 3055 1093 3119 Omnino
1116 3054 1192 3119 baec
1214 3056 1325 3120 eodem
1348 3053 1442 3118 modo
1467 3075 1507 3116 ex

187 3148 244 3213 bac
270 3158 358 3234 parte
385 3148 479 3227 liunt;
510 3149 571 3213 nisi
604 3148 688 3235 quod
722 3146 797 3212 illud
828 3154 895 3209 erat
928 3146 1090 3212 inlinitum.
1135 3151 1250 3214 Omnes
1272 3148 1368 3221 enim,
1398 3148 1508 3233 quiin

186 3242 273 3307 ltalia
301 3251 490 3316 manserant,
528 3242 663 3307 bostium
692 3261 825 3306 numero
857 3238 1061 3306 habebantur.
1120 3242 1180 3306 Sed
1212 3242 1305 3306 velim
1342 3241 1418 3306 baec
1451 3240 1509 3304 ali-

186 3334 312 3418 quando
334 3335 485 3402 solutiore
508 3336 623 3401 animo.
667 3339 696 3398 7.
720 3333 871 3412 Quintum
894 3333 1024 3398 fratrem
1045 3335 1139 3398 audio
1155 3335 1328 3421 proiectum
1346 3336 1376 3399 in
1392 3339 1507 3404 Asiam,

187 3437 221 3492 at
241 3427 474 3514 deprecaretur.
531 3434 577 3494 De
599 3427 662 3493 lilio
685 3427 759 3491 nibil
782 3426 920 3491 audivi.¹
953 3427 1014 3492 Sed
1036 3449 1152 3513 quaere
1175 3450 1215 3493 ex
1237 3429 1406 3501 Diochare,
1432 3433 1509 3494 Cae-

257 3610 283 3660 5.
303 3605 350 3672 est]
369 3612 393 3658 si
411 3611 456 3670 M,
475 3613 544 3660 sensi
564 3611 596 3659 Rl
616 3617 642 3659 et
660 3624 715 3673 mg.
735 3611 772 3659 Μ.
794 3634 825 3645 -
861 3623 901 3658 me
918 3606 1000 3670 meae]
1018 3621 1090 3658 meae
1109 3612 1150 3671 n,
1167 3625 1239 3660 neeae
1256 3624 1295 3659 me
1315 3611 1336 3659 1.
1358 3635 1384 3645 -
1416 3609 1443 3658 7.
1464 3622 1510 3657 ae·

188 3680 394 3730 cersererllltl.
415 3704 446 3716 -
484 3682 526 3730 11.
545 3678 791 3743 minclnonbllll.
830 3679 962 3730 (Correxit
980 3679 1160 3736 Tuastallus.)
1188 3707 1214 3717 -
1255 3682 1296 3730 ta.
1315 3679 1510 3739 decipio-u

187 3749 388 3799 considerarent
404 3750 451 3801 tt:
481 3750 598 3812 lieaipio¹
616 3757 729 3810 tempore
753 3763 794 3798 me
819 3749 906 3799 domo.
946 3748 979 3796 Te
998 3764 1068 3797 nono
1086 3750 1122 3797 ad
1141 3751 1267 3811 oppidum
1285 3756 1308 3799 et
1327 3751 1455 3812 qnoniam
1472 3750 1509 3796 iis

187 3843 198 3854 ·
214 3841 224 3853 -
243 3819 438 3868 considerarem
455 3820 494 3876 ll,
513 3820 620 3881 Recipio
638 3835 677 3869 me
697 3829 810 3880 tempore
829 3820 926 3866 domo:
956 3825 981 3866 te
998 3832 1069 3867 nanc
1087 3820 1123 3868 ad
1148 3820 1293 3880 oppidum:
1319 3821 1448 3882 quoniam
1465 3819 1508 3866 liis

187 3912 198 3925 ·
214 3889 443 3939 -considerarent
463 3891 489 3949 l,
519 3890 630 3951 Reliqua
649 3895 762 3951 tempore
778 3903 818 3938 me
837 3889 923 3937 dama.
965 3887 997 3937 Te
1016 3902 1088 3938 nanc
1107 3888 1144 3937 ad
1163 3890 1278 3951 Oppiam
1298 3898 1323 3940 et
1340 3890 1507 3938 Antonium:

186 3959 221 4008 iis
238 3985 249 3995 ·
266 3982 277 3994 ·
294 3959 490 4008 considerarem
517 3973 547 4009 er
577 3967 650 4022 parte
675 3974 736 4009 cum
762 3960 816 4009 lac.
842 3959 978 4008 Gronorio
1011 3957 1040 4007 li.
1078 3959 1256 4015 (Prodente,
1277 3959 1428 4015 dromoX;
1454 3958 1509 4019 Op·

183 4029 261 4091 piam
284 4041 339 4090 mg.
371 4028 520 4079 Cratandri.
560 4030 647 4079 «Nihil
674 4031 717 4079 bic
743 4043 785 4078 me
811 4031 936 4079 iuverant
961 4027 1055 4077 Scidae
1081 4028 1141 4090 (Υ),
1174 4031 1317 4092 inquibus
1350 4043 1403 4077 non
1426 4030 1508 4077 modo

187 4100 303 4149 maxima
321 4111 383 4161 pere
401 4100 480 4148 buius
501 4099 635 4162 Epistolaa
657 4101 751 4149 deerat
774 4101 819 4149 sed
845 4100 925 4148 etiam
947 4103 1000 4147 tres
1020 4101 1139 4160 proxime
1158 4101 1374 4149 antecedentes.»
1398 4100 1506 4148 Bassus·

188 4169 324 4219 Sententia
342 4170 410 4219 haec
429 4170 485 4218 lere
504 4171 664 4232 requiritur:
683 4170 817 4231 decipiam
835 4166 967 4230 (lictores)
986 4175 1099 4228 tenpore
1119 4183 1184 4219 meo.
1222 4170 1297 4231 Rapa
1319 4176 1360 4227 te,
1381 4184 1451 4216 necne
1470 4169 1509 4216 ad

190 4239 320 4301 Oppiam,
349 4239 506 4290 Corneliam.
557 4241 592 4288 lis
606 4235 723 4300 pinderet
740 4240 820 4288 modo
834 4240 948 4300 propias
966 4238 1107 4295 accedere,
1139 4246 1169 4287 nt
1193 4241 1241 4289 liae
1261 4241 1292 4289 de
1308 4253 1337 4288 re
1355 4239 1509 4287 considera·

187 4315 256 4359 rent.
276 4307 339 4374 On.)
367 4334 398 4344 -
436 4310 477 4358 tt.
500 4309 565 4358 Cedo
584 4310 634 4359 llll.
679 4337 697 4346 -
735 4317 857 4358 auctores
874 4309 921 4370 (ste
945 4309 1015 4358 enim
1032 4310 1174 4371 recipiant)
1193 4309 1301 4359 Caesari
1317 4335 1328 4344 -
1345 4333 1355 4344 ·
1374 4309 1509 4371 diqm'tate

188 4393 268 4430 carae
285 4378 341 4442 [ore
359 4379 498 4441 distinguit
516 4394 577 4430 cum
598 4381 618 4428 l.
639 4380 774 4430 Gronovio
793 4381 832 4434 lt.
855 4385 963 4442 propter
982 4380 1052 4441 qood
1073 4381 1168 4429 eodem
1188 4387 1297 4430 auctore
1315 4381 1441 4442 expunxit
1462 4393 1507 4426 vs.

188 4462 270 4499 carae
286 4449 342 4512 [ore
360 4450 526 4500 Schuetzlus.
549 4477 577 4486 -
616 4451 658 4500 17.
683 4451 842 4514 confirmant
861 4454 969 4511 quaeat
988 4449 1093 4510 quidem
1113 4451 1156 4511 M,
1178 4451 1386 4514 confirmansque
1405 4455 1428 4498 et
1448 4450 1510 4510 qai·

188 4519 246 4569 dem
274 4521 303 4572 R.
340 4519 456 4582 (quidem
480 4535 535 4570 om.
565 4515 598 4579 l.)
633 4544 660 4554 -
708 4520 750 4569 18.
776 4522 871 4582 ingero
899 4523 1055 4580 corruptum
1086 4520 1201 4569 videtur.
1250 4522 1322 4570 Fert.
1351 4521 1397 4568 bai
1423 4532 1508 4580 parqo

188 4589 298 4648 (trustra
324 4596 486 4642 memoraret
513 4593 670 4652 praeterita.
699 4590 748 4640 On.
778 4615 812 4624 -·
849 4590 1196 4641 temereternere.
1219 4613 1249 4625 —-
1286 4590 1509 4640 annotatorem

188 4675 228 4722 pr.
248 4661 293 4720 lll,
323 4661 481 4712 adhibeatur
498 4674 568 4709 corr.
588 4660 624 4711 M.
647 4660 689 4697 -‘
714 4660 846 4710 Pansaet
865 4660 930 4709 sil.
954 4683 981 4693 -
1019 4661 1140 4709 scribant
1160 4673 1242 4721 qaam
1260 4661 1296 4708 ad
1314 4675 1352 4723 pr.
1373 4659 1420 4715 bl,
1442 4663 1511 4706 scre

187 4729 301 4792 baiatqae
317 4744 399 4793 qaam
417 4731 453 4780 ad
471 4744 540 4779 carr.
561 4730 596 4778 bl.
628 4754 659 4766 -
696 4730 739 4781 32.
759 4735 942 4780 remanserant
965 4729 988 4778 l.
1022 4757 1051 4768 -
1089 4730 1131 4780 33.
1154 4732 1283 4792 Quintam
1299 4754 1309 4763 ·
1327 4755 1338 4765 ·
1355 4755 1365 4764 ·
1384 4732 1508 4791 depreco-

186 4805 260 4850 retnr
277 4815 330 4850 nm.
352 4802 373 4850 1.
400 4828 430 4837 -
468 4801 511 4853 dd.
532 4800 650 4849 Dioearo
668 4802 690 4850 1.
