3256 5400
144 222 166 272 L
264 220 268 232 .

145 401 188 418 -·
208 390 246 441 se
260 372 343 464 putd
356 374 410 440 tue
432 370 464 438 d.
478 370 518 437 Β.
531 368 592 439 sed
613 389 648 437 v.
664 369 747 462 prid
767 369 823 436 iln
842 367 1132 437 surbterdoctaoe·
1152 357 1253 450 nino]
1274 394 1317 413 -
1337 363 1473 434 lculcli.

145 506 187 522 -
208 474 276 544 duc
297 475 431 543 AC.-
452 464 603 555 vadunt]
625 504 667 520 -
687 475 824 542 crodunt
838 464 934 556 (sic)
952 473 991 539 Β
1011 503 1053 517 -
1073 474 1235 539 verterint
1254 469 1358 537 Β
1380 461 1416 551 S.
1434 465 1472 536 Β

144 567 444 660 morabamur]-
476 578 693 646 mirabamur
713 576 768 663 B
801 575 861 643 sed
885 580 1071 644 correctum
1092 593 1112 642 a
1134 594 1185 660 pr.
1201 592 1373 641 manu.-
1406 590 1473 659 qua

51 680 55 684 ’
144 673 307 765 maxime]
328 711 370 727 ··
391 699 495 773 putum
512 701 557 748 m.
573 681 680 748 Alii).
701 720 741 732 -
763 670 1014 763 desudatum]
1035 710 1078 726 -··
1100 674 1327 742 arausicum
1347 674 1473 744 BD.-

145 781 369 850 ἀιακαύτικον
390 776 487 866 [sie]
508 780 581 854 AC.
599 789 739 872 uterquc
759 803 831 852 eum
845 785 996 874 glossae
1013 803 1062 870 pr.
1077 804 1118 850 m.
1135 782 1283 850 «veum»
1306 813 1349 827 -
1370 780 1474 848 iicto-

143 881 259 970 rlbus]
280 919 322 935 ·-
345 890 403 955 titt
404 888 520 955 oribus
542 889 583 955 Β
603 919 645 934 -
667 878 936 970 cunctationem]
961 918 1000 934 ·-
1024 885 1323 956 mcrutotimuemC.
1344 880 1473 957 ntutoe’

143 1013 216 1063 cum
246 995 302 1060 lin.
329 993 441 1059 Β.-
473 997 729 1061 coriteutlouem
749 992 789 1059 Β
817 1017 856 1032 -·
890 992 1059 1080 multaque
1080 992 1114 1057 ln
1136 1009 1187 1058 me
1208 993 1244 1057 et
1264 978 1409 1070 severe]
1430 1019 1472 1035 -

141 1097 320 1188 meritoque
340 1095 427 1162 mua
448 1115 522 1163 esse
540 1115 622 1163 uere
642 1093 808 1168 Aci).-
768 1095 1044 1186 -muttoruque
1067 1092 1155 1162 mitit
1174 1112 1249 1163 eece
1270 1111 1353 1161 uere
1374 1093 1413 1168 Β
1431 1127 1475 1145 -··

142 1191 333 1280 conviviis]
348 1238 390 1249 -
406 1203 569 1266 concutitis
585 1199 722 1265 ΑΒ.-
681 1203 894 1266 -comitiie
916 1194 1012 1268 C.-
1035 1202 1130 1266 cives
1150 1186 1275 1278 simus]
1295 1225 1337 1241 -
1359 1217 1389 1264 c.
1408 1217 1474 1265 ccc·

142 1324 219 1372 mus
239 1300 277 1372 C.
297 1336 340 1351 —-
361 1292 661 1388 improborum]-
687 1304 842 1368 omittunt
856 1301 992 1368 ΒΒ.-
1013 1291 1212 1383 ltalineJ-
1174 1301 1368 1391 -ptniiae
1383 1301 1424 1367 Β.
1432 1327 1469 1344 -·

142 1397 301 1490 Lucceli]
324 1406 368 1473 A.
389 1435 430 1451 —
465 1405 594 1474 Luccei
616 1406 657 1471 Β.
679 1431 720 1444 -
753 1404 865 1472 Lucci
887 1404 958 1472 ΒΒ.
979 1437 1020 1449 -
1052 1423 1093 1474 uc
1115 1394 1475 1492 Theophani]oc
1358 1435 1400 1450 -

143 1510 304 1597 theofani
326 1510 368 1577 A.
390 1538 431 1551 -
454 1515 490 1579 et
512 1508 561 1579 tit.
578 1510 618 1575 Β.
641 1549 682 1560 -
702 1499 963 1596 persequamur]
982 1506 1087 1578 Aci).
1109 1538 1150 1551 -
1169 1527 1421 1598 prosequamur
1435 1507 1475 1574 Β.

144 1645 184 1660 -
200 1607 236 1698 S.
246 1613 281 1680 4.
297 1604 462 1697 honeste]
476 1642 518 1658 -
532 1612 651 1682 hoerle
666 1631 738 1680 cum
754 1613 811 1678 lin.
826 1613 902 1681 Au.
914 1643 957 1659 -
972 1610 1071 1680 toste
1087 1613 1128 1679 Β.
1143 1642 1183 1658 -
1199 1614 1233 1679 et
1248 1600 1388 1694 eodem]
1402 1611 1476 1678 ΒΒ.

142 1749 185 1763 -
206 1722 246 1784 iu
267 1718 387 1784 eodem
407 1716 480 1785 AC.
504 1757 544 1770 -
565 1717 711 1783 Faustus
732 1720 969 1802 proquaestor:
992 1705 1080 1807 ego]
1097 1714 1241 1803 faustus
1254 1735 1319 1803 pro
1334 1735 1399 1806 quo
1412 1733 1482 1804 epo.

142 1820 217 1890 ΒΒ.
239 1850 279 1864 -
300 1818 444 1907 [amitte
464 1815 602 1910 propeq’
624 1839 685 1906 epo
708 1816 781 1888 Ac.
801 1846 843 1860 -
865 1809 1050 1901 utrumvis]
1071 1858 1112 1876 -
1135 1821 1284 1904 utmrnu’
1306 1823 1360 1888 ris
1380 1818 1476 1886 Β.-

143 1915 307 2007 accedet]
330 1953 371 1967 -
393 1927 582 1991 occesserit
595 1919 731 1991 ABCD.
753 1953 792 1968 -
815 1912 1002 2005 irascetur]
1018 1918 1118 1992 But).
1139 1948 1180 1962 -
1202 1926 1417 1990 irasceretur
1433 1922 1476 1989 A.

146 2060 185 2075 -·
208 2032 349 2096 maneat.
394 2027 553 2097 naui-as
573 2015 661 2107 hoe]
684 2049 725 2067 ···
755 2033 902 2095 marmot
918 2028 1087 2095 dabimus.
1130 2025 1208 2094 Hoc
1229 2026 1271 2092 B.
1294 2056 1334 2072 -
1357 2044 1477 2112 ceusu,

145 2151 230 2220 quae
252 2135 330 2201 sein
351 2120 487 2214 timide]
509 2158 551 2171 -
573 2148 682 2198 caroso
697 2150 785 2222 quoe
805 2131 927 2199 timide
949 2136 1031 2199 acto
1052 2130 1093 2197 Β.
1114 2159 1157 2172 -
1178 2149 1221 2196 oo
1243 2121 1339 2212 (cum
1361 2119 1478 2214 lln.)q

144 2227 242 2318 (cnm
256 2226 335 2317 lin.)
357 2235 438 2302 uide
456 2238 579 2302 actutu
596 2233 637 2299 Β.
655 2264 696 2278 -
718 2231 801 2324 Uni,
823 2223 904 2317 unl]
919 2265 960 2279 —
982 2236 1137 2301 omittunt
1158 2234 1299 2300 alterum
1319 2238 1383 2301 uui
1404 2233 1480 2299 ΒΒ.

144 2368 186 2382 -
208 2327 370 2425 Epirum]
398 2365 439 2377 -
468 2342 622 2426 epirrum
643 2336 684 2403 Β.
704 2375 747 2388 -
775 2356 922 2427 epyrum
942 2337 986 2406 A.
1007 2367 1049 2382 -
1078 2341 1166 2407 seire
1187 2356 1269 2404 enne
1290 2327 1413 2420 velim]
1436 2362 1477 2378 -·

144 2447 235 2512 scire
253 2460 340 2512 carte
357 2441 475 2508 mettim
491 2428 648 2520 (sicil).
667 2470 708 2484 -
729 2458 817 2507 curte
831 2446 921 2509 seire
934 2441 1096 2509 oeiimli.
1112 2473 1154 2485 -
1175 2439 1263 2529 Sed,
1284 2445 1322 2507 ut
1339 2440 1478 2528 praedi-

144 2547 271 2633 ximus,
303 2546 337 2611 ln
369 2543 422 2610 iris
448 2541 530 2609 nihil
558 2543 630 2610 iere
659 2543 764 2629 inest,
796 2542 885 2628 quod
912 2563 980 2610 non
1003 2565 1023 2610 e
1044 2545 1191 2613 Medicel
1214 2547 1319 2632 lpslus
1341 2547 1479 2632 eiusque

145 2649 307 2739 marginis
329 2646 528 2714 lectionibus
550 2647 711 2731 expllenri
733 2649 840 2732 possit
869 2651 1006 2733 praeter
1026 2649 1121 2715 leves
1142 2651 1268 2738 aliquot
1289 2650 1479 2769 uocalrulo-

145 2774 217 2821 rum
240 2753 473 2836 traiectiones,
496 2750 617 2815 timide
640 2754 742 2836 octo,
763 2768 850 2816 carte
873 2755 963 2818 scire
985 2755 1049 2819 cet.

229 2856 404 2940 Excerptu
419 2853 578 2923 nonnulle
594 2851 727 2920 Codicis
743 2853 817 2917 oiim
834 2846 1173 2944 comburgensis*),
1194 2875 1282 2924 nune
1297 2853 1478 2948 Stuiigur-

148 2960 282 3051 densis,
315 2958 526 3025 Wormatlae
558 2974 647 3055 anno
670 2953 920 3023 M.cccc.111.
942 2961 1071 3024 exarntl
1094 2958 1186 3026 dedit
1213 2960 1251 3026 F.
1271 2961 1312 3027 Β.
1334 2960 1480 3029 Graeier

147 3066 181 3128 ln
211 3061 385 3131 Ciceronis
413 3061 499 3146 Epp.
519 3077 541 3126 a
561 3058 756 3125 Wielandio
778 3063 813 3125 in
835 3061 1066 3130 Germanicum
1088 3083 1271 3132 sermonem
1294 3067 1479 3149 conversis,

145 3166 223 3234 Vol.
241 3166 300 3232 Vl.
315 3170 348 3232 et
370 3164 448 3233 vll.
470 3160 541 3232 Cir.
556 3157 717 3230 seenoue
738 3161 870 3229 Arcdio
887 3164 916 3230 Ι.
942 3185 972 3252 p.
990 3161 1083 3234 683.

231 3268 394 3360 Magnam
418 3266 656 3333 dubitationem
679 3267 848 3333 nonnullis
863 3270 1048 3337 iniecerunt
1064 3290 1121 3360 ea,
1144 3292 1230 3359 quae
1251 3274 1299 3340 Io.
1314 3275 1486 3366 ilci-vagii

147 3376 278 3442 nomine
301 3373 512 3461 praescripto
533 3371 693 3461 leguntur
714 3372 748 3438 in
770 3370 832 3437 Ed.
846 3371 1086 3463 Hervnglanae
1108 3378 1247 3444 alterius
1268 3381 1343 3446 slve
1357 3376 1480 3448 Came-

146 3481 301 3546 rarienae
329 3476 404 3542 Vol.
432 3474 497 3543 ΙΙΙ.
531 3463 591 3557 (ut
624 3477 677 3540 est
706 3492 799 3541 certe
827 3477 860 3541 in
888 3480 1071 3564 exemplari
1103 3479 1334 3550 Bibliothecae
1366 3484 1480 3570 putit-

148 3601 209 3650 cae
231 3567 446 3661 Turicensls)
480 3581 557 3664 post
578 3576 719 3646 Victorii
744 3571 1004 3668 Gnetlpotiouee
1026 3603 1105 3674 pug.
1132 3582 1220 3654 126.
1242 3594 1322 3656 unte
1351 3585 1488 3656 Variac-

149 3685 355 3754 Lectiones:

445 3780 653 3854 ionliNES
676 3783 952 3857 HERVAGIUS
974 3789 1186 3862 LECTORI.

238 3908 462 3981 «Desudatum
485 3911 537 3974 est
559 3926 580 3974 a
600 3908 684 3972 uiris
704 3909 831 3995 aliquot
852 3910 991 3978 eruditis
1012 3913 1210 4003 dicendique
1232 3918 1395 3988 laeuilntc
1412 3939 1480 3988 non

153 4017 343 4108 vulgariter
370 4015 560 4100 instructis,
592 4013 627 4076 in
654 4011 705 4079 M.
723 4012 832 4079 Tullio
859 4016 1022 4084 Cicerone
1051 4019 1163 4086 Latini
1185 4023 1307 4110 eloquii
1329 4026 1481 4112 principe

154 4120 255 4206 atque
278 4121 418 4205 parente
439 4115 654 4183 emuculando
675 4118 965 4206 restituendoqae:
991 4124 1113 4209 quippe
1136 4130 1420 4214 operaepretium
1442 4148 1482 4196 se

154 4225 306 4291 facturos
327 4222 618 4308 existimaverunt,
654 4222 683 4286 sl
712 4239 784 4288 cum
808 4223 954 4312 linguam
977 4229 1116 4293 omnium
1140 4230 1212 4296 lere
1234 4230 1481 4317 disciplinarum

154 4329 390 4414 interpretem,
423 4329 489 4390 ium
511 4323 746 4390 humanitatem
776 4317 887 4408 (unde
910 4330 1006 4395 etlam
1029 4334 1165 4416 politior
1186 4334 1269 4403 haec
1291 4336 1489 4403 litteruturu

155 4449 277 4500 nomen
299 4432 419 4496 sortite
440 4418 532 4511 est),
564 4445 648 4514 quae
676 4431 710 4493 ln
730 4429 851 4497 Murco
874 4431 982 4497 'l'ulllo
1005 4436 1070 4499 vim
1092 4455 1183 4503 sunm
1206 4458 1331 4505 omnem
1354 4453 1492 4526 prope-·

156 4535 285 4604 modum
304 4534 450 4621 exeruit,
473 4531 715 4598 studiosissime
736 4535 931 4601 excolerent
950 4555 991 4604 ac
1013 4539 1171 4607 latissime
1187 4544 1285 4609 etism
1307 4562 1483 4634 propage-

157 4646 243 4709 rent.
286 4637 327 4705 ld
347 4638 453 4723 ipsum
475 4655 548 4704 cum
569 4636 652 4703 nulli
672 4656 740 4703 non
762 4638 923 4721 iecerint,
946 4641 1032 4728 quod
1054 4647 1157 4711 cerlis
1177 4650 1383 4735 argumentis
1400 4649 1489 4716 licet

230 4843 254 4914 'l
269 4845 349 4900 Untcr
358 4842 571 4897 mummium
579 4841 787 4907 Hondscltrittm
796 4843 841 4897 der
850 4843 1007 4913 cimoliam
1015 4845 1170 4916 decurritis
1179 4850 1320 4919 centurn.
1335 4851 1480 4909 duran.
