3256 5400
182 221 244 284 322
636 219 693 280 EP.
716 219 768 280 Al)
791 219 829 292 Q.
852 217 1036 280 suarm

182 377 282 441 nostri
308 373 473 439 necessarii
500 372 656 438 honorem
686 373 783 439 minui
811 393 869 457 per
896 380 928 437 te
956 381 1010 437 aut
1035 368 1179 458 impediri
1201 371 1289 438 velis.
1331 376 1499 438 Praeterea

183 469 296 553 Aesopi
326 465 521 552 [tragoedi],
549 467 646 533 nostri
675 466 852 540 familiaris,
876 466 1015 532 Licinius
1043 487 1169 541 servus,
1198 465 1256 533 tihi
1276 476 1386 543 notus,
1409 468 1500 533 aulu-

183 564 237 648 git
293 567 322 626 ls
348 561 475 626 Athenis
511 560 592 647 apud
621 565 785 625 Patronem
813 560 1002 646 Epicureum
1030 580 1090 645 pro
1118 558 1218 625 lihero
1245 557 1316 624 luit.
1369 559 1446 625 lnde
1466 561 1499 626 in

182 655 285 720 Asiam
312 654 407 719 venit
455 659 567 720 Postea
587 653 674 718 Plato
701 653 825 739 quidam
856 652 1038 725 Sardianus,
1066 652 1255 737 Epicureus,
1287 653 1342 738 qui
1370 653 1498 720 Athenis

158 749 261 813 ssolet
281 767 349 813 esse
370 746 501 812 multum
524 755 556 812 et
576 746 630 832 qui
652 755 718 811 tum
739 746 865 811 Athenis
887 746 1009 818 luerat,
1032 766 1103 813 cum
1124 745 1261 811 Licinius
1281 766 1322 811 eo
1344 747 1497 822 venhset,

181 862 253 906 cum
283 861 357 905 eum
385 839 551 925 fugitivum
572 861 641 904 esse
662 848 769 925 postea
791 861 830 905 ex
853 839 966 925 Aesopi
988 839 1099 905 litteris
1120 849 1303 924 cognosset,
1336 841 1497 907 hominem

181 932 416 1018 comprehendit
445 943 476 998 et
502 933 535 998 in
564 933 736 998 custodiam
768 933 882 1018 Ephesi
913 932 1054 1008 tradidit;
1080 932 1136 996 sed
1165 933 1195 996 in
1221 933 1377 1019 publicam
1403 956 1444 1000 an
1465 936 1497 1001 in

182 1121 291 1195 modo,
320 1120 467 1207 quoniam
490 1120 603 1206 Ephesi
625 1128 690 1194 est,
712 1118 870 1184 hominem
892 1119 1059 1203 investiges
1080 1119 1195 1194 velim,
1223 1141 1406 1208 summaque
1427 1121 1497 1187 dili·

146 1216 284 1301 mgentia
311 1214 361 1280 vel
391 1224 492 1279 tecum
515 1213 661 1279 deducas.
702 1212 772 1277 Noli
793 1221 947 1298 spectare,
976 1213 1082 1299 quanti
1104 1212 1198 1279 homo
1220 1215 1273 1293 sit;
1302 1217 1392 1301 parvi
1412 1217 1495 1281 enim

180 1309 274 1395 pretii
305 1318 368 1380 est,
404 1307 458 1393 qui
491 1308 553 1371 iam
584 1307 660 1371 nihil
687 1305 741 1370 sit:
778 1304 833 1370 sed
866 1314 952 1371 tanto
983 1306 1094 1372 dolore
1122 1312 1263 1393 Aesopus
1291 1319 1339 1373 est
1367 1309 1496 1376 allectus

179 1411 310 1488 propter
330 1400 414 1465 servi
435 1401 535 1465 scelus
557 1409 589 1465 et
609 1399 784 1474 audaciam,
806 1407 841 1463 ut
861 1399 938 1464 nihil
959 1400 989 1464 ei
1007 1400 1125 1485 gratius
1145 1400 1249 1465 facere
1263 1402 1379 1487 possis,
1402 1423 1495 1490 mam

181 1495 207 1559 si
228 1493 316 1559 illum
338 1515 396 1578 per
417 1502 447 1559 te
468 1494 660 1579 reciperarit.

264 1593 301 1653 V.
332 1591 381 1651 15.
409 1592 496 1652 Nunc
522 1608 559 1651 ea
585 1607 755 1672 cognosce,
777 1607 857 1673 quae
883 1586 1020 1652 maxime
1041 1596 1181 1673 exoptas.
1233 1592 1309 1652 llem
1337 1587 1494 1674 publicam

146 1679 318 1745 nsuuditus
347 1680 521 1759 amisimus3
550 1680 630 1745 adeo
651 1692 686 1745 ut
706 1684 798 1754 Cato,
820 1679 1000 1746 adolescens
1021 1681 1135 1746 nullius
1156 1681 1292 1754 consilii,
1315 1680 1370 1747 sed
1392 1692 1494 1746 tamen

180 1774 256 1839 civis
284 1779 440 1839 Romanus
468 1783 499 1838 et
527 1777 617 1848 Cato,
649 1774 704 1839 vix
730 1773 819 1839 virus
841 1773 1008 1859 effugeret,
1041 1773 1141 1860 quod,
1174 1794 1245 1838 cum
1267 1773 1436 1840 Gabinium
1456 1775 1495 1840 de

180 1867 297 1932 ambitu
325 1867 419 1931 vellet
443 1869 618 1954 postulare,
646 1888 748 1953 neque
777 1876 938 1953 praetores
967 1866 1077 1933 diebus
1106 1867 1226 1954 aliquot
1255 1868 1336 1932 adiri
1368 1875 1496 1953 possent

181 1961 229 2027 vel
259 1970 442 2047 potestatem
470 1961 519 2025 sui
540 1961 693 2034 lacerent,
723 1961 756 2025 in
776 1961 953 2025 contionem
980 1961 1117 2026 escendit
1137 1972 1168 2027 et
1189 1963 1372 2047 Pompeium
1403 1959 1497 2046 „pri-

182 2063 283 2118 vatum
315 2054 522 2119 dictatorem''
548 2054 723 2140 appellavit.
778 2058 910 2139 Pnopius
938 2054 1015 2120 nihil
1040 2067 1087 2120 est
1112 2054 1242 2130 factum,
1271 2076 1365 2142 quam
1387 2063 1423 2119 ut
1443 2074 1496 2118 oo·

140 2148 346 2213 redderetur.
403 2153 450 2213 Ex
477 2147 556 2222 hoc,
589 2148 643 2234 qui
670 2147 710 2212 sit
737 2156 834 2212 status
862 2148 956 2213 totius
983 2149 1031 2213 rei
1059 2147 1222 2235 publicae,
1258 2149 1367 2213 videre
1394 2155 1494 2233 potes

182 2247 230 2306 16.
258 2247 388 2307 Nostrae
417 2252 519 2306 tamen
548 2263 659 2306 causae
686 2261 750 2305 non
775 2240 920 2306 videntur
948 2241 1088 2307 homines
1115 2241 1263 2308 defuturi.
1319 2239 1494 2307 Mirandum

179 2335 211 2399 in
233 2335 359 2399 modum
382 2334 584 2422 profitentur,
614 2334 751 2400 offerunt
771 2355 822 2409 se,
844 2334 1038 2421 pollicentur.
1081 2336 1233 2421 Equidem
1255 2356 1325 2400 cum
1348 2355 1403 2420 spe
1424 2355 1494 2398 sum

179 2429 331 2502 maxima,
360 2439 425 2493 tum
447 2429 568 2494 maiore
589 2433 682 2494 etiam
704 2432 825 2501 animo,
857 2427 991 2514 [spero]
1014 2430 1193 2515 superiores
1214 2430 1283 2494 lore
1303 2451 1379 2503 nos,
1403 2427 1493 2512 [con-

181 2521 243 2586 lido
265 2519 390 2605 animo]
421 2523 508 2587 utin
529 2522 644 2587 hacre
665 2520 789 2608 publica
812 2542 851 2586 ne
873 2543 977 2587 casum
1000 2522 1125 2609 quidem
1147 2523 1243 2588 ullum
1267 2523 1493 2608 pertimescam.

142 2636 170 2674 ss
181 2615 243 2679 Sed
269 2625 371 2679 tamen
400 2636 433 2679 sc
463 2635 515 2680 res
543 2615 588 2680 sic
617 2614 728 2679 hahet:
764 2615 790 2680 si
817 2614 899 2679 diem
929 2614 1019 2680 nohis
1046 2616 1181 2690 dixerit,
1213 2625 1277 2680 tota
1308 2616 1394 2681 ltalia
1420 2636 1495 2680 con·

180 2718 301 2781 curret,
334 2718 368 2772 ut
396 2708 597 2795 multiplicata
626 2709 725 2793 gloria
752 2707 962 2786 discedamus;
1000 2709 1047 2774 sin
1076 2719 1179 2775 autem
1200 2709 1232 2774 vi
1253 2729 1347 2793 agere
1368 2708 1494 2774 conabi-

181 2814 246 2875 tur,
280 2822 373 2887 spero
395 2800 481 2875 lore,
514 2801 622 2866 studiis
652 2822 714 2866 non
743 2802 843 2866 solum
874 2803 1047 2868 amicorum
1073 2803 1242 2868 sedetiam
1265 2803 1438 2866 alienorum
1460 2809 1494 2866 ut

180 2895 210 2959 vi
231 2895 421 2959 resistamus.
478 2897 594 2958 Omnes
615 2903 700 2959 etse
724 2904 755 2958 et
775 2915 849 2959 suos
870 2895 1001 2970 amicos,
1034 2896 1176 2970 clientes,
1199 2894 1345 2969 libertos,
1368 2915 1493 2968 servos,

179 2988 324 3073 pecunias
353 2987 488 3072 denique
510 3009 583 3052 suas
605 2987 801 3072 pollicentur.
855 2993 966 3054 Nostra
987 2990 1114 3076 antiqua
1135 3011 1244 3054 manus
1265 2988 1421 3055 honorum
1444 3009 1494 3052 ar·

141 3082 232 3146 sudet
260 3081 364 3146 studio
392 3081 491 3148 nostri
512 3091 605 3167 atque
625 3101 742 3162 amore.
793 3081 826 3146 si
847 3083 901 3168 qui
922 3093 1012 3148 antea
1033 3092 1086 3149 aut
1106 3083 1271 3148 alieniores
1297 3082 1421 3147 fuerant
1441 3089 1493 3147 aut

99 3213 101 3215 ·
181 3175 404 3260 languidiores,
432 3194 514 3238 nunc
535 3174 648 3239 horum
670 3195 780 3260 regum
802 3175 875 3241 odio
897 3196 931 3239 se
952 3196 1022 3241 cum
1045 3175 1134 3241 bonis
1161 3177 1360 3261 coniungunt
1403 3181 1494 3241 Pom-

178 3269 267 3354 peius
294 3267 398 3333 omnia
428 3268 593 3352 pollicetur
620 3277 651 3332 et
679 3271 811 3345 Caesam
847 3268 961 3355 quihus
988 3290 1048 3355 ego
1076 3270 1117 3333 ita
1144 3269 1256 3342 credo,
1289 3279 1325 3334 ut
1349 3269 1427 3335 nihil
1454 3269 1493 3334 de

180 3383 248 3426 mea
276 3361 507 3447 comparatione
537 3360 724 3426 deminuam.
781 3361 912 3427 Tribuni
939 3362 981 3448 pl.
1008 3363 1160 3448 designati
1183 3372 1259 3426 sunt
1279 3361 1369 3427 nobis
1391 3361 1493 3427 amici.

180 3455 329 3519 Consules
350 3476 384 3519 sc
406 3455 523 3540 optime
545 3454 721 3520 ostendunt.
772 3461 936 3522 Praetores
958 3455 1109 3522 hahemus
1130 3455 1334 3520 amicissimos
1355 3465 1387 3520 et
1408 3476 1493 3520 acer·

140 3549 275 3612 sirimos
303 3549 408 3620 cives,
441 3548 627 3620 Domitium,
656 3547 826 3633 Nigidium,
857 3551 1053 3625 Memmium,
1076 3549 1257 3626 Lentulum;
1279 3548 1380 3615 bonos
1402 3549 1493 3615 etiam

179 3642 273 3714 alios,
305 3642 361 3706 hos
383 3640 565 3725 singulares.
609 3644 715 3718 Quare
742 3663 887 3728 magnum
913 3644 962 3709 fac
983 3644 1121 3710 animum
1143 3643 1255 3708 habeas
1277 3653 1307 3707 et
1328 3664 1415 3729 spem
1438 3641 1494 3708 ho·

180 3756 261 3799 narn.
310 3740 356 3799 De
378 3735 507 3819 singulis
529 3745 632 3799 tamen
652 3734 763 3811 rebus,
794 3758 873 3824 quae
895 3738 1035 3824 quotidie
1056 3749 1219 3823 gerantur,
1242 3735 1353 3800 faciam
1375 3747 1405 3800 te
1427 3755 1494 3800 cre-

180 3828 240 3894 bro
261 3829 438 3893 certiorem.

246 4021 272 4069 1.
292 4022 378 4069 nostri
405 4021 509 4084 tragedi
535 4020 614 4076 MRl,
643 4034 726 4083 quare
757 4023 877 4085 tragoedi
894 4025 959 4073 secl.
979 4023 1104 4075 Orellius.
1135 4050 1167 4060 -
1203 4025 1231 4075 5.
1251 4022 1360 4071 emisset
1386 4026 1411 4070 et
1437 4033 1493 4068 cum

177 4089 224 4141 Rl.
253 4112 282 4124 -
319 4091 345 4140 3.
365 4091 607 4152 essepostealtltt:
626 4098 786 4152 posteoesss
806 4091 848 4140 lE.
874 4118 908 4126 —
942 4093 968 4143 ’1.
988 4092 1041 4157 an]
1059 4096 1100 4145 vet
1117 4095 1169 4145 111.
1190 4118 1220 4129 -
1256 4093 1282 4143 3.
1302 4086 1493 4151 modclmode

176 4166 214 4211 set
232 4159 307 4210 11111.
344 4185 371 4198 -
415 4162 457 4209 11.
477 4157 549 4221 toas]
579 4161 651 4210 Fort.
671 4168 736 4210 tarn.
779 4159 833 4211 Cir.
853 4160 926 4212 Pers.
946 4165 976 4222 l,
1008 4165 1068 4214 111.
1104 4164 1155 4215 Οι.
1188 4187 1218 4199 -
1261 4160 1327 4210 rss'lts'l
1346 4159 1427 4209 llltl:
1454 4161 1494 4208 nt·

175 4230 223 4281 hili
242 4229 271 4280 Β.
304 4254 331 4264 -
370 4231 413 4279 15.
433 4230 506 4279 Fert.
526 4231 554 4279 C.
576 4231 652 4279 Coto.
689 4229 740 4281 On.
771 4256 802 4266 -
840 4231 882 4281 to.
902 4233 1019 4299 effugerit
1038 4247 1091 4295 mg.
1112 4234 1313 4284 Lambinianee.
1337 4229 1392 4280 Cir.
1413 4228 1493 4278 lland

176 4301 256 4350 Ture.
284 4297 307 4349 Ι.
328 4314 354 4362 p.
379 4300 440 4349 rto.
470 4324 504 4333 -
541 4299 670 4350 Geticum
687 4300 730 4360 ld,
761 4301 809 4350 sed
832 4301 970 4354 Gabinium
997 4307 1023 4353 tn
1044 4317 1098 4365 mg.
1135 4332 1152 4338 --
1198 4303 1241 4352 tr.
1268 4301 1336 4350 calet
1358 4299 1494 4362 postolare

175 4383 255 4435 sieque
277 4377 411 4433 praetores
429 4383 508 4434 negate
526 4370 613 4419 diebus
630 4371 653 4418 1.
685 4395 718 4403 -
755 4370 798 4421 t8.
817 4375 927 4422 escendit
946 4375 991 4424 lla
1012 4377 1126 4424 oscmdtt
1145 4374 1211 4422 Rlll.
1235 4397 1261 4408 -
1299 4371 1433 4432 priuatum
1451 4369 1492 4418 u:

174 4441 296 4503 privatus
315 4438 387 4488 Mic.
418 4464 448 4475 -
484 4440 528 4489 10.
549 4441 628 4488 totius
645 4453 700 4490 om.
720 4441 752 4490 11.
784 4465 817 4474 -
852 4442 896 4490 22.
917 4444 1040 4507 Equidem
1058 4445 1122 4494 llll:
1143 4445 1175 4493 Et
1194 4442 1294 4505 quidem
1313 4439 1355 4488 lE.
1381 4464 1415 4473 -
1450 4452 1494 4501 sps

176 4523 277 4558 mmma
294 4511 412 4558 mactato
431 4509 481 4560 111.
504 4533 533 4544 -
570 4510 614 4558 13.
634 4512 725 4559 animo
742 4510 779 4561 11.
801 4536 829 4547 -
867 4521 969 4574 spereat
986 4539 1020 4558 -ae
1039 4516 1169 4578 confidant
1188 4537 1221 4547 ··
1239 4512 1423 4572 perttrnsscsmt
1440 4508 1491 4559 111.

178 4577 267 4640 (spero
286 4585 312 4628 et
329 4579 431 4643 confido
448 4583 536 4628 animo
554 4580 713 4630 seclusimus
731 4586 840 4630 auctore
860 4581 980 4645 Ursino).
1010 4608 1044 4618 -·
1088 4585 1135 4633 15.
1151 4596 1177 4632 se
1194 4594 1235 4630 res
1251 4583 1287 4629 ste
1305 4579 1374 4629 llll:
1401 4591 1442 4628 res
1458 4580 1495 4628 eie

178 4662 204 4697 se
223 4649 267 4699 lE.
294 4671 325 4681 -
362 4650 459 4699 dicate
482 4649 561 4699 unt:
586 4650 690 4700 Clodius
712 4651 808 4701 dicem
827 4650 858 4701 E.
882 4676 909 4687 -
946 4653 990 4702 28.
1009 4667 1069 4703 soor
1086 4654 1156 4705 tut:
1174 4664 1233 4700 auos
1249 4649 1341 4699 ts'heros
1360 4648 1390 4698 E.
1409 4648 1494 4705 (Ante

179 4718 283 4769 libertos
302 4719 377 4781 ponit
396 4719 488 4768 lituos
505 4717 545 4783 1.)
563 4744 596 4753 —
633 4721 677 4771 29.
696 4721 771 4770 ardet
790 4728 815 4770 et
832 4723 919 4772 stadio
936 4722 1011 4773 11111.
1032 4748 1061 4760 -
1099 4724 1139 4773 30.
1159 4728 1206 4771 cut
1224 4718 1260 4782 1.]
1280 4725 1304 4769 et
1323 4719 1342 4768 t.
1361 4718 1435 4768 Atnt.
1461 4742 1495 4753 -

180 4789 223 4840 31.
242 4802 331 4853 repom
349 4802 403 4837 om.
423 4789 456 4838 R.
488 4814 517 4824 -
560 4789 603 4838 31.
622 4790 799 4840 acerbissimos
816 4791 850 4840 nt
870 4800 897 4842 ct
915 4807 953 4856 pr.
971 4793 1009 4843 11.
1043 4815 1074 4830 ·
1114 4792 1158 4843 33.
1177 4791 1263 4849 ulios,
1292 4790 1338 4838 hos
1357 4787 1493 4839 Orellius:

180 4859 248 4909 ottos
265 4858 331 4919 llll,
350 4859 432 4920 otios,
450 4859 494 4909 sed
511 4859 556 4907 lios
575 4858 619 4909 lE.
639 4885 670 4896 -
706 4859 750 4910 33.
769 4863 913 4914 certiorem.
953 4863 1013 4914 Vale
1032 4864 1063 4914 11.
