3256 5400
606 246 678 306 LlB.
700 246 782 309 XVI.
825 244 884 306 ΕΡ.
906 245 936 305 6.
958 244 988 305 ’1.
1397 246 1460 307 ’139

141 423 205 489 quo
226 401 321 466 modo
343 401 496 484 agendum
520 401 574 474 sit,
597 399 728 464 ridebis.
772 404 839 464 Non
862 397 956 463 debet
977 418 1110 482 urgere,
1136 399 1282 484 quoniam
1306 401 1376 465 iure
1398 422 1461 467 non

140 501 272 572 utimur3
298 493 351 559 sed
368 505 470 559 tamen
493 494 522 557 ei
545 515 672 578 quoque
693 493 834 557 satisfieri
857 493 948 578 plane
972 492 1054 556 volo.
1091 493 1255 557 Terentiae
1270 514 1363 567 vero,
1387 494 1463 579 quid

140 611 200 676 ego
221 589 345 654 dicam?
381 589 480 652 Etiam
509 587 699 659 antediem,
723 587 870 672 sipotes.
916 587 1016 663 Quin,
1048 585 1092 657 si,
1116 597 1150 651 ut
1176 607 1287 671 spero,
1317 588 1463 652 celeriter

140 684 171 749 in
193 683 338 768 Epirum,
369 681 443 752 hoc,
473 679 556 764 quod
585 681 731 745 satisdato
760 679 878 752 debeo,
907 687 981 764 peto
1008 699 1025 742 a
1056 690 1103 752 te,
1134 689 1169 744 ut
1196 691 1267 744 ante
1296 681 1463 765 provideas

139 777 292 863 planeque
315 775 464 861 expedias
487 784 518 838 et
539 773 675 838 solutum
699 774 868 858 relinquas.
909 777 940 837 i.
964 772 1024 836 Sed
1048 772 1086 836 de
1102 772 1150 837 bis
1171 774 1487 859 satis;'metuoque.⁵

140 892 179 935 ne
209 882 242 934 tu
272 868 401 934 nimium
431 879 530 953 putes.
581 871 668 931 Nune
694 867 914 954 negligentiam
944 887 1046 930 meam
1077 887 1242 950 cognosce.
1284 873 1331 932 De
1359 869 1465 933 Gloria

141 962 255 1029 librum
278 964 315 1028 ad
332 974 361 1027 te
383 963 469 1027 misi:
494 971 524 1025 at
546 962 576 1025 in
594 983 632 1025 eo
649 967 846 1046 prooemium
869 960 977 1033 idest,
1001 960 1085 1044 quod
1108 960 1140 1024 in
1155 961 1340 1025 Academico
1362 962 1466 1026 tertio.

141 1057 175 1123 ld
199 1057 303 1121 evenit
324 1056 365 1121 ob
389 1077 457 1119 eam
480 1076 561 1127 rem,
591 1054 676 1140 quod
699 1054 800 1120 habeo
821 1055 969 1119 volumen
991 1055 1239 1139 prooemiorum.
1281 1059 1328 1119 Ex
1352 1077 1391 1120 eo
1413 1057 1468 1120 eli-

141 1171 216 1234 gere
239 1150 342 1222 soleo,
370 1171 440 1214 eum
465 1149 592 1236 aliquod
615 1151 816 1233 σύγγραμμα
838 1149 968 1214 institui.
1015 1154 1122 1233 ltaque
1144 1149 1204 1212 iam
1229 1150 1260 1213 in
1282 1149 1467 1222 Tusculano,

141 1243 195 1329 qui
225 1264 287 1306 non
318 1244 528 1308 meminissem
558 1264 608 1306 me
637 1243 768 1307 abusum
792 1244 851 1308 isto
873 1243 1053 1328 prooemio,
1087 1244 1206 1306 conieci
1229 1243 1260 1308 id
1284 1244 1315 1307 in
1338 1265 1409 1307 eum
1433 1243 1506 1307 li·¹⁰

142 1335 249 1409 brum,
272 1357 365 1420 quem
389 1337 445 1402 tibi
468 1337 548 1402 misi.
588 1341 664 1403 Cum
687 1346 790 1400 autem
813 1337 844 1400 in
866 1336 938 1400 navi
961 1336 1098 1418 legerem
1115 1337 1331 1409 Academicos,
1355 1337 1467 1419 agnoui

141 1438 280 1493 erratum
304 1450 419 1495 meum.
456 1435 564 1517 ltaque
586 1430 688 1495 statim
711 1451 826 1494 novum
842 1429 1039 1514 prooemium
1063 1430 1206 1503 exaravi;
1230 1429 1284 1493 tibi
1308 1429 1390 1493 misi.
1423 1435 1469 1492 Tu

143 1521 219 1587 illud
252 1522 429 1598 desecabis,
459 1523 518 1588 boe
545 1522 761 1607 agglutinabis.
805 1523 900 1587 Piliae
922 1522 1051 1586 salutem
1074 1522 1159 1585 dices
1181 1532 1212 1584 et
1233 1522 1366 1592 Atticae,
1394 1521 1471 1585 deli·

142 1617 199 1681 ciis
221 1629 313 1703 atque
336 1615 497 1681 amoribus
520 1617 609 1680 meis.

625 1787 688 1848 ru.
732 1785 780 1867 (A.
806 1787 839 1849 u.
861 1788 893 1849 c.
914 1785 1000 1869 710.)

633 1926 775 1991 CICERO
796 1927 941 1989 ATTICO
964 1928 995 1989 S.

231 2062 258 2122 l.
280 2075 356 2121 vnr.
379 2053 424 2120 ld.
457 2058 542 2121 Sext.
565 2076 634 2120 cum
658 2078 674 2120 a
698 2061 890 2141 Leucopetra
912 2053 1071 2141 profectus
1094 2090 1132 2102 -
1155 2053 1228 2120 inde
1250 2058 1332 2118 enim
1356 2054 1472 2117 tramit·

144 2150 246 2215 tebam
271 2148 431 2214 -stadia
466 2149 591 2213 circiter
620 2169 691 2215 ccc.
722 2149 959 2235 processissem,
988 2149 1123 2213 reiectus
1152 2169 1220 2214 sum
1243 2160 1350 2214 austro
1380 2150 1472 2213 vehe-

46 2328 49 2335 .
144 2243 239 2308 menti
268 2240 306 2306 ad
335 2242 465 2307 eandem
494 2247 729 2329 Leucopetram.
772 2243 819 2308 lbi
848 2264 918 2308 cum
947 2254 1072 2308 ventum
1103 2254 1318 2328 exspectarem
1342 2278 1372 2288 -
1405 2253 1471 2307 erat

144 2337 226 2400 enim
253 2335 325 2399 villa
348 2336 463 2400 Valerii
494 2337 610 2410 nostri,
640 2349 675 2402 ut
704 2337 900 2401 familiariter
930 2359 1030 2402 essem
1060 2346 1091 2400 et
1113 2336 1247 2401 libenter
1269 2373 1307 2382 —
1338 2337 1509 2421 Rheginim

144 2429 286 2516 quidam,
322 2428 458 2493 illustres
486 2430 644 2502 homines,
678 2453 716 2494 eo
746 2441 915 2504 venerunt,
948 2437 1046 2496 Boura
1075 2452 1150 2494 sane
1177 2441 1336 2506 recentes;
1369 2431 1400 2495 in
1432 2431 1470 2493 iis

145 2527 232 2587 Bruti
259 2522 358 2587 nostri
385 2522 515 2608 hospes,
546 2523 600 2609 qui
622 2528 751 2588 Brutum
781 2524 911 2610 Neapoli
939 2523 1126 2610 reliquisset.
1172 2527 1255 2586 llaec
1282 2522 1470 2587 afferebant:

144 2615 279 2681 edietum
301 2615 388 2679 Bruti
417 2625 448 2680 et
470 2617 586 2688 Cassii,
618 2628 648 2681 et
671 2618 739 2681 lore
762 2617 956 2704 frequentem
979 2625 1120 2681 senatum
1143 2616 1303 2692 Kalendis;
1334 2622 1471 2680 aBruto

146 2720 177 2774 ct
193 2709 298 2774 Cassio
320 2708 438 2774 litteras
460 2711 569 2774 missas
600 2711 636 2774 ad
653 2713 832 2777 consulares
855 2722 887 2776 et
907 2712 1097 2796 praetorium
1120 2721 1154 2774 ut
1168 2711 1325 2781 adessent,
1348 2730 1471 2791 rogarer.

146 2807 303 2868 Summam
333 2823 421 2887 spem
451 2803 634 2867 nuntiabant
662 2803 747 2876 sore,
781 2816 813 2870 ut
842 2805 993 2869 Antonius
1021 2804 1163 2878 cederet,
1193 2825 1244 2866 res
1274 2803 1510 2872 convenirems

145 2897 244 2961 nostri
275 2902 404 2961 Romam
434 2896 584 2962 redirent.
629 2897 790 2963 Addebant
819 2900 926 2971 etiam,
966 2921 1015 2962 me
1044 2897 1231 2970 desiderari,
1262 2896 1471 2961 subaccusari.

147 2991 236 3065 Quae
258 3010 328 3052 cum
351 2990 526 3064 audissem,
558 2991 624 3056 sinc
648 2991 708 3055 ulla
731 2992 923 3058 dubitatione
945 2991 1043 3057 abieci
1067 2992 1231 3056 consilium
1253 2990 1471 3077 profectionis,

147 3104 210 3168 quo
235 3083 415 3149 mehercule
438 3106 477 3149 ne
499 3097 588 3149 antea
611 3085 735 3172 quidem
759 3087 947 3151 delectabar.
991 3093 1021 3151 2.
1043 3092 1145 3151 Lectis
1168 3106 1245 3149 vero
1268 3084 1329 3149 tuis
1352 3083 1472 3155 litteris,

147 3175 317 3241 admiratus
333 3177 477 3263 equidem
500 3201 587 3252 sum,
611 3190 717 3244 tetam
740 3180 940 3245 vehementer
961 3180 1144 3247 sententiam
1160 3188 1384 3253 commutasse;
1406 3176 1472 3249 sed,

146 3290 210 3333 non
231 3270 299 3334 sine
321 3291 430 3342 causa,
462 3272 647 3338 arbitrabar.
691 3273 771 3346 Etsi,
803 3275 945 3360 quamvis
973 3296 1035 3339 non
1059 3273 1156 3339 lucris
1176 3294 1288 3337 suasor
1309 3282 1339 3336 et
1360 3271 1511 3355 impul-m

146 3383 201 3426 sor
229 3363 433 3449 protectionis
455 3387 558 3439 meae,
594 3367 785 3452 approbator
806 3380 890 3433 certe
914 3368 1015 3441 luisti,
1045 3365 1216 3432 dummodo
1238 3365 1305 3431 Kal.
1326 3369 1390 3430 lan.
1412 3367 1473 3427 Bo-

148 3477 217 3520 mae
240 3478 350 3522 essem.
395 3462 438 3522 lta
463 3458 572 3531 tiebat,
597 3473 646 3534 ut,
677 3461 749 3526 dum
774 3462 875 3525 minus
896 3461 1027 3547 periculi
1052 3461 1228 3531 videretur,
1251 3458 1409 3529 abessem,
1440 3455 1472 3518 in

147 3545 302 3613 dammam
325 3551 423 3636 ipsam
445 3557 595 3618 venirem.
640 3555 700 3619 Sed
725 3556 814 3629 baec,
837 3555 959 3619 etiamsi
982 3577 1045 3619 non
1065 3554 1250 3640 pmdenter,
1274 3563 1376 3615 tamen
1398 3552 1472 3614 oiva-

146 3655 270 3725 μέσητα
292 3655 379 3721 sunt;
402 3646 537 3731 primum
561 3647 646 3733 quod
670 3648 708 3712 de
732 3670 799 3712 mea
821 3648 973 3713 sententia
994 3657 1060 3712 acta
1083 3658 1171 3721 sunt;
1200 3645 1328 3715 deinde,
1352 3643 1470 3708 etiamsi

149 3744 178 3798 te
201 3746 344 3809 auctore,
368 3738 445 3824 quid
466 3738 575 3813 debet,
608 3741 660 3827 qui
684 3741 848 3806 consilium
870 3741 937 3815 dat,
960 3752 1120 3826 praestare
1142 3749 1266 3825 praeter
1288 3737 1402 3802 fidem?
1439 3740 1469 3799 3.
1483 3761 1509 3798 ss

149 3828 226 3892 lllud
249 3830 395 3895 admirari
418 3833 491 3898 satis
512 3854 575 3897 non
597 3836 699 3920 potui,
723 3836 807 3921 quod
830 3836 981 3921 scripsisti
1003 3834 1049 3898 bis
1065 3832 1184 3897 verbis:
1208 3831 1304 3898 Veni
1329 3830 1469 3914 igitur.

149 3932 203 3995 tu,
235 3924 300 4008 qui
329 3929 541 3993 abaciaco».
587 3930 701 3994 Veni.
744 3930 961 4016 Relinques
987 3928 1176 4014 patriam?
1211 3931 1258 3990 An
1286 3944 1345 4007 ego
1373 3921 1468 3985 relin-

217 4180 244 4228 2.
265 4182 289 4228 ei
306 4194 408 4244 quoque
425 4182 563 4250 satisfieri]
583 4191 607 4236 et
624 4187 747 4251 satisfieri
764 4200 868 4251 quoquc
885 4187 906 4237 1.
935 4213 967 4223 -
1000 4187 1083 4246 piene
1100 4185 1167 4232 octo.
1200 4176 1347 4241 Terentiae]
1364 4180 1472 4240 ptoooio

151 4249 289 4299 Tereatioe
306 4251 350 4312 Μ,
369 4254 428 4302 eolo
448 4254 540 4303 Publio
561 4255 699 4306 Terentiae
719 4258 740 4304 l.
763 4283 792 4292 -
830 4259 856 4306 7.
875 4258 984 4305 missum
1002 4255 1068 4304 Cod.
1088 4257 1116 4305 in
1136 4268 1190 4314 mg.
1211 4253 1313 4314 Bepett.
1335 4250 1466 4299 Lami).-

148 4316 189 4381 ot]
208 4326 232 4368 ct
250 4320 324 4371 Mlll.
354 4319 398 4383 (Ut
416 4337 477 4383 nos,
496 4326 591 4374 Bosius
611 4333 637 4375 et
655 4326 719 4376 Lod·
741 4327 767 4375 in
787 4342 840 4388 mg.
856 4328 960 4390 Bepott.
975 4326 1081 4382 Lamb.)
1100 4349 1132 4357 -
1158 4324 1201 4372 12.
1222 4323 1343 4370 muravit
1362 4322 1411 4369 tibi
1429 4333 1470 4382 pr.

149 4389 189 4444 Μ,
211 4392 335 4440 exaravit
355 4397 379 4439 et
397 4394 444 4442 tibi
463 4395 497 4443 Bi
515 4403 541 4443 et
560 4410 630 4445 corr.
650 4399 687 4447 Μ.
709 4421 742 4430 -
774 4398 816 4446 13.
837 4401 861 4444 ei
878 4398 925 4447 boc
943 4398 965 4446 1.
989 4421 1016 4432 -
1056 4396 1098 4444 17.
1120 4393 1282 4442 Octavolli.
1304 4416 1334 4425 -
1374 4390 1416 4439 18.
1436 4390 1471 4438 ab

150 4464 241 4508 omero
261 4460 282 4509 B
301 4467 327 4510 et
346 4461 412 4511 Cod.
433 4464 540 4514 Balliol.
563 4491 593 4500 -
625 4468 668 4515 21.
688 4467 728 4514 bis
747 4467 768 4516 l.
797 4493 827 4502 -
859 4466 1022 4515 2211001.
1047 4491 1080 4498 —
1111 4465 1154 4513 23.
1177 4463 1258 4511 Bruti
1275 4466 1299 4509 et
1318 4461 1402 4511 Cassii
1420 4460 1472 4508 edi·

150 4535 221 4578 ctum
237 4531 258 4578 1.
275 4554 305 4565 -
325 4530 369 4580 aa.
385 4532 515 4597 adessent]
530 4537 667 4586 edeciment
687 4551 726 4600 pr.
741 4536 778 4586 Μ.
793 4562 824 4572 -
843 4538 887 4586 26.
903 4538 1121 4597 submersamque
1139 4535 1171 4592 B,
1191 4540 1215 4582 ct
1227 4532 1395 4581 subaccusare·
1414 4530 1470 4578 l.-

149 4600 192 4648 31.
211 4597 297 4664 fuisti]
316 4598 395 4661 fuisse
413 4603 440 4650 id
459 4618 498 4667 pr.
514 4606 556 4663 Μ,
575 4605 651 4666 luisti
671 4640 677 4653 .
697 4608 724 4655 id
743 4608 777 4656 Bl
791 4613 818 4656 et
830 4621 900 4657 eorr.
916 4608 952 4657 Μ.
976 4631 1005 4641 -
1027 4607 1070 4656 32.
1090 4604 1193 4653 abesae:
1213 4611 1242 4651 ut
1260 4602 1394 4667 plumatum
1414 4599 1471 4646 l.-

150 4669 192 4718 33.
213 4671 260 4718 boc
278 4671 300 4718 l.
330 4694 357 4703 -
396 4672 439 4720 dd·
463 4682 525 4722 octo
542 4673 614 4738 sunt]
635 4690 759 4726 cecorum
778 4692 817 4740 pr.
837 4677 879 4736 Μ,
899 4689 1022 4727 occasum
1040 4689 1110 4726 corr.
1130 4674 1167 4724 Μ.
1196 4695 1227 4710 -
1265 4672 1308 4720 36.
1335 4669 1406 4718 Beue
1424 4670 1473 4729 iqi-

149 4747 195 4787 W'
212 4764 223 4774 ·
240 4764 250 4774 ·
269 4740 339 4790 ΒΜ
356 4741 430 4791 fflll·
468 4744 510 4798 (Ut
529 4759 594 4804 not,
615 4746 680 4796 Cod.
702 4749 728 4796 in
750 4760 802 4810 mg.
824 4748 925 4810 Bepett.
946 4747 1052 4802 Lamia.)
1079 4770 1111 4780 —-
1146 4744 1190 4792 3'1.
1210 4742 1349 4804 Beliuqaes
1367 4739 1472 4787 Lambi-

150 4823 202 4858 nus
221 4811 248 4859 in
268 4812 345 4860 Curis
364 4824 417 4860 sec.
439 4818 465 4861 et
483 4815 594 4865 Bosins:
621 4817 740 4878 relinque
757 4819 816 4874 ΜΙ,
843 4818 970 4878 relinquis
990 4816 1041 4866 BB-
1079 4808 1271 4871 (eu’bavuotav
1289 4811 1409 4870 veneria,
1433 4821 1472 4857 rc-

149 4879 330 4942 impulsam.
351 4881 443 4944 tertia,
462 4885 556 4948 sieque
574 4884 652 4937 atlcrt
670 4887 779 4937 Schmid
800 4887 833 4936 ed
853 4888 955 4938 Horatii
974 4886 1040 4949 lipp.
1059 4883 1091 4935 Τ.
1111 4884 1134 4933 l.
1154 4898 1181 4946 p.
1200 4882 1275 4940 tsi.)
