3256 5400
701 924 851 985 LIBER
873 926 904 984 1.

562 1250 588 1311 1.
632 1249 775 1314 CICERO
798 1247 928 1313 BRUTO
951 1248 982 1311 S.
1004 1249 1041 1310 D.

145 1395 172 1454 ι.
219 1370 271 1454 h.
295 1387 438 1460 creatus,
462 1384 606 1453 uitulus
628 1384 729 1473 plebis
751 1387 942 1472 designatus,
966 1385 1125 1450 vatdome
1147 1385 1334 1470 diligeret,
1358 1400 1462 1474 usrp-

142 1483 364 1567 φατικώτερον
385 1480 501 1555 dicam,
523 1479 614 1544 valde
635 1501 687 1545 mc
709 1489 801 1545 amat.
839 1481 932 1559 Quod
954 1501 1025 1545 cum
1046 1479 1121 1544 mibi
1143 1480 1185 1544 ita
1207 1502 1390 1567 persuasum
1413 1486 1462 1559 sit,

142 1598 205 1641 non
227 1575 337 1641 dubito
358 1611 400 1620 -
421 1572 502 1638 bene
525 1573 608 1638 enirn
630 1596 681 1639 me
702 1575 785 1639 nosti
801 1612 856 1649 -‚
878 1574 955 1660 quin
977 1574 1065 1639 illum
1087 1595 1213 1659 quoque
1234 1576 1353 1642 iudices
1376 1600 1462 1643 ame

141 1675 249 1735 amari.
293 1668 374 1733 Nihil
396 1667 479 1731 enim
509 1667 586 1732 mibi
614 1668 717 1733 minus
745 1668 880 1733 bominis
909 1667 1033 1732 videtur
1060 1689 1153 1754 quam
1181 1690 1244 1733 uon
1271 1672 1485 1757 respondere³

143 1765 174 1828 in
196 1784 305 1829 amore
327 1763 375 1836 iis,
398 1784 415 1826 a
437 1760 552 1848 quibus
573 1783 758 1848 provocere.
801 1766 831 1826 Is
853 1761 930 1826 mibi
952 1762 1036 1826 visus
1059 1772 1106 1826 cst
1127 1763 1294 1849 suspicari,
1318 1788 1375 1832 nec
1397 1768 1464 1832 sine

143 1877 256 1941 magno
279 1856 405 1943 quidem
428 1855 554 1931 dolore,
585 1855 701 1942 aliquid
723 1878 741 1921 a
762 1855 828 1920 suis
854 1856 904 1920 vel
925 1877 984 1941 per
1005 1877 1079 1921 suos
1100 1857 1204 1942 potius
1225 1857 1350 1944 iniquos
1372 1860 1412 1925 ad
1434 1869 1465 1926 te

142 1973 212 2017 esse
234 1952 384 2024 delatum,
408 1971 473 2036 quo
495 1960 566 2015 tuus
582 1951 703 2014 animus
724 1971 791 2014 ase
806 1958 887 2013 esset
908 1950 1050 2015 alienior.
1087 1956 1154 2015 Non
1175 1952 1278 2025 soleo,
1301 1953 1344 2017 mi
1359 1961 1464 2027 Brute,

142 2046 240 2132 (quod
263 2045 319 2111 tibi
347 2055 455 2109 notum
478 2066 546 2109 esse
567 2043 739 2126 arbitror‚)
770 2053 887 2108 temero
910 2044 1066 2108 affirmare
1095 2043 1134 2108 de
1162 2045 1277 2122 altero;
1307 2055 1354 2112 est
1382 2048 1466 2112 enim

142 2142 352 2226 periculosum
379 2149 510 2224 propter
537 2138 672 2203 occultas
702 2138 863 2203 hominum
892 2138 1066 2203 voluntates
1094 2138 1343 2225 multiplicesque
1374 2150 1501 2206 natu-¹⁰

143 2256 209 2312 ras;
241 2243 272 2298 at
294 2233 394 2299 Clodii
416 2232 553 2296 animum
574 2240 774 2318 perspectum
796 2231 914 2305 babeo,
943 2232 1118 2314 cognitum,
1146 2232 1328 2298 iudicatum.
1371 2235 1467 2300 llulta

144 2329 211 2394 eius
232 2327 363 2402 indicia,
386 2326 441 2391 sed
463 2326 502 2390 ad
524 2325 724 2392 scribendum
746 2347 810 2391 non
832 2325 1021 2402 necessaria;
1047 2325 1120 2390 volo
1142 2327 1226 2390 euim
1249 2327 1309 2392 boc
1330 2328 1469 2395 testimo-

143 2423 230 2486 nium
260 2420 316 2486 tibi
347 2421 449 2486 videri
476 2420 580 2507 potius
611 2441 704 2507 quam
733 2420 907 2505 epistolam.
949 2425 1065 2484 ductus
1086 2421 1211 2485 Antonii
1237 2420 1389 2487 beneficio
1411 2432 1468 2488 est

144 2516 220 2580 Eius
234 2515 333 2599 ipsius
354 2513 497 2579 beneficii
513 2535 624 2599 magna
647 2535 720 2600 pars
742 2536 760 2578 a
780 2523 809 2578 te
832 2524 888 2579 est.
925 2518 1032 2599 ltaque
1055 2534 1127 2578 eum
1149 2514 1242 2580 salvis
1263 2515 1355 2581 nobis
1377 2517 1470 2581 vellet

144 2609 275 2673 salvum.
318 2613 349 2674 2.
377 2614 412 2673 ln
434 2630 506 2673 eum
533 2617 637 2673 autem
658 2608 762 2674 locum
793 2629 860 2672 rem
882 2607 1047 2672 adductam
1068 2607 1212 2692 intelligit
1234 2645 1272 2656 -
1296 2620 1344 2673 est
1366 2610 1503 2682 enim‚a.

144 2711 180 2768 ut
201 2701 278 2776 scis,
300 2701 429 2767 minime
450 2701 562 2767 stultus
578 2747 636 2777 -‚
659 2710 694 2767 ut
715 2706 840 2787 utrique
861 2701 939 2766 salvi
953 2722 1022 2766 esse
1043 2721 1108 2765 non
1125 2702 1261 2787 possint;
1283 2703 1388 2789 itaque
1409 2725 1468 2768 nos

146 2796 274 2861 mavult
313 2800 360 2860 lle
382 2806 412 2861 te
436 2816 513 2860 vero
535 2795 722 2861 amicissime
744 2804 775 2860 et
795 2796 936 2882 loquitur
956 2804 986 2859 et
1007 2795 1107 2859 sentit
1152 2798 1258 2872 Quare
1280 2795 1399 2882 siquis
1421 2817 1470 2860 se·

145 2910 201 2953 cus
223 2889 262 2955 ad
282 2901 312 2954 te
334 2890 373 2955 de
389 2910 428 2953 co
450 2889 575 2974 scripsit
596 2899 649 2954 aut
670 2889 697 2954 si
718 2910 824 2955 coram
845 2892 968 2954 locutus
990 2897 1052 2963 cst,
1074 2896 1148 2974 peto
1169 2910 1186 2952 a
1209 2898 1239 2953 te
1262 2888 1354 2954 etiam
1377 2899 1470 2975 atque

146 2983 255 3058 ctiam,
284 2984 361 3049 mibi
383 2994 417 3050 ut
438 2984 543 3069 potius
565 2982 687 3058 credas,
717 2984 770 3071 qui
792 2992 823 3048 et
843 2983 966 3048 facilius
987 2983 1127 3049 iudicare
1148 3004 1276 3068 possum
1302 3005 1395 3070 quam
1417 2983 1470 3048 ille

146 3080 253 3139 nescio
274 3077 360 3160 quis,
383 3086 415 3141 et
437 3086 467 3141 te
488 3077 559 3163 plus
575 3077 683 3161 diligo.
721 3077 863 3143 Clodium
882 3076 939 3141 tibi
953 3077 1175 3143 amicissimum
1197 3076 1340 3141 existima
1355 3077 1507 3152 civem-2⁰

146 3190 207 3254 que
230 3169 338 3242 talem,
362 3170 462 3255 qualis
484 3179 514 3235 et
535 3169 795 3255 prudentissimus
817 3180 850 3234 ct
870 3170 995 3236 fortuna
1017 3170 1134 3256 optima
1156 3191 1225 3234 esse
1247 3167 1350 3234 debet.

591 3313 635 3375 11.
679 3312 821 3377 elcuuo
844 3312 975 3376 BRUTO
998 3313 1029 3375 S.

234 3434 261 3496 l.
284 3432 404 3517 Scripta
419 3440 449 3496 et
463 3429 626 3515 obsignata
647 3431 708 3496 iam
731 3431 876 3517 epistola,
899 3431 1021 3496 litterae
1041 3429 1118 3495 mibi
1140 3428 1280 3495 redditae
1302 3438 1374 3496 sunt
1395 3440 1469 3506 ate,

148 3521 257 3608 plenae
285 3546 392 3590 rerum
415 3547 585 3604 novarum;
622 3526 821 3611 maximeque
850 3520 1009 3598 mirabile,
1041 3521 1233 3588 Dolabellam
1258 3522 1396 3609 quinque
1418 3545 1472 3590 eo-

151 3671 326 3681 ——-

219 3752 399 3815 Epistularum
423 3756 520 3806 barum
544 3757 749 3806 subditiciarum
774 3755 853 3805 Liber
878 3755 982 3818 primus
1005 3766 1021 3802 a
1046 3754 1154 3803 rhetore
1175 3753 1268 3816 aliquo
1293 3767 1472 3816 personarum

148 3836 181 3872 ae
207 3836 298 3872 rerum
323 3832 475 3886 gestarum,
504 3827 537 3875 de
561 3828 658 3890 quibus
684 3827 764 3875 verba
789 3823 867 3883 lacit,
898 3825 968 3874 baud
989 3825 1069 3872 nimis
1088 3837 1187 3886 gnaro.
1217 3823 1357 3873 adulatore
1380 3831 1471 3874 autem

148 3893 282 3943 Messalae
301 3893 409 3946 Corvini
436 3896 497 3954 (etr.
519 3896 567 3959 llp.
588 3897 642 3951 15.)
667 3897 760 3958 viginti
784 3897 827 3946 vel
848 3896 958 3957 triginta
982 3895 1062 3944 annis
1087 3900 1145 3957 post
1169 3893 1308 3943 Ciceronis
1334 3895 1471 3944 interitum

150 3964 333 4014 videturesse
359 3968 533 4029 compositus.
572 3967 688 4029 Antiqua
713 3966 746 4016 da
766 3966 798 4015 iis
817 3965 970 4016 testimonla
989 3969 1134 4027 supersunt
1157 3964 1228 4026 apud
1248 3963 1424 4013 Plutarchum
1443 3966 1471 4015 iu

150 4034 232 4084 Bruto
251 4047 310 4096 cap.
324 4036 381 4095 220,
401 4037 576 4086 Ammianum
589 4036 778 4086 Marcellinum
790 4038 839 4095 29,
858 4037 891 4097 5,
911 4037 955 4086 at.
976 4041 1002 4085 et
1020 4035 1138 4085 Nonium
1157 4048 1183 4095 p.
1196 4033 1258 4082 tat.
1280 4034 1325 4081 ubi
1345 4035 1372 4082 in
1386 4034 1470 4084 Codd.

149 4104 254 4167 aliquot
270 4103 383 4155 affertur
401 4120 432 4155 ex
451 4107 511 4156 Lib.
531 4108 578 4159 lX.
598 4108 663 4169 Epp.
682 4107 715 4156 ad
735 4107 867 4165 Brutum,
891 4120 945 4156 non
963 4118 995 4154 cx
1014 4106 1111 4167 primo.
1150 4102 1204 4151 Clr.
1225 4103 1359 4153 Tunstalli
1380 4103 1472 4154 unsar-

148 4175 254 4222 vatiam
274 4189 299 4237 p.
319 4176 364 4226 65.
391 4176 442 4228 On.
464 4202 494 4212 -
528 4178 555 4226 2.
575 4177 604 4225 1..
625 4191 680 4227 orn.
700 4178 722 4225 1.
744 4204 772 4213 -
806 4178 832 4226 6.
852 4177 1013 4225 dicamorn.
1033 4174 1093 4224 titt.
1126 4173 1347 4231 (ilabetNonius
1367 4174 1387 4223 l.
1408 4174 1471 4230 Ι.)-

148 4243 175 4293 a,
195 4245 297 4293 iudicer
315 4251 338 4293 et
357 4261 374 4295 a
392 4247 430 4297 bl.
452 4272 482 4282 -
520 4246 547 4296 6.
566 4248 606 4295 tais
624 4247 683 4297 166.
705 4271 735 4281 -
771 4248 798 4297 ’1.
819 4259 916 4308 mapno
933 4258 991 4294 meo
1008 4246 1112 4308 quidem
1131 4243 1153 4291 l.
1174 4267 1204 4278 —
1241 4245 1360 4293 inimicos
1382 4244 1471 4295 lanta.

149 4313 193 4374 (i.)
214 4341 242 4352 -
277 4316 319 4365 16.
338 4323 467 4373 anteros:
487 4322 517 4365 at
535 4317 622 4366 Clodii
638 4317 682 4367 bit
701 4321 824 4365 naturas.
852 4316 938 4366 ctodtt
956 4314 1022 4364 lllll.
1044 4338 1074 4350 -
1106 4312 1364 4362 166161σί61.-
1400 4316 1471 4363 teati-

148 4386 268 4434 monium
285 4386 332 4436 hoa
349 4387 381 4435 R.
403 4414 433 4424 -
471 4387 515 4437 ts.
535 4387 582 4436 lta
598 4387 621 4436 1.
640 4409 673 4420 -
710 4385 754 4435 16.
772 4389 903 4449 possimus
921 4386 1039 4435 malebat
1057 4384 1205 4432 Ernestiaa.
1233 4407 1265 4420 ·-
1301 4383 1345 4433 2³.
1364 4383 1473 4445 Scripta

149 4454 183 4513 et]
211 4456 288 4507 llane
308 4457 355 4519 ltp-
382 4470 443 4507 cum
463 4458 641 4520 praecedente
661 4457 801 4518 coniungit
819 4457 977 4506 Lambinus.
1014 4456 1045 4503 ln
1066 4454 1219 4503 Victoriana
1237 4453 1323 4503 altera
1342 4467 1368 4502 a.
1393 4455 1470 4506 1571.

150 4524 224 4574 Libri
244 4525 265 4574 l.
287 4526 333 4589 Ep.
355 4528 380 4574 1.
408 4529 545 4591 excipiunt
562 4527 635 4576 Libri
654 4525 689 4573 ll.
712 4525 779 4589 upp.
799 4527 910 4586 1-7.,
932 4526 1006 4577 varia
1025 4525 1135 4587 quidem
1153 4525 1321 4586 discerptae,
1348 4528 1375 4573 et
1392 4526 1472 4587 septi·

151 4606 212 4644 mae
230 4595 332 4645 ultimis
351 4574 439 4646 verbis
457 4601 517 4647 tui.
536 4611 599 4648 xrrr.
617 4595 731 4646 Kalend.
751 4597 841 4648 Maias
859 4603 997 4660 tamquam
1015 4595 1148 4657 appendix
1168 4595 1341 4656 subiungitur
1360 4593 1433 4644 Libri
1448 4595 1470 4644 l.

151 4664 200 4726 ltp.
214 4665 241 4714 2.
266 4666 373 4729 Scripta
390 4672 423 4716 et.
448 4669 575 4719 Nostrum
592 4668 714 4718 ordinem
733 4668 840 4717 exbibet
858 4665 924 4716 Cod.
937 4667 1089 4724 Mediceus,
1108 4678 1191 4728 aquo
1210 4670 1239 4714 ut
1256 4665 1382 4715 acetaria
1402 4665 1472 4715 notis

152 4735 229 4786 abest
245 4735 328 4787 Liber
346 4738 380 4785 11.
403 4762 433 4774 -
460 4739 503 4790 lla.
522 4739 645 4790 mtrattta
662 4735 705 4788 M:
723 4738 887 4790 mirabilium
906 4737 977 4797 utu,
995 4736 1130 4786 mirabiles
1150 4737 1167 4786 i.
1205 4735 1299 4788 Malim
1317 4736 1472 4786 memorabi-

152 4804 208 4856 leat.
237 4806 289 4856 On.
