3256 5400
652 231 725 292 blB.
747 230 771 290 1.
815 229 873 289 ΕΡ.
898 228 945 289 16.
1398 230 1459 291 769

139 410 269 479 prorsus
289 408 365 474 prae
388 397 418 453 te
440 386 522 460 leras
544 408 606 452 non
629 385 779 451 sublatam
803 385 1046 451 dominationem
1068 383 1123 447 sed
1139 384 1298 450 dominum
1322 407 1462 452 commu·

139 496 235 552 tatum
260 503 338 548 esse.
383 480 486 550 Verba
514 493 565 546 tua
587 500 793 564 recognosce,
824 491 855 543 et
882 479 961 544 aude
990 498 1105 562 negare
1126 479 1288 544 servientis
1310 479 1461 545 adversus

139 597 247 662 regem
269 577 343 640 istas
364 597 433 641 esse
455 596 574 662 preces.
619 578 717 640 Unum
739 574 785 638 ais
808 594 892 646 esse,
922 572 1006 658 quod
1035 571 1074 636 ab
1097 592 1136 637 eo
1158 574 1332 657 postuletur
1354 584 1386 638 et
1406 595 1462 638 ex·

140 679 312 758 spectetur:
342 678 377 735 ut
399 690 454 735 cos
475 671 575 742 cives,
605 670 645 734 dc
667 667 780 754 quibus
802 668 861 732 viri
885 665 959 731 boni
984 666 1180 752 populusque
1202 672 1359 733 Romanus
1380 666 1461 732 bene

140 765 312 852 pristimet,
341 763 443 828 salvos
471 764 554 829 velit.
605 761 705 839 Quid,
738 761 763 825 si
792 762 885 834 nolit,
913 781 975 824 uon
1005 761 1143 824 crimus?
1180 765 1273 845 Atqui
1300 781 1363 825 non
1392 783 1484 827 esses

141 880 233 946 quam
262 878 331 922 esse
359 878 417 942 per
439 857 526 922 illum
554 863 701 941 praestat.
744 859 774 920 2.
803 859 869 939 Ego
899 853 1113 919 mediusfidius
1141 875 1205 918 nou
1226 853 1373 920 existimo
1399 865 1462 921 tam

141 973 249 1019 omncs
277 950 353 1016 deos
375 971 502 1015 aversos
524 972 594 1016 csse
622 971 640 1013 a
663 949 760 1015 salute
786 948 893 1035 populi
916 948 1063 1020 Romani,
1094 958 1129 1012 ut
1151 946 1298 1013 Octavius
1326 948 1463 1014 orandus

142 1048 183 1111 sit
204 1066 263 1130 pro
285 1044 384 1108 salute
405 1045 587 1131 cuiusquam
610 1045 701 1117 civis,
724 1064 788 1108 nou
809 1041 909 1106 dicam
931 1062 991 1127 pro
1014 1040 1235 1106 liberatoribus
1256 1040 1344 1107 orbis
1367 1051 1465 1108 terra-
1566 1112 1569 1123 ⁸

140 1161 222 1205 rum.
266 1141 355 1202 luvat
384 1139 466 1202 enim
496 1138 657 1222 magnifice
686 1136 772 1220 loqui
800 1144 832 1200 et
857 1147 941 1200 certe
971 1134 1060 1200 dccet
1088 1134 1238 1201 adversus
1265 1136 1463 1220 ignorantes,

141 1232 217 1320 quid
245 1251 305 1318 pro
336 1251 461 1316 quoquc
490 1231 662 1296 timendum
690 1240 745 1295 aut
773 1250 940 1317 equoque
962 1230 1129 1314 petendum
1152 1230 1201 1295 sit.
1245 1234 1385 1305 Hoetu,
1416 1233 1502 1298 Ci-sn

141 1349 232 1401 cero,
262 1345 356 1412 posse
378 1324 485 1390 lateris
508 1326 689 1399 Octavium,
717 1337 748 1391 et
768 1324 815 1388 illi
837 1325 954 1389 amicus
976 1330 1033 1388 est
1063 1333 1129 1399 aut,
1159 1324 1259 1390 sime
1280 1345 1389 1392 carum
1410 1325 1465 1390 ha-

140 1419 213 1494 hes,
236 1425 283 1484 vis
300 1424 417 1483 Romae
439 1418 556 1493 videri;
579 1440 666 1493 cum,
689 1428 723 1484 ut
745 1417 802 1483 tibi
824 1440 892 1484 esse
914 1439 1055 1503 possem,
1078 1417 1342 1484 commendandus
1363 1440 1465 1506 puero

141 1516 186 1582 illi
208 1513 343 1580 luerim?
373 1512 428 1577 Cui
451 1512 527 1600 quid
542 1514 608 1597 agis
629 1513 759 1598 gratias,
776 1512 820 1586 si,
843 1523 877 1577 ut
892 1534 949 1577 nos
972 1513 1073 1577 salvos
1087 1533 1156 1576 essc
1178 1512 1252 1577 velit
1273 1523 1304 1577 et
1318 1516 1463 1598 patiatur,

140 1610 317 1694 rogandum
333 1613 444 1689 putas?
466 1615 513 1671 Αιι
528 1607 589 1672 hoc
610 1628 668 1691 pro
684 1605 837 1671 beneficio
859 1604 1034 1670 habendum
1050 1614 1109 1677 est,
1132 1606 1216 1691 quod
1239 1628 1274 1671 se
1295 1630 1388 1694 quam
1404 1616 1465 1674 hn-

142 1704 261 1768 tonium
283 1725 351 1769 esse
373 1701 530 1774 maluerit,
553 1722 571 1764 a
593 1722 656 1787 quo
679 1701 736 1765 ista
758 1701 891 1786 petenda
913 1705 1037 1765 essent?
1060 1698 1181 1765 Vindici
1202 1701 1328 1782 quidem
1344 1703 1498 1767 atienaou

142 1795 377 1871 dominationis,
411 1816 474 1859 nou
503 1795 640 1869 vicario,
675 1795 781 1880 ecquis
810 1795 977 1880 supplicat,
1008 1802 1042 1857 ut
1069 1793 1186 1878 optirne
1214 1795 1333 1860 meritis
1360 1795 1398 1861 dc
1428 1818 1464 1861 re

142 1887 265 1974 publica
293 1891 382 1957 liceat
410 1910 478 1954 esse
501 1889 614 1953 salsis?
651 1894 681 1953 3.
704 1893 764 1953 lsta
786 1910 863 1954 vero
886 1886 1080 1953 imbecillitas
1102 1899 1133 1952 et
1153 1887 1346 1974 desperatio,
1375 1891 1464 1957 cuius

142 1983 232 2070 culpa
262 2007 324 2050 non
353 1991 451 2069 magis
482 1984 514 2048 in
537 1994 566 2047 te
592 1984 708 2048 residet
738 2004 832 2069 quam
862 1984 893 2048 in
915 1980 1060 2047 omnibus
1089 1983 1156 2046 aliis
1186 1994 1217 2047 et
1239 1987 1403 2048 Caesarem
1432 1984 1464 2048 in

142 2078 342 2163 cupiditatem
371 2078 459 2163 regni
486 2077 609 2162 impulit
637 2088 668 2141 et
689 2078 823 2142 Antonio
852 2089 922 2163 post
944 2077 1104 2141 interitum
1126 2076 1209 2141 illius
1230 2077 1400 2161 persuasit,
1430 2086 1465 2142 ut

142 2171 296 2237 interlecti
324 2173 427 2238 locum
456 2192 610 2257 occupare
638 2182 822 2244 conaretur,
854 2178 885 2235 et
906 2191 987 2234 nunc
1009 2191 1141 2254 puerum
1163 2171 1256 2236 istum
1279 2173 1404 2245 extulit,
1429 2182 1501 2238 uiso

142 2275 177 2330 tu
198 2266 354 2331 iudicares
375 2264 520 2351 precibus
543 2286 611 2329 esse
633 2265 858 2351 impetrandam
881 2264 1010 2329 salutem
1034 2263 1144 2329 talibus
1166 2265 1259 2338 viris,
1287 2267 1464 2332 misericor-

143 2358 256 2445 diaque
285 2360 393 2434 unius,
423 2361 476 2424 vix
504 2359 681 2423 etiamnunc
709 2359 784 2432 viri,
815 2369 898 2424 tutos
927 2357 995 2422 lore
1023 2378 1096 2430 nos,
1128 2357 1209 2423 haud
1238 2360 1300 2425 ulla
1328 2361 1388 2425 alia
1417 2383 1463 2425 re.

144 2452 265 2529 Quodsi
287 2458 444 2519 Romanos
465 2473 524 2517 nos
546 2473 614 2517 esso
638 2453 902 2525 meminissemus,
933 2473 997 2516 non
1018 2451 1166 2516 audacius
1193 2453 1348 2518 dominari
1370 2476 1464 2540 cupe-

142 2558 212 2612 rent
233 2547 383 2633 postremi
407 2546 565 2619 homines,
588 2567 681 2631 quam
704 2546 736 2610 id
758 2567 816 2611 uos
837 2544 1096 2630 prohiberemus,
1119 2567 1220 2631 neque
1243 2547 1341 2631 magis
1362 2548 1465 2614 irrita·

144 2649 192 2704 tus
214 2649 296 2705 essct
317 2640 469 2705 Antonius
491 2659 588 2722 regno
612 2640 753 2704 Caesaris
781 2660 875 2725 quam
902 2639 943 2705 oh
966 2638 1106 2704 eiusdem
1128 2650 1262 2704 mortem
1284 2640 1501 2707 senoniense

142 2737 173 2796 tl.
201 2737 249 2797 Tu
279 2733 405 2819 quidem
434 2733 606 2797 consularis
636 2743 667 2797 et
697 2742 852 2798 tantorum
881 2733 1033 2797 scelerum
1063 2732 1178 2797 vindex
1203 2734 1378 2820 —quibus
1408 2756 1464 2820 op-

142 2824 259 2910 pressis
281 2846 410 2900 voreor,
439 2846 479 2890 ne
507 2826 539 2889 in
561 2825 658 2889 breve
680 2834 803 2912 tempus
831 2825 924 2891 dilata
946 2827 985 2890 sit
1012 2825 1126 2890 abste
1148 2828 1303 2911 pernicies
1325 2866 1379 2901 —-,
1410 2830 1463 2914 qui

142 2925 232 3002 potes
259 2918 374 2983 intueri
404 2940 484 3005 quae
511 2920 661 3004 gesseris,
691 2919 782 2985 simul
812 2931 843 3007 et
864 2920 923 2985 ista
950 2919 1000 2984 vol
1022 2917 1157 3004 probare
1186 2921 1235 2984 vel
1263 2922 1304 2985 ita
1330 2920 1464 2986 deruissc

143 3032 180 3074 ac
208 3009 297 3076 lacile
318 3013 398 3096 pati,
426 3021 461 3078 ut
482 3012 643 3098 probantis
665 3014 799 3098 speciem
822 3013 959 3078 habeas‘t
992 3013 1086 3090 Quod
1107 3024 1209 3079 autem
1232 3014 1288 3079 tibi
1310 3037 1380 3081 cum
1403 3025 1465 3082 Αιι-

143 3105 230 3168 touio
252 3104 407 3188 privatum
429 3105 556 3172 odium?
579 3112 697 3192 Nempe
718 3107 791 3192 quia
813 3105 988 3193 postulabat
1009 3107 1100 3172 haec:
1124 3107 1254 3172 salutem
1276 3107 1316 3173 ab
1335 3132 1368 3174 se
1391 3112 1463 3197 peti,
1474 3127 1502 3195 .³⁰

142 3198 317 3281 precariam
345 3220 402 3263 uos
424 3198 668 3265 incolumitatem
694 3201 827 3273 habere,
855 3198 1009 3286 aquibus
1036 3200 1103 3285 ipsc
1125 3200 1300 3266 libertatem
1329 3204 1464 3288 accepis·

143 3303 205 3365 set,
234 3312 303 3356 esse
325 3292 490 3357 arbitrium
517 3315 607 3358 suum
636 3294 675 3360 de
696 3317 732 3360 re
755 3293 894 3380 publica,
924 3293 1101 3379 quaerenda
1124 3316 1193 3360 esse
1219 3317 1304 3359 arma
1333 3297 1464 3381 putasti,

143 3382 257 3469 quibus
279 3383 435 3450 dominari
457 3385 687 3471 prohiberetur.
732 3388 871 3462 Scilicet,
901 3399 935 3453 ut
957 3389 1011 3453 illo
1033 3388 1192 3474 prohibito
1213 3410 1398 3474 rogaremus
1420 3389 1464 3454 al·

142 3486 259 3550 terum,
289 3479 398 3564 quise
428 3481 460 3544 in
483 3483 549 3547 eius
571 3483 674 3547 locum
697 3482 809 3569 reponi
830 3492 1003 3566 pateretur,
1032 3504 1071 3546 an
1093 3493 1127 3547 ut
1149 3495 1230 3548 esset
1257 3484 1306 3549 sui
1329 3484 1405 3549 iuris
1427 3507 1464 3549 ac

143 3571 289 3657 mancipii
310 3595 362 3637 res
384 3574 526 3658 publicat
549 3576 614 3640 Nisi
636 3575 718 3640 sorte
739 3597 802 3640 non
825 3575 864 3640 de
884 3576 1033 3640 servitute
1054 3576 1109 3641 sed
1131 3576 1170 3640 dc
1192 3575 1376 3643 condicione
1398 3596 1501 3642 scr-ss

143 3664 247 3728 viendi
268 3676 446 3731 recusatum
468 3681 515 3735 est
544 3689 560 3732 a
584 3667 684 3733 nohis.
727 3669 819 3754 Atqui
841 3690 904 3734 non
925 3669 1025 3733 solum
1048 3668 1132 3734 hono
1155 3669 1283 3737 domino
1304 3673 1464 3758 potuimus

141 3759 277 3823 Antonio
300 3760 435 3824 tolerare
457 3772 595 3826 nostram
618 3761 774 3826 lortunam
796 3762 849 3827 sed
873 3762 964 3826 etiam
986 3760 1148 3827 beneficiis
1175 3774 1268 3850 atque
1289 3765 1462 3831 honoribus

142 3859 177 3915 ut
202 3853 369 3939 participes
398 3854 478 3929 lrui,
507 3856 630 3941 quantis
658 3855 818 3921 vellemus.
862 3856 945 3932 Quid
974 3856 1057 3919 enim
1087 3868 1216 3941 negaret
1243 3859 1296 3932 iis,
1327 3882 1461 3946 quorum

142 3945 320 4028 patientiam
349 3947 470 4014 videret
498 3949 669 4013 maximum
700 3948 917 4014 dominationis
948 3970 1023 4013 suae
1045 3950 1234 4034 praesidium
1257 3959 1357 4017 osset
1400 3955 1461 4019 Sed

143 4036 218 4101 nihil
244 4039 321 4103 tanti
349 4041 421 4115 luit,
451 4064 514 4127 quo
543 4042 750 4108 venderemus
777 4042 870 4107 fidem
899 4055 1036 4108 nostram
1064 4053 1095 4107 et
1122 4044 1305 4113 libertatem.
1348 4053 1376 4113 5.
1404 4048 1498 4113 lliceo

154 4182 337 4195 ¹-—

212 4264 239 4315 5.
258 4268 371 4318 noluerit
390 4269 411 4319 1.
433 4297 463 4307 -
495 4273 536 4321 11.
555 4274 578 4320 ιι·
597 4285 651 4321 οιιι.
672 4272 693 4320 1.
713 4296 745 4306 -
779 4272 858 4321 hebes
876 4272 964 4319 aevis
983 4270 1004 4318 1.
1027 4295 1056 4305 -
1096 4271 1139 4320 12.
1159 4270 1248 4319 cidere
1267 4271 1459 4325 8101ιί0111-

143 4349 227 4385 verse.
248 4350 275 4400 p.
295 4338 371 4388 1803.
393 4365 425 4376 -
462 4340 1149 4392 1110011101ιοοιιιιιαιιηιιιιηιιι.-
1187 4341 1229 4390 15.
1250 4340 1459 4403 supplicaretu-

143 4405 196 4455 dici
213 4406 254 4455 tttt
272 4409 377 4467 quidem
393 4433 404 4442 ·
421 4434 432 4444 ·
449 4424 505 4459 non
521 4415 634 4461 vicario.
663 4413 697 4462 Et
716 4413 776 4475 quis
795 4412 816 4460 1.
838 4437 867 4447 -
902 4410 944 4459 to.
966 4423 1019 4458 non
1036 4407 1149 4472 vicario]
1169 4411 1265 4460 nedum
1284 4416 1386 4464 vicario
1405 4430 1459 4465 ma-

142 4476 235 4525 lebant
253 4476 377 4526 barthius
401 4485 428 4530 st
447 4481 633 4531 blarllandus.
671 4482 723 4532 Sed
742 4480 791 4530 cfr.
812 4480 933 4530 liuldrici
960 4479 1132 4542 Programma
1152 4480 1241 4529 Turic.
1263 4483 1340 4533 1791.
1366 4510 1397 4519 -
1435 4491 1459 4534 et

142 4548 201 4608 puis
220 4545 294 4596 11111.
317 4570 347 4580 -
371 4549 414 4598 20.
435 4547 586 4613 coneretur]
605 4555 734 4601 niteretur
751 4553 772 4600 1.
793 4576 824 4587 -
845 4553 924 4600 istum
941 4553 982 4599 ito
1001 4551 1093 4600 extulit
1111 4550 1269 4601 Lambinus.
1292 4576 1320 4586 -
1348 4555 1392 4604 21.
1411 4557 1459 4604 mi·

141 4616 365 4679 sericordtamque
382 4618 404 4666 1.
426 4644 454 4654 -
486 4620 530 4671 26.
550 4634 687 4682 oppressus
705 4623 737 4672 11.
756 4645 790 4655 -
820 4621 863 4671 29.
884 4618 990 4682 babens]
1006 4621 1137 4681 praebeas
1155 4620 1302 4671 Lambinus
1315 4624 1349 4672 ad
1365 4625 1456 4674 tieret.

143 4686 210 4751 Epp.
234 4688 265 4744 1,
285 4686 378 4745 18,*1.
400 4712 430 4722 -
450 4688 493 4738 30.
509 4693 638 4751 privatim
656 4692 680 4741 l.
698 4717 730 4726 -
750 4706 768 4741 a
786 4691 816 4740 11.
842 4717 866 4724 -
894 4690 937 4738 32.
958 4691 991 4738 de
1010 4691 1174 4752 republica,
1194 4693 1347 4755 quaerendo
1364 4696 1456 4745 Rll'ur

142 4756 176 4805 de
195 4769 224 4804 re
237 4756 354 4817 publico·
384 4757 541 4819 Quaerenda
559 4760 589 4810 ts.
614 4784 640 4795 -
679 4761 723 4811 38.
742 4760 916 4810 recusandum
936 4761 965 4810 11.
987 4787 1023 4796 -
1057 4761 1100 4810 38.
1120 4769 1229 4822 separet
1248 4762 1410 4827 Cratander,
1431 4773 1459 4816 ut

143 4826 251 4879 nolebat
262 4827 417 4876 Ernestius:
436 4834 511 4892 neget
528 4828 624 4881 1111111.
647 4855 677 4867 -
696 4832 738 4883 39.
760 4831 949 4881 demorationis
960 4843 1024 4880 sune
1042 4831 1110 4882 stu:
1129 4843 1193 4880 suae
1204 4832 1396 4885 dominationis
1414 4835 1457 4886 ts.

227 4933 299 4974 cin„
313 4932 335 4973 r.
352 4933 393 4986 ιιιἸ
1208 4911 1250 4972 49
