3256 5400
196 223 238 283 bl
624 214 899 279 aristotelesit
920 215 972 277 ab
993 213 1084 278 Fani.

195 376 228 441 id
249 377 352 442 solum
380 395 448 439 rnen
478 382 603 458 sponte,
634 371 690 436 sed
720 371 818 436 multo
845 375 938 436 etiam
964 375 1063 454 magis
1096 378 1242 435 monente
1263 379 1295 440 et
1315 370 1517 437 denuntiante

196 483 236 538 te.
286 474 351 535 Etsi
378 472 460 533 enim
489 467 553 531 alni
579 486 723 551 magnam
751 474 873 551 partem
899 464 1077 539 consulatus
1110 467 1175 539 tui,
1212 472 1315 529 tamen
1343 474 1375 530 et
1406 463 1518 531 absens

195 562 438 651 cognoscebam,
473 582 552 647 quae
581 569 664 625 esset
693 569 745 625 tua
768 565 798 624 in
821 558 881 624 hoc
902 557 1053 644 pestifero
1074 554 1159 635 bello
1180 558 1320 627 cavendo
1341 566 1374 623 et
1394 558 1518 643 praedi·

195 657 295 724 cende
323 658 489 730 sententia,
525 662 557 719 et
583 658 651 740 ipse
680 650 754 719 alini
781 657 891 743 primis
923 648 1117 738 temporibus
1146 652 1191 717 tul
1218 650 1413 728 consulatus,
1446 672 1518 719 eum

172 754 427 817 neocoratissime
448 752 596 813 monuisti
618 757 775 822 senatum,
807 746 946 812 collectis
968 742 1115 813 omnibus
1135 742 1227 825 bellis
1248 741 1408 820 civilibus,
1432 752 1519 811 utet

195 845 246 911 illa
268 849 432 917 timerent,
466 863 546 931 quae
568 846 797 918 meminissent,
831 850 863 905 et
883 844 1020 917 seirent,
1055 862 1128 906 cnm
1150 845 1333 928 superiores
1355 838 1443 913 nullo
1464 838 1517 904 tali

194 938 340 1025 exemplo
367 946 457 1001 antea
488 941 520 1002 in
541 956 590 1016 re
607 934 731 1022 publica
752 939 877 1021 cognito
904 943 968 999 tem
989 932 1133 1001 crudeles
1153 932 1305 1013 luissent,
1338 936 1518 1022 quicunque

194 1040 302 1119 postea
323 1052 391 1095 rem
412 1030 568 1117 publicam
591 1033 799 1116 oppressisset
819 1031 931 1103 armis,
953 1028 1053 1095 multo
1067 1026 1348 1096 intolerabiliorem
1364 1026 1516 1095 futurum.

193 1130 285 1201 Nam,
317 1122 402 1211 quod
425 1122 640 1209 exemplem,
677 1122 709 1187 id
732 1127 826 1187 etiem
852 1127 922 1188 iure
951 1120 1020 1189 lieri
1043 1130 1168 1209 putant;
1202 1120 1256 1189 sed
1284 1121 1403 1209 aliquid
1425 1131 1517 1208 atque

159 1218 274 1285 tondeo
296 1219 393 1283 multe
415 1217 532 1282 addunt
553 1228 584 1281 et
605 1215 739 1282 alierunt
760 1215 799 1279 de
821 1237 890 1281 suo.
944 1219 975 1281 2.
999 1218 1106 1294 Quare
1127 1218 1306 1282 meminisse
1329 1213 1426 1280 debes
1447 1234 1517 1289 eos,

195 1315 248 1397 qui
276 1314 492 1377 auctoritatem
520 1321 552 1375 et
572 1307 736 1374 consilium
766 1317 853 1374 tuum
882 1329 945 1373 non
968 1314 1030 1375 sint
1057 1314 1176 1384 secuti,
1209 1330 1265 1375 sua
1288 1307 1416 1376 stultitia
1438 1311 1519 1373 oeci·

192 1404 295 1479 disse,
319 1426 389 1469 eum
418 1411 471 1470 tua
492 1402 657 1489 prudentia
679 1402 756 1467 salvi
778 1423 846 1466 esse
873 1406 1059 1489 potuissent
1102 1407 1208 1468 Dices:
1249 1401 1356 1481 „Quid
1383 1421 1434 1468 me
1462 1407 1520 1468 ista

194 1519 246 1563 res
268 1498 448 1564 consolatur
470 1501 501 1561 in
523 1500 614 1560 tantis
642 1492 780 1560 tenebris
813 1504 843 1560 et
872 1499 961 1583 quasi
991 1501 1152 1582 parietinis
1172 1501 1221 1562 rei
1243 1495 1434 1583 publicaei''
1466 1498 1521 1561 Est

194 1595 323 1656 omnino
358 1595 412 1656 vix
443 1587 642 1655 consolabilis
676 1588 783 1653 dolor:
821 1598 903 1654 muta
936 1600 983 1655 est
1016 1593 1157 1655 omnium
1188 1612 1296 1654 rernm
1325 1595 1453 1656 amissio
1489 1597 1521 1654 et

160 1712 185 1751 ra
194 1682 371 1769 desperatio
407 1682 628 1769 recuperandi:
662 1681 716 1748 sed
750 1692 852 1746 tamen
880 1691 911 1747 et
948 1686 1062 1748 Caesar
1094 1687 1161 1769 ipse
1188 1689 1231 1749 ita
1267 1683 1306 1748 de
1339 1692 1369 1746 te
1406 1681 1521 1748 iudicat

194 1787 226 1843 et
254 1800 362 1842 omnes
396 1781 479 1843 cives
519 1781 564 1842 sic
603 1780 804 1849 existimant,
843 1779 931 1862 quasi
961 1777 1066 1842 lumen
1103 1776 1230 1865 aliquod
1271 1781 1432 1842 exstinctis
1470 1796 1522 1841 ee-

195 1874 270 1936 teris
299 1871 423 1936 elucere
455 1874 647 1935 sanctitatem
680 1878 711 1934 et
732 1868 930 1955 prudentiam
952 1879 984 1935 et
1011 1868 1193 1955 dignitatem
1212 1879 1307 1936 tuam.
1359 1874 1443 1935 llaec
1464 1867 1520 1934 tibi

193 1964 234 2031 ad
254 1964 400 2031 levandas
421 1963 579 2029 molestias
604 1984 715 2049 magna
745 1984 813 2028 esse
843 1962 968 2029 debent
1020 1963 1115 2042 Quod
1144 1973 1249 2030 autem
1282 1984 1300 2028 a
1333 1969 1393 2029 tuis
1425 1962 1520 2038 abes,

194 2056 226 2124 id
265 2080 304 2124 eo
340 2058 440 2124 levius
470 2056 637 2122 serendum
668 2066 729 2132 est,
764 2056 849 2144 quod
883 2056 996 2123 eodem
1028 2066 1171 2145 tempore
1201 2080 1219 2124 a
1255 2057 1362 2125 multis
1391 2064 1423 2121 et
1455 2078 1522 2123 ma·

157 2156 263 2237 segnis
291 2152 441 2217 molestiis
473 2149 562 2229 abes;
603 2172 680 2237 quas
708 2150 748 2215 ad
781 2159 811 2215 te
848 2172 957 2217 omnes
987 2150 1240 2239 perscriberem,
1277 2155 1335 2218 nisi
1373 2172 1520 2228 vererer,

194 2266 234 2310 ne
255 2267 294 2311 ea
325 2265 532 2330 cognosceres
561 2242 689 2319 absens,
726 2265 807 2331 quae
837 2249 910 2331 quia
937 2266 1001 2310 non
1028 2245 1117 2310 vides
1145 2245 1222 2312 mihi
1248 2246 1367 2313 videris
1388 2244 1521 2311 meliore

194 2361 263 2407 esse
284 2339 467 2406 condicione
492 2359 586 2425 quam
611 2359 685 2413 nos,
708 2341 761 2424 qni
783 2336 936 2404 videmus.
980 2344 1011 2404 3.
1033 2342 1190 2405 Hactenus
1211 2344 1358 2407 existimo
1380 2349 1521 2404 nostram

194 2433 439 2499 consolationem
460 2442 545 2499 recte
567 2429 735 2497 adhibitam
756 2451 840 2506 esse,
863 2431 967 2519 quoad
989 2437 1107 2498 certior
1128 2431 1168 2497 ab
1189 2432 1316 2499 homine
1332 2436 1522 2499 amicissimo

195 2524 345 2591 heresiis
367 2524 406 2590 de
428 2524 540 2602 rebus,
571 2522 684 2612 quibus
705 2523 803 2589 levari
824 2533 954 2610 possent
974 2524 1136 2591 molestiae
1159 2534 1240 2592 tuae.
1296 2527 1428 2612 Reliqua
1451 2532 1523 2590 sunt

158 2622 228 2683 asin
248 2628 278 2683 te
299 2621 369 2704 ipso
391 2640 493 2707 neque
515 2617 592 2684 mihi
614 2620 720 2703 ignota
743 2638 800 2682 nec
821 2622 950 2683 minima
973 2617 1097 2693 solatia,
1120 2629 1155 2685 nt
1175 2619 1303 2707 quidem
1326 2640 1386 2705 ego
1409 2621 1521 2693 sentio,

196 2711 295 2778 multo
316 2716 466 2777 maxima:
489 2733 571 2801 qnae
593 2733 653 2797 ego
675 2716 843 2797 experiens
865 2710 1005 2798 quotidie
1027 2717 1072 2776 sic
1093 2711 1217 2798 probo,
1239 2726 1275 2781 ut
1290 2735 1326 2779 ea
1342 2713 1417 2787 mibi
1438 2712 1522 2777 salu·

195 2814 258 2870 tem
279 2804 394 2870 adema
417 2805 590 2870 videantur.
634 2811 677 2871 Te
699 2814 802 2870 antem
825 2803 865 2869 ab
888 2809 978 2870 initio
1000 2809 1108 2871 aetatis
1123 2811 1276 2872 memoria
1291 2816 1383 2872 teneo
1399 2824 1521 2873 summe

196 2903 335 2964 omniurn
357 2897 570 2964 doctrinarum
605 2898 780 2964 studiosum
804 2897 899 2964 luisse
926 2902 1112 2985 omniaque,
1146 2921 1226 2986 quae
1248 2923 1265 2964 a
1287 2902 1522 2987 sapientissimis

196 2990 236 3058 ad
256 2990 335 3057 bene
357 2992 526 3057 vivendum
549 2991 661 3057 tradita
683 3002 800 3067 essent,
823 3012 948 3057 summo
971 2991 1076 3057 studio
1091 3014 1229 3080 curaque
1245 2992 1400 3059 didicisse.
1432 2995 1521 3071 Quae

159 3084 323 3172 sequidem
351 3085 402 3150 vel
424 3089 551 3172 optimis
573 3083 669 3151 rebus
691 3093 723 3149 et
742 3089 813 3150 usui
836 3094 867 3150 et
889 3084 1087 3150 delectationi
1110 3107 1179 3151 esse
1202 3096 1345 3173 possent;
1373 3086 1422 3152 his
1445 3107 1522 3151 vero

195 3177 389 3264 temporibus
411 3178 564 3245 babemus
585 3178 670 3245 aliud
693 3177 786 3253 nihil,
815 3183 846 3244 in
869 3200 933 3266 qno
955 3182 1200 3265 acquiescamus.
1243 3179 1324 3245 Nihil
1346 3181 1457 3246 laciam
1476 3184 1522 3245 in-

196 3271 347 3348 solenter,
379 3295 482 3361 neqne
504 3285 535 3338 te
564 3274 617 3339 tali
647 3272 698 3338 vel
719 3277 847 3339 scicntia
875 3274 923 3338 vel
946 3283 1057 3338 natura
1079 3273 1256 3360 praeditum
1278 3272 1450 3346 hortabor,
1488 3281 1523 3338 ut

196 3366 236 3431 ad
257 3388 310 3432 eas
331 3376 361 3432 te
382 3366 503 3432 reseras
524 3376 625 3442 artes,
648 3365 763 3453 quibus
785 3371 928 3453 aprimis
944 3366 1140 3454 temporibus
1155 3372 1264 3451 aetatis
1280 3367 1418 3434 studium
1434 3376 1522 3432 tuum

197 3458 318 3526 dedisti.
371 3465 402 3526 t.
425 3465 557 3526 Tantum
578 3460 695 3535 dicam,
732 3459 817 3547 quod
841 3471 870 3525 te
891 3482 985 3546 spero
1007 3459 1277 3547 approbaturum,
1311 3482 1378 3535 me,
1400 3470 1522 3547 postea-

162 3574 291 3639 uquam
314 3553 357 3618 illi
380 3559 456 3628 arti,
489 3559 540 3620 cui
562 3554 762 3628 studueram,
795 3553 872 3619 nibil
901 3575 971 3618 esse
994 3555 1054 3620 loci
1077 3576 1180 3640 neque
1203 3559 1233 3618 in
1256 3559 1342 3618 curia
1365 3576 1468 3639 neque
1491 3557 1523 3617 in

198 3644 270 3711 loro
292 3645 442 3722 viderim,
465 3669 593 3713 omnem
614 3670 717 3713 meam
738 3669 846 3713 curam
868 3658 961 3734 atque
984 3669 1113 3733 operam
1136 3647 1176 3712 ad
1196 3646 1426 3733 philosophiam
1449 3667 1524 3710 con·

197 3739 315 3806 tulisse.
369 3746 453 3806 Tuae
488 3747 635 3808 scientiae
670 3742 834 3807 excellenti
863 3761 900 3806 ac
932 3742 1081 3824 singulari
1110 3762 1174 3805 non
1202 3740 1302 3807 multo
1332 3742 1401 3827 plus
1428 3761 1523 3826 quam

198 3842 324 3900 nostrae
346 3833 489 3901 relietum
511 3844 560 3901 est
580 3836 652 3901 loci.
704 3838 810 3914 Quare
833 3856 895 3900 non
918 3833 1065 3921 equidem
1088 3845 1117 3901 te
1139 3856 1268 3914 moneo,
1306 3834 1361 3899 sed
1382 3833 1459 3901 mihi
1480 3839 1522 3900 ita

199 3932 356 4013 persuasi,
390 3937 420 3993 te
442 3951 569 4017 quoque
591 3934 623 3995 in
644 3928 755 3996 iisdem
777 3932 896 3993 versari
919 3926 1032 4004 rebus,
1048 3951 1050 3955 ·
1066 3950 1147 4015 quae
1180 3934 1302 3994 etiamsi
1324 3933 1427 3995 minus
1449 3946 1542 4016 pro-·

161 4021 337 4096 aedessent,
359 4027 497 4088 animum
519 4031 622 4088 tamen
643 4043 662 4086 a
684 4022 891 4088 sollieitudine
913 4019 1114 4087 abducerent.
1159 4026 1288 4089 Servius
1310 4022 1437 4110 quidem
1452 4032 1524 4087 tnus

200 4118 231 4179 in
253 4112 398 4180 omnibus
420 4121 561 4201 ingenuis
583 4114 703 4181 artibus
724 4119 950 4202 inprimisque
973 4119 1005 4179 in
1028 4116 1101 4190 bac,
1120 4121 1153 4181 in
1175 4136 1237 4203 qna
1257 4138 1319 4201 ego
1339 4138 1391 4183 me
1413 4118 1522 4202 scripsi

198 4213 417 4296 acquiescere,
450 4214 491 4273 ita
513 4220 671 4286 versatur,
705 4216 739 4274 ut
760 4209 909 4285 excellat;
942 4229 1032 4273 ame
1055 4230 1133 4276 vero
1155 4215 1200 4275 sic
1221 4209 1377 4295 diligitur,
1411 4217 1446 4274 nt
1467 4206 1524 4274 tibi

198 4305 253 4367 uni
275 4301 459 4376 concedam,
482 4312 644 4387 praeterea
666 4307 801 4383 nemini;
824 4303 962 4389 mihique
984 4300 1023 4367 nb
1046 4324 1086 4368 eo
1107 4307 1207 4390 gratia
1228 4304 1383 4370 refertur:
1405 4308 1438 4370 in
1460 4322 1524 4389 quo

200 4395 252 4460 ille
268 4399 438 4469 existimat,
462 4396 547 4482 qriod
566 4397 656 4462 lacile
677 4407 839 4484 appareat,
862 4418 934 4462 cum
955 4417 1006 4461 me
1025 4398 1106 4462 colat
1128 4409 1159 4464 et
1178 4397 1344 4475 observet,
1367 4396 1423 4464 tibi
1445 4417 1525 4484 quo-

163 4510 263 4576 asque
285 4494 316 4555 in
338 4510 377 4553 eo
399 4510 432 4553 se
455 4489 556 4553 lacere
578 4496 800 4574 gratissimum.

270 4661 298 4709 il.
317 4659 448 4709 reuertitur
465 4657 502 4707 Μ.
524 4684 552 4694 -
591 4661 617 4709 o.
637 4658 691 4724 aed]
711 4668 735 4711 et
755 4661 912 4712 Lambinus.
935 4684 961 4696 -
1001 4664 1043 4713 11.
1063 4663 1116 4711 sint
1135 4662 1178 4711 hl:
1198 4668 1258 4710 suot
1279 4660 1309 4711 Β.
1331 4686 1358 4696 -
1400 4658 1443 4708 12.
1462 4659 1526 4722 quid

200 4737 284 4780 mesto
312 4742 352 4779 res
381 4728 419 4779 Μ.
445 4752 475 4763 -
513 4727 556 4777 16.
583 4727 629 4792 aie]
655 4733 677 4779 ai
700 4731 738 4781 Μ.
767 4758 799 4769 -·
835 4733 880 4782 at.
899 4731 990 4781 metior
1014 4733 1050 4781 ht.
1080 4756 1107 4766 -
1146 4731 1190 4780 2¹⁶.
1209 4731 1269 4797 flere
1287 4733 1310 4779 si
1326 4731 1366 4778 tris
1384 4729 1415 4778 ds
1434 4728 1470 4778 Μ.
1492 4752 1522 4763 ·-

200 4801 246 4850 25.
265 4796 306 4863 ut]
325 4806 371 4849 oet
390 4798 434 4856 Μ,
453 4804 477 4848 et
494 4805 523 4848 ut
544 4798 702 4851 Cratander.
739 4802 832 4852 hialim
851 4802 895 4851 aed
912 4809 952 4851 ut.
972 4801 1052 4852 Barr.
1077 4827 1099 4834 ’-
1141 4801 1185 4851 34.
1205 4799 1523 4850 dedidiati.tmbr.'1.-

203 4870 246 4920 so.
266 4871 376 4920 riderem
394 4868 431 4920 Μ.
455 4891 484 4904 -·
520 4867 563 4918 lt.
584 4869 692 4934 inponite
711 4872 747 4922 Μ.
770 4896 800 4909 -·
820 4873 914 4927 inber
930 4872 974 4924 nl:
993 4873 1041 4922 hoc
1061 4870 1089 4922 ll.
1113 4895 1143 4907 -
1179 4872 1223 4922 42.
1243 4870 1356 4933 repellet
1375 4869 1412 4919 Μ.
