3256 5400
172 269 233 333 le
598 261 873 326 EPISTULARUM
895 262 947 324 Al)
969 262 1058 326 snm

170 430 202 493 S.
223 431 256 491 P.
279 427 319 502 Q.
341 428 392 497 R..
421 424 511 486 utin
532 428 719 505 perpetuum
741 438 809 481 rem
831 415 986 502 publicam
1009 416 1170 482 dominatu
1192 417 1282 502 regio
1303 415 1437 489 liberes,
1461 426 1495 481 ut

169 518 331 606 principiis
352 512 546 580 consentiant
566 511 680 576 exitus.
736 515 837 576 Tuum
860 522 908 576 est
928 511 988 576 hoc
1016 532 1149 584 munus,
1184 522 1254 576 tuac
1276 520 1400 596 partes:
1423 530 1440 573 a
1463 521 1494 574 te

169 612 229 678 hoc
250 611 359 675 civitas
388 609 435 672 vel
465 626 574 671 omnes
608 604 714 690 potius
745 613 854 688 gentes
882 624 946 669 nou
967 615 1149 690 exspectant
1168 605 1286 677 solum,
1323 603 1493 669 sedetiam

168 704 336 791 postulant.
380 706 594 786 Quamquam,
617 719 688 762 cum
711 696 887 762 hortatione
911 718 974 763 non
995 718 1106 783 egeas,
1128 707 1163 763 ut
1177 699 1407 785 suprascripsi,
1431 720 1494 763 nou

147 808 240 864 autar
268 817 305 861 ca
334 794 478 881 pluribus
506 791 627 868 verbis3
662 790 775 855 faciam
796 790 890 865 illud,
927 791 1013 876 quod
1035 812 1139 857 meum
1161 801 1223 864 est,
1253 801 1289 856 ut
1309 791 1366 857 tihi
1388 791 1494 857 omniu

169 912 239 956 mea
260 889 376 964 officia,
399 888 514 963 studia,
543 905 650 958 curas,
681 883 885 968 cogitationes
907 885 1073 969 pollicear,
1096 907 1176 972 quae
1198 884 1238 950 ad
1259 894 1345 950 tuam
1368 885 1491 950 laudem

169 995 200 1051 et
221 983 355 1069 gloriam
377 980 585 1068 pertinebunt.
630 977 844 1056 Quamobrem
866 978 960 1043 velim
982 978 1039 1044 tihi
1061 979 1102 1043 ita
1124 979 1329 1065 persuadeas,
1353 1001 1403 1043 me
1421 1000 1492 1043 curn

168 1076 380 1163 reipublicae
403 1097 511 1146 causa,
546 1070 723 1159 quaemihi
753 1072 816 1136 vita
837 1093 906 1136 mea
928 1083 976 1137 cst
1000 1071 1124 1144 carior,
1159 1082 1223 1137 tum
1246 1072 1332 1158 quod
1354 1071 1493 1156 tibiipsi

167 1171 290 1237 lateam
312 1179 459 1253 tuamque
481 1167 662 1251 dignitatem
676 1164 860 1250 amplificari
881 1165 993 1240 velim,
1015 1166 1078 1231 tuis
1099 1166 1226 1251 optimis
1248 1166 1405 1239 consiliis,
1427 1186 1494 1229 aur-

133 1263 327 1351 upbtudini,
350 1261 470 1346 gloriae
492 1260 578 1325 nullo
599 1259 671 1324 loco
693 1257 886 1324 defuturum.

651 1430 699 1493 u.
741 1426 792 1509 (A.
818 1429 851 1492 u.
873 1430 905 1492 c.
927 1429 1017 1509 πο.)

381 1556 423 1619 Μ.
445 1550 589 1616 CICERO
612 1552 643 1613 S.
664 1552 703 1613 Ι).
724 1553 763 1613 Ι).
784 1550 915 1614 BRUTO
937 1551 1017 1613 lhlP.
1040 1550 1125 1614 COS.
1145 1552 1276 1614 DESlG.

255 1670 283 1732 l.
306 1669 411 1750 Lupus
438 1670 546 1727 noster
573 1681 646 1725 cum
674 1665 807 1725 Romam
828 1669 919 1724 sexto
941 1659 993 1723 die
1015 1659 1132 1724 Mutina
1154 1660 1302 1733 venisset,
1339 1660 1492 1745 postridie

166 1781 218 1826 mc
240 1781 330 1825 mane
351 1755 496 1822 convenit
525 1768 639 1840 tuaque
667 1753 745 1818 mihi
768 1753 910 1818 mandata
933 1753 1167 1837 diligentissime
1189 1755 1336 1840 exposuit
1358 1764 1388 1818 et
1410 1755 1492 1818 litte-

134 1884 158 1922 rs
167 1874 218 1920 ras
240 1852 387 1918 reddidit.
444 1848 538 1927 Quod
559 1848 637 1913 mihi
658 1857 742 1912 tuam
765 1845 944 1931 dignitatem
967 1847 1183 1922 commendas,
1213 1847 1325 1912 eodem
1350 1859 1491 1933 tempore

168 1946 314 2012 existimo
346 1954 377 2009 te
406 1942 481 2007 mihi
512 1963 614 2007 meam
643 1939 825 2026 dignitatem
854 1939 1088 2013 commendare,
1112 1961 1205 2026 quam
1227 1941 1405 2004 mehercule
1429 1963 1491 2004 non

166 2038 268 2105 hahes
291 2048 342 2104 tua
365 2036 529 2101 cariorem.
572 2035 680 2112 Quare
701 2033 777 2098 mihi
799 2034 1010 2119 gratissimum
1032 2032 1146 2109 facies,
1170 2033 1196 2098 si
1218 2035 1414 2120 exploratum
1439 2035 1493 2098 lra-

166 2132 256 2199 hehis
274 2131 338 2196 tuis
359 2128 503 2195 laudibus
526 2128 612 2193 nullo
634 2128 704 2193 leco
736 2149 794 2191 nec
815 2127 980 2193 consilium
1001 2147 1061 2192 nec
1081 2126 1218 2193 studium
1240 2149 1345 2193 meum
1368 2128 1493 2192 delutu-

167 2248 248 2292 rum.
292 2229 322 2289 2.
346 2227 422 2289 Cum
444 2219 565 2286 tribuni
585 2220 686 2308 plebis
708 2220 895 2294 edixissent,
929 2232 1054 2287 senatus
1076 2222 1198 2287 adesset
1219 2242 1246 2286 a.
1269 2222 1299 2287 d.
1322 2243 1400 2287 xru.
1423 2221 1490 2287 lial.

130 2352 158 2388 ur
168 2325 248 2393 lan..
271 2316 483 2402 haberentque
504 2315 537 2379 in
559 2315 663 2379 animo
685 2313 725 2377 de
745 2315 904 2399 praesidio
925 2314 1089 2380 consulum
1108 2314 1340 2401 designatorum
1358 2315 1490 2387 referre.

167 2430 355 2500 quamquam
378 2417 547 2473 statueram
568 2407 600 2472 in
621 2414 764 2472 senatum
786 2418 856 2472 ante
879 2408 945 2473 llal.
967 2411 1033 2473 lan.
1055 2429 1119 2473 non
1141 2409 1269 2484 venire,
1291 2422 1395 2473 tamen
1418 2431 1489 2474 curn

167 2525 207 2570 eo
235 2503 286 2569 dic
314 2504 384 2589 ipso
415 2501 549 2566 edictum
576 2510 666 2566 tuum
697 2501 897 2586 propositum
925 2510 1021 2576 essct,
1051 2501 1139 2567 netas
1167 2523 1236 2567 csse
1265 2503 1340 2568 duxi
1373 2514 1425 2567 aut
1447 2503 1490 2568 ita

166 2595 278 2663 hnhc‘ri
299 2604 456 2669 senatum,
479 2603 514 2660 ut
534 2592 574 2658 dc
597 2595 657 2661 tuis
680 2592 793 2658 divinis
814 2595 848 2660 in
869 2615 937 2660 rem
959 2594 1116 2682 publicam
1138 2597 1259 2662 meritis
1281 2597 1428 2664 sileretur
1451 2633 1490 2646 -

167 2689 253 2777 qnod
274 2690 390 2753 lactum
412 2696 511 2762 esset,
533 2686 593 2751 nisi
616 2709 676 2774 ego
698 2695 854 2756 venissem
875 2726 934 2763 —,
956 2698 1025 2760 aut.
1048 2688 1141 2754 etiam
1158 2689 1185 2754 si
1200 2689 1275 2776 quid
1290 2690 1330 2754 de
1345 2701 1375 2755 te
1391 2692 1492 2756 hono-

129 2783 253 2854 rerilice
275 2782 448 2854 diceretur,
470 2801 522 2844 me
544 2801 607 2845 non
628 2783 747 2849 adesse.
775 2784 805 2849 3.
827 2789 934 2869 ltaque
955 2783 988 2848 in
1010 2792 1150 2848 senatum
1172 2782 1243 2847 veni
1266 2805 1366 2848 mane.
1397 2783 1489 2860 Quod

166 2898 238 2942 eum
267 2885 350 2940 essct
380 2874 648 2951 animadversum,
676 2877 921 2964 frequentissimi
942 2887 1103 2942 senatores
1125 2885 1347 2942 convenerunt.
1402 2880 1490 2952 Quae

166 2969 205 3035 ‹le
228 2981 258 3033 te
279 2969 312 3033 in
334 2978 443 3033 senatu
472 2968 607 3053 egerim,
637 2991 719 3056 quae
741 2973 774 3035 in
795 2970 941 3037 contione
962 2972 1098 3037 maxima
1120 2972 1274 3047 dixerim,
1304 2972 1437 3035 aliorum
1460 2979 1490 3033 te

165 3063 276 3131 litteris
296 3063 380 3128 malo
402 3082 603 3147 cognoscere.
660 3063 740 3129 lllud
760 3061 818 3129 tihi
839 3064 1028 3149 persuadeas
1050 3065 1160 3141 velim,
1189 3086 1239 3129 me
1261 3064 1380 3137 omnia,
1410 3085 1489 3148 quae

165 3157 204 3223 ad
226 3167 310 3222 tuam
333 3156 515 3241 dignitatem
536 3156 710 3240 augendam
732 3156 948 3244 pertinebunt,
976 3179 1057 3245 quae
1079 3169 1127 3225 est
1147 3179 1206 3244 per
1227 3179 1260 3223 se
1282 3158 1488 3242 amplissima,

129 3271 289 3322 ursummo
312 3269 439 3336 semper
460 3248 565 3314 studio
586 3261 804 3337 suscepturum
826 3261 858 3317 et
880 3252 1098 3331 defensurum
1127 3252 1212 3338 quod
1234 3271 1420 3340 quamquam
1444 3250 1491 3315 in·

167 3343 273 3428 telligo
301 3364 353 3407 me
381 3364 452 3408 cum
481 3342 586 3409 multis
614 3363 684 3408 esse
713 3343 884 3419 lecturum,
915 3357 1018 3413 tamen
1046 3357 1190 3433 appetam
1221 3346 1314 3412 huius
1335 3345 1382 3410 rei
1404 3345 1491 3430 prin·

166 3436 314 3522 eipatnm.

640 3579 704 3642 ru.
748 3575 797 3662 (A.
823 3581 855 3644 u.
879 3581 911 3644 c.
933 3578 1019 3664 710.)

376 3701 418 3762 Μ.
441 3698 584 3763 CICERO
607 3700 639 3762 S.
660 3703 698 3763 Ι).
720 3703 758 3763 Ι).
780 3701 910 3764 BRUTO
932 3704 1012 3766 ΙΜΡ.
1035 3701 1120 3766 COS.
1141 3704 1271 3767 DESlG.

129 3847 156 3890 ,5
253 3812 281 3874 l.
310 3811 387 3895 Cum
409 3807 601 3873 adhibuisset
623 3807 707 3874 domi
729 3831 818 3874 meae
840 3816 946 3897 Lupus
968 3832 1018 3875 mc
1040 3820 1072 3876 et
1097 3812 1247 3877 Libonem
1271 3822 1303 3879 et
1325 3813 1489 3886 Servium,

165 3901 389 3970 consobrinum
413 3914 516 3975 tuum,
551 3923 631 3989 quae
653 3923 722 3966 mea
744 3903 839 3968 suerit
859 3904 1028 3977 sententia,
1061 3926 1213 3990 cognosse
1236 3917 1265 3971 te
1287 3928 1328 3970 ex
1350 3911 1390 3971 hl.
1414 3906 1488 3971 Seio

165 3996 320 4070 arbitror,
343 3995 399 4081 qui
419 4004 529 4059 nostro
544 3993 682 4059 sermoni
697 3995 847 4062 interluit.
892 3998 1037 4084 Reliqua,
1060 4021 1247 4085 quamquam
1263 4001 1365 4065 statim
1382 3999 1487 4065 Seium

167 4089 336 4158 Graeceius
358 4098 405 4154 est
426 4086 624 4164 subsecutus,
647 4102 749 4154 tamen
772 4111 811 4153 ex
836 4091 987 4157 Graeceio
1008 4093 1127 4177 poteris
1149 4113 1350 4176 cognoscere.
1378 4096 1409 4157 2.
1433 4097 1491 4158 Ca-

165 4194 221 4271 put
238 4193 347 4248 autem
369 4191 416 4246 est
436 4181 510 4255 hoc,
533 4181 619 4269 quod
641 4191 671 4245 te
691 4181 928 4267 diligentissime
950 4185 1114 4275 percipere
1135 4199 1166 4250 et
1180 4187 1359 4252 meminisse
1373 4187 1488 4259 volam,

128 4313 155 4354 ω
166 4289 201 4345 ut
226 4300 267 4343 ne
296 4278 329 4342 in
355 4275 499 4341 libertate
537 4284 568 4340 et
602 4276 700 4340 salute
735 4278 842 4363 populi
873 4279 1004 4345 Romani
1032 4282 1243 4345 conservanda
1272 4285 1489 4346 auctoritatem

165 4381 291 4439 senatus
313 4379 474 4455 exspectes
496 4368 634 4434 nondum
656 4369 766 4443 liberi,
789 4392 828 4436 ne
850 4382 882 4436 et
903 4381 992 4437 tuum
1014 4373 1128 4438 lactum
1144 4373 1332 4438 condemnes
1348 4413 1386 4423 —
1402 4372 1489 4437 nullo

166 4465 250 4531 enim
275 4463 402 4550 publico
424 4461 557 4527 consilio
589 4483 656 4527 rem
685 4462 841 4548 publicam
863 4465 1052 4546 liberavisti;
1089 4489 1154 4554 quo
1176 4466 1270 4532 ctiam
1292 4475 1340 4531 est
1361 4487 1412 4530 res
1433 4465 1488 4530 illa

233 4685 260 4735 ἓ.
292 4684 436 4734 consentiet
463 4681 529 4732 Cnd.
558 4680 631 4744 Lips.
664 4705 692 4716 ·-
730 4683 757 4732 7.
783 4699 838 4733 cum
866 4687 912 4735 ltl:
945 4695 999 4734 tum
1019 4687 1048 4736 E.
1069 4713 1101 4721 -
1138 4687 1164 4736 8.
1185 4689 1237 4748 ipsi
1255 4686 1348 4735 hmhr.
1369 4685 1408 4735 c:
1434 4687 1489 4748 ipse

162 4753 224 4805 ΜΕ.
244 4779 277 4791 -
312 4754 341 4804 s.
359 4752 563 4802 veltmmctut'r
580 4752 618 4801 Μ.
640 4776 671 4787 -
709 4752 753 4803 ld.
774 4760 869 4816 tueque
888 4756 933 4806 ltl:
954 4764 1000 4805 tuo
1021 4756 1050 4806 ll.
1069 4783 1102 4791 -
1140 4757 1183 4807 ts.
1203 4758 1359 4820 dignitatem
1377 4756 1489 4806 seclusit

160 4823 329 4945 ’1ἓόοῷἐὲ
347 4828 500 4872 maenalus
520 4821 677 4872 Lambinus.
698 4847 728 4859 -
766 4823 809 4874 39.
830 4825 918 4874 colom
935 4826 982 4876 Ill:
1001 4827 1078 4877 velim
1097 4827 1127 4878 ll.
1148 4851 1180 4860 -
1215 4825 1486 4878 terraemotum:
