3256 5400
539 254 614 316 sm.
634 254 687 316 iv.
729 254 789 318 sa.
813 252 864 317 su.
887 237 937 316 ts.
958 252 1006 315 ra.
1031 252 1080 316 ra.
1432 253 1474 317 sa

141 432 207 500 quo
228 409 326 475 modo
340 429 394 474 res
408 428 443 472 se
458 406 603 482 haberet,
626 430 683 475 vos
697 409 850 475 certiores
864 407 979 474 lacere.
1022 414 1058 474 A.
1080 407 1111 474 d.
1134 431 1164 473 x.
1181 408 1249 474 llal.
1264 414 1330 476 lun.
1347 431 1418 477 cum
1433 411 1474 476 ab

140 505 304 593 Epidauro
314 503 477 568 Piraeeum
492 501 563 565 navi
578 502 727 569 advectus
744 524 861 578 essem,
876 501 920 566 ibi
936 500 1132 577 Marcellum,
1147 503 1300 589 collegam
1319 514 1474 578 nostrum

140 598 274 666 conveni
304 616 440 682 eumque
467 593 551 659 diem
582 595 627 660 ibi
657 598 853 682 consumpsi,
885 607 920 661 ut
949 616 1022 660 cum
1044 617 1084 660 co
1106 616 1233 663 essem..
1268 602 1400 663 Postero
1422 597 1476 663 slis

142 714 215 758 cum
237 691 278 756 ab
299 711 340 756 eo
362 688 524 773 digressus
538 710 640 753 csscm
663 691 868 765 eoconsilio‚
891 699 925 754 ut
946 687 987 753 ab
1008 688 1137 755 Athenis
1158 689 1190 754 in
1208 691 1369 756 Boeotiam
1392 691 1475 756 irem

140 787 361 873 reliquamque
381 781 628 848 iurisdictionem
647 781 860 859 absolverem,
882 785 951 856 ille,
974 793 1008 848 ut
1027 781 1148 858 aicbat,
1171 805 1267 871 supra
1287 785 1420 850 hiulcam
1440 784 1500 850 ius

140 881 261 947 ltaliam
296 897 406 943 versus
434 875 637 959 navigaturus
670 888 748 942 crat.
797 882 827 942 2.
850 882 924 942 Post
952 875 1035 940 diem
1058 876 1186 942 tertium
1208 879 1277 943 eius
1298 878 1376 954 (liei,
1400 900 1474 945 cum

140 974 181 1042 ab
203 971 333 1041 Athenis
353 967 510 1056 proficisci
532 969 565 1034 in
587 970 693 1036 animo
721 970 890 1044 haberem,
926 969 1051 1035 circiter
1074 969 1151 1034 bora
1173 969 1296 1037 decima
1316 973 1418 1038 noctis
1439 977 1473 1041 P.

140 1065 334 1138 Postumius,
367 1062 530 1128 familiaris
552 1062 635 1138 cius,
667 1063 706 1128 ad
735 1086 785 1130 me
816 1064 900 1129 venit
921 1074 952 1128 et
984 1062 1061 1126 mihi
1095 1063 1248 1129 nuntiavit
1279 1070 1321 1131 Μ.
1342 1066 1475 1133 Marcel·

140 1164 223 1236 lum,
245 1158 397 1243 collegam
420 1166 586 1229 nostrum,
619 1169 690 1242 post
712 1178 830 1222 coenae
851 1166 974 1240 tempus
995 1176 1014 1219 a
1036 1159 1072 1220 P.
1099 1156 1203 1240 Magio
1225 1157 1351 1232 Cilone,
1383 1158 1475 1224 lami·

141 1258 220 1324 liare
241 1254 327 1326 eiua,
360 1249 498 1335 pugione
520 1269 704 1334 percussum
727 1271 797 1315 esse
818 1261 849 1314 et
874 1248 939 1312 duo
960 1248 1090 1312 vulnera
1112 1250 1289 1336 accepisse,
1319 1273 1418 1317 uuum
1439 1253 1511 1319 insa

141 1348 320 1422 stomacho,
354 1345 488 1408 alterum
510 1343 542 1407 in
564 1345 664 1429 capite
686 1343 858 1409 secumdum
879 1362 1008 1418 aurein3
1042 1361 1172 1427 sperare
1204 1353 1308 1409 tanim
1330 1367 1403 1411 eum
1425 1346 1475 1412 vi·

141 1464 218 1509 rere
237 1460 351 1528 posse;
381 1436 519 1521 Magium
541 1456 574 1500 se
596 1436 700 1522 ipsum
721 1435 931 1510 interfecisse
959 1448 1069 1520 postea
1092 1458 1125 1501 se
1148 1459 1165 1501 a
1188 1438 1338 1504 Marcello
1360 1439 1400 1504 ad
1420 1460 1477 1504 me

141 1538 274 1604 missum
302 1551 390 1605 esse,
426 1529 481 1616 qui
508 1529 584 1593 hacc
605 1533 763 1596 nuntiaret
784 1541 816 1596 et
836 1538 982 1614 rogaret,
1011 1528 1057 1593 uti
1079 1530 1229 1596 medicos.
1282 1533 1379 1618 coegi
1401 1541 1473 1598 ete

141 1629 274 1716 vestigio
295 1646 336 1691 eo
357 1645 427 1689 sum
449 1623 610 1709 proiectus
631 1623 733 1709 prima
755 1625 835 1690 luce.
886 1626 963 1688 Cum
986 1643 1049 1686 non
1072 1624 1166 1709 longe
1189 1647 1207 1690 a
1229 1625 1360 1692 Piraeeo
1382 1626 1475 1692 abes-

140 1744 222 1797 sem,
245 1739 327 1809 puer
346 1716 466 1783 Acidini
489 1714 616 1782 obviam
637 1717 716 1782 mihi
736 1718 823 1782 venit
844 1737 916 1781 cum
937 1714 1107 1791 codicillis,
1129 1717 1163 1782 in
1176 1718 1292 1806 quibus
1307 1730 1376 1786 erat
1392 1721 1470 1787 scri·
1483 1739 1511 1781 ss

141 1826 246 1904 ptum,
267 1810 375 1900 paullo
396 1817 468 1873 ante
490 1807 591 1874 lucem
613 1811 796 1876 Marcellum
817 1810 901 1875 diem
923 1830 1015 1875 suum
1036 1809 1154 1877 obisse.
1197 1818 1242 1878 lta
1264 1814 1315 1878 vir
1334 1815 1472 1881 clarissi-

141 1930 212 1975 mus
232 1906 272 1973 ab
294 1904 421 1971 bomine
443 1902 616 1969 deterrimo
637 1904 838 1970 acerbissima
864 1911 967 1967 morte
988 1911 1037 1968 est
1057 1903 1203 1983 affectum
1225 1917 1257 1971 et
1278 1907 1329 1972 cui
1350 1908 1471 1975 inimici

141 2011 273 2092 propter
301 1997 486 2083 dignitatem
511 2007 733 2082 pepercerant,
764 1998 909 2063 inventus
941 1997 1149 2073 ostensione,
1186 2000 1242 2087 qui
1275 2001 1304 2065 ei
1336 2011 1472 2067 mortem

141 2096 283 2163 offerret.
340 2096 371 2157 9.
400 2094 468 2175 ligo
496 2097 600 2154 umen
626 2090 665 2156 ad
692 2089 928 2156 tabernaculum
957 2089 1025 2154 eius
1056 2092 1196 2176 perrexi.
1252 2096 1361 2161 iuveni
1391 2095 1475 2163 duos

141 2190 273 2257 libertos
294 2194 326 2251 et
346 2183 498 2272 pauculos
519 2204 646 2264 servos;
668 2185 809 2272 reliquos
830 2183 955 2248 aiebant
972 2182 1151 2269 profugisse
1171 2196 1258 2253 metu
1271 2190 1513 2274 perterritoque

142 2282 228 2372 qnod
249 2279 395 2346 domium
417 2297 528 2342 eorum
551 2285 622 2341 ante
648 2276 883 2343 tabernaculum
904 2277 1087 2344 interiectus
1108 2288 1201 2345 esset
1244 2284 1378 2346 Coactus
1399 2303 1470 2347 snm

142 2377 175 2442 in
196 2374 309 2440 eadem
330 2371 384 2438 illa
406 2371 534 2444 lectica,
560 2391 622 2456 qua
643 2370 711 2457 ipse
733 2371 853 2436 delatus
873 2391 977 2445 eram,
1011 2371 1153 2460 meisque
1174 2373 1342 2439 lecticariis
1362 2375 1395 2438 in
1417 2397 1474 2440 ur-

144 2469 216 2535 bem
239 2487 314 2533 cum
334 2464 473 2543 relerrc;
496 2463 603 2550 ibique
623 2483 684 2549 pro
705 2486 742 2530 ea
762 2464 869 2550 copia,
891 2485 973 2551 quae
993 2464 1123 2530 Athenis
1138 2475 1219 2540 erat,
1242 2465 1337 2533 lunus
1352 2470 1384 2534 ei
1397 2470 1477 2535 satis.

143 2563 282 2649 amplum
311 2558 490 2624 iaciendum
517 2557 636 2622 curavi.
692 2557 740 2624 Ab
761 2556 1019 2634 Atheniensibus,
1052 2558 1158 2624 locum
1190 2560 1369 2645 sepulturae
1390 2563 1476 2630 intra

143 2655 255 2723 urbem
275 2660 312 2719 ut
331 2652 460 2727 duent,
480 2650 651 2736 impetrare
672 2671 737 2716 non
758 2651 863 2737 potui,
885 2649 971 2737 quod
994 2651 1148 2736 religione
1169 2674 1204 2717 se
1225 2653 1374 2738 impediri
1388 2654 1514 2721 dice-ra

143 2759 227 2825 reut;
248 2765 352 2832 neque
374 2752 478 2809 umen
498 2742 534 2809 isl
553 2751 645 2808 antea
658 2743 806 2831 cuiquam
820 2754 1051 2810 concesserant.
1095 2744 1190 2822 Quod
1206 2746 1389 2832 proximum
1403 2747 1473 2824 hait,

143 2842 188 2908 uti
263 2859 328 2926 quo
349 2838 503 2904 vehemus
517 2836 687 2924 gymnasio
708 2858 781 2902 enm
802 2836 1024 2923 sepeliremus,
1046 2836 1138 2903 nobis
1160 2839 1381 2923 permiserunt
1409 2847 1476 2908 Nos

142 2937 175 3002 iu
195 2932 393 3001 nobilissimo
415 2930 504 2997 orbis
525 2941 683 2997 terrarum
704 2931 868 3018 gymnasio
888 2929 1074 2996 Academiae
1096 2930 1202 2996 locun
1222 2932 1396 3018 delegimus
1414 2933 1476 3001 ibi·

143 3050 205 3117 que
228 3048 301 3093 eum
323 3024 567 3100 combussimus,
603 3034 776 3111 posteaque
805 3025 1003 3100 curavimus,
1032 3032 1068 3090 nt
1089 3024 1193 3090 eidem
1213 3027 1419 3094 Athenienses
1439 3029 1477 3095 in

144 3121 258 3188 eodem
278 3120 351 3186 loco
373 3128 612 3185 mouumentum
633 3118 664 3183 ei
685 3139 899 3184 marmoreum
920 3118 1097 3185 iaciendum
1120 3119 1270 3185 locarent.
1312 3125 1369 3196 lta,
1392 3137 1514 3208 quaese

142 3225 251 3282 nostra
272 3213 377 3281 officia
397 3213 543 3288 luerunt,
564 3233 626 3299 pro
646 3211 781 3296 collegio
802 3220 835 3276 et
855 3233 915 3298 pro
936 3211 1170 3298 propinquitate
1186 3221 1217 3278 et
1238 3213 1313 3279 vivo
1333 3223 1368 3279 et
1386 3234 1472 3280 mor·

142 3317 199 3376 tuo
219 3309 326 3375 omnia
348 3308 379 3374 ci
400 3306 624 3394 praestitimus.
668 3304 757 3372 Vale.
802 3308 842 3370 D.
863 3324 912 3390 pr.
934 3304 1003 3370 ital.
1023 3308 1093 3369 qu.
1114 3304 1251 3371 Athenis.

601 3437 690 3500 sun
733 3433 784 3518 (A.
810 3437 843 3499 o.
866 3437 898 3500 c.
919 3436 1012 3514 ros.)

529 3551 571 3615 u.
593 3549 737 3616 crosno
760 3549 792 3612 s.
812 3549 852 3613 u.
872 3549 906 3611 r.
927 3548 1084 3614 nonno,

231 3677 260 3739 i.
287 3671 460 3751 Quaerenti
488 3669 565 3736 mihi
591 3667 727 3743 mmdiu,
760 3666 835 3754 quid
864 3666 903 3733 ad
924 3675 956 3732 te
977 3667 1174 3754 potissimum
1196 3669 1387 3750 scriberem,
1410 3690 1512 3740 nouas

144 3767 241 3834 modo
262 3776 347 3832 certa
368 3787 422 3831 res
443 3764 544 3840 nulla,
565 3762 622 3829 sed
643 3783 683 3829 ne
704 3781 805 3846 genus
817 3760 946 3846 quidem
958 3761 1136 3827 litterarum
1158 3763 1303 3831 usitatum
1325 3767 1475 3834 veniebat

144 3861 177 3927 in
196 3870 344 3926 mentem.
405 3863 503 3926 Unam
523 3856 609 3923 enim
629 3864 752 3943 partem
772 3863 805 3920 et
826 3854 1086 3921 consuetudinem
1107 3877 1216 3921 earum
1248 3859 1474 3944 epistolarum,

144 3952 263 4042 quibus
290 3952 436 4020 uenandis
463 3950 559 4017 rebus
586 3954 633 4016 uti
661 3947 856 4023 solebamus,
890 3957 1015 4035 tempus
1043 3949 1204 4036 eripuerat
1233 3952 1473 4042 perfeceratque

144 4047 288 4123 fortuna,
309 4066 351 4113 ne
371 4045 447 4134 quid
468 4045 529 4111 tale
551 4042 691 4110 scribere
711 4062 839 4130 possem
858 4049 913 4108 aut
934 4041 1065 4109 omnino
1085 4043 1236 4128 cogitare
1265 4047 1475 4136 Relinqueba-

215 4194 241 4244 1.
260 4198 354 4242 sst'uos
371 4191 495 4242 mitons
511 4190 622 4254 [nouem
639 4186 890 4253 hiertam-laguna.
928 4183 1030 4238 Vitium
1049 4187 1135 4239 latere
1153 4189 1261 4239 ridetur
1280 4191 1307 4241 in
1327 4206 1352 4242 v.
1377 4195 1474 4259 [om

144 4264 217 4314 Μ.
243 4260 324 4314 lass.
344 4263 390 4312 Est
407 4274 498 4312 sermo
516 4259 659 4309 familiaris
677 4259 779 4317 Servii,
798 4270 854 4308 aon
873 4257 1023 4308 Ciceronis.
1044 4257 1095 4308 01.
1116 4285 1148 4303 -.
1168 4259 1197 4308 a.
1213 4261 1287 4310 Port-
1305 4263 1344 4313 Μ.
1363 4264 1475 4314 Macest-

145 4335 210 4385 hats.
229 4333 283 4387 Os.
304 4357 338 4370 -·
357 4333 385 4384 8.
400 4338 508 4396 possm
531 4331 601 4380 duas
622 4329 656 4379 ob
680 4328 720 4380 Μ.
738 4354 770 4364 -·
809 4329 836 4379 4.
856 4327 889 4379 ob
907 4329 1014 4378 Athenis
1037 4328 1198 4379 saetosus.
1221 4351 1256 4366 -
1290 4332 1318 4383 ὅ.
1337 4339 1367 4383 sst
1386 4334 1475 4385 meas

144 4402 402 4469 bienni-Lagona:
429 4400 529 4451 utisbm
550 4399 593 4461 Μ,
612 4399 653 4448 uti
669 4397 758 4449 nubet
776 4396 806 4448 ll.
829 4423 857 4434 -
885 4411 968 4462 supro
985 4397 1101 4450 Haboni
1119 4397 1286 4451 Lambinus:
1305 4417 1388 4466 supro
1406 4404 1475 4456 Aloi-

145 4488 177 4525 os
194 4472 241 4534 it,
259 4487 342 4536 supro
359 4472 460 4523 Muteno
478 4471 509 4529 lt,
524 4461 598 4538 ὑπὲρ
611 4467 730 4531 Μαλέας
745 4464 888 4518 Victorius.
908 4488 940 4504 -
958 4469 988 4517 tn
1006 4482 1060 4518 om.
1081 4468 1114 4528 A,
1133 4462 1289 4529 hlauutlus,
1312 4471 1472 4524 Lambinus.

146 4542 201 4594 etr.
212 4543 291 4594 ilani
302 4543 381 4592 Turs.
397 4542 446 4591 111.
459 4555 485 4604 p.
500 4540 561 4591 999.
572 4563 605 4573 -
624 4539 651 4588 s.
671 4539 734 4588 Post
751 4538 818 4588 (lieris
831 4539 935 4587 tertium
944 4540 999 4588 stass
1016 4539 1065 4587 Vs:
1076 4541 1232 4601 postridiana
1244 4545 1349 4593 tertium
1368 4546 1422 4594 eius
1434 4545 1472 4604 Μ,

146 4615 275 4666 Postridie
283 4615 337 4664 sius
347 4613 377 4663 lt.
390 4635 421 4649 -
442 4613 468 4662 i.
488 4610 534 4672 sp.
556 4610 703 4659 Postumius
714 4609 965 4672 Maroni-uagum.
986 4632 1017 4643 -
1036 4609 1063 4659 9.
1082 4622 1101 4658 u
1112 4607 1156 4673 u]
1170 4611 1243 4674 spuo
1260 4613 1298 4664 Μ,
1317 4638 1346 4651 -·
1368 4615 1474 4666 cutm

146 4684 305 4736 cnunser.
325 4705 357 4722 -
375 4679 757 4743 semissemiuncia:
783 4680 824 4728 uti
840 4679 952 4728 modicos
969 4691 1093 4743 copsrsrs.
1130 4679 1208 4744 Cotyi
1226 4681 1256 4731 li.
1276 4704 1310 4718 -·
1329 4685 1371 4736 17.
1390 4686 1474 4735 steter-

146 4752 337 4805 rosnodwsshis
348 4765 424 4803 susno
437 4751 473 4811 11,
488 4751 621 4801 teterrimo
629 4748 795 4799 momina
808 4761 863 4812 mg.
877 4748 950 4799 Crat.
960 4771 992 4784 -
1011 4748 1055 4799 18.
1074 4750 1201 4812 quinus
1221 4753 1267 4815 qui
1278 4753 1309 4803 E.
1322 4778 1352 4790 —
1371 4756 1415 4806 19.
1435 4755 1475 4818 of·

146 4823 436 4890 {oerstlllruffsrrstss
448 4847 477 4859 ·-
497 4821 541 4871 ao.
561 4817 674 4884 egelaus
685 4819 724 4871 Μ.
740 4841 771 4853 -
790 4817 991 4870 actitaturus.
1003 4842 1034 4854 -
1053 4817 1184 4883 Rhesos]
1197 4835 1248 4885 quo
1260 4823 1298 4874 Μ.
1312 4849 1340 4862 -
1360 4825 1475 4877 stt-sris

147 4894 237 4945 1.-
275 4895 320 4946 99.
340 4891 484 4943 udan:
504 4889 633 4959 tisanh.
660 4914 688 4926 -
727 4888 772 4939 91.
791 4889 1099 4952 etprepsoptssqsttote
1118 4888 1162 4938 lis
1181 4895 1473 4957 umoptnqstsmh.
