3256 5400
1338 244 1462 298 mvn

140 392 193 480 ei,
215 390 320 455 seira
335 388 507 480 ordinem,
531 393 708 455 uriarum:
728 390 918 481 inquibus,
938 394 979 459 ui
999 392 1076 459 diei
1096 394 1187 484 iam,
1209 397 1279 461 nisi
1293 414 1347 461 me
1369 415 1464 462 eam-
1505 386 1508 392 ’

139 497 255 561 marris
284 494 442 569 φιλαυτία
472 494 616 581 decipit,
649 510 719 558 non
744 494 883 560 uidetur
904 514 1010 582 opera
1032 497 1123 563 male
1145 498 1325 565 collocata.
1369 500 1464 567 llaec

142 596 217 663 dum
236 598 377 684 agebat,
405 615 435 661 a
450 593 642 662 miabxi.
659 595 756 663 aPlo
771 594 856 679 1V.‚·
874 598 1029 683 pontifice
1044 603 1202 682 maximo,
1223 600 1266 667 ad
1282 602 1465 668 emendan-

140 700 204 767 dos
224 698 521 787 imprimendosquc
547 717 665 766 meros
684 705 880 788 patrumque
900 704 1004 770 libros
1025 704 1117 770 lauto
1141 705 1306 788 stipendio
1325 704 1464 773 Romam

141 808 312 873 evocatur.
354 803 489 870 Interea
515 806 643 888 tamen,
670 803 827 889 quidquid
850 808 1009 891 temporis
1033 808 1169 893 reliquis
1191 811 1466 896 occupationibus

140 910 235 996 quasi
257 907 411 974 suiiurari
434 911 583 994 poterat,
605 908 822 975 absolvendis
844 911 1088 977 commentariis
1111 911 1269 996 impendii
1285 931 1465 1001 somnoque

141 1013 305 1097 detraxit,
337 1014 375 1078 ut
392 1010 502 1079 doctis
525 1011 727 1096 hominibus,
761 1016 815 1100 qui
839 1032 923 1098 opus
952 1014 1033 1080 iliud
1062 1015 1254 1084 avidissime
1283 1021 1465 1103 exspocta-

140 1120 238 1202 bant,
265 1118 390 1202 quanto
415 1118 507 1182 ocius
524 1117 748 1183 satisfaceret.
791 1114 890 1199 Quod
916 1118 1044 1203 quidem
1070 1117 1177 1184 Roma
1203 1119 1263 1186 lV.
1280 1119 1358 1186 Kal.
1380 1121 1463 1188 Dec.

139 1219 355 1290 M.li.LXll.
375 1218 420 1285 ad
435 1218 580 1285 Marium
599 1219 760 1287 Nizoiium
781 1221 854 1288 Lib.
869 1220 928 1288 Vl.
949 1221 1056 1308 Epist.
1073 1217 1135 1289 16.
1154 1224 1290 1308 scripsit
1314 1223 1365 1291 iris
1381 1243 1466 1291 ver-

141 1328 208 1392 bis:
249 1320 525 1392 Commentarios
545 1343 639 1390 meos
654 1328 693 1390 in
715 1323 900 1404 Epistulas
924 1322 1119 1416 Gaesarem,
1142 1345 1230 1417 quae
1252 1324 1466 1396 Familiares

140 1435 325 1519 ooearriur,
347 1426 425 1495 cum
446 1447 470 1493 a
487 1446 542 1493 me
565 1432 765 1514 exspectari
786 1429 901 1511 uideo,
923 1434 1045 1516 auperi
1059 1428 1147 1496 milri
1160 1434 1296 1497 arrtmos
1311 1431 1360 1497 ad
1373 1436 1465 1499 scri·

141 1534 288 1600 berrdnm
306 1536 438 1618 sarcito,
471 1535 522 1622 ei,
544 1550 751 1621 parumquarrr
772 1537 812 1598 tu
831 1550 902 1597 non
923 1537 1049 1624 irrsies,
1072 1534 1251 1600 admoveri
1273 1539 1391 1600 tamen
1408 1540 1466 1602 oi-

141 1638 240 1727 deor,
261 1640 302 1702 ui
330 1635 516 1702 absolvam
562 1631 639 1702 Sed
665 1633 729 1701 boc
756 1653 820 1701 nec
844 1639 920 1701 sine
944 1641 1014 1703 otio
1038 1636 1118 1724 fieri
1139 1641 1255 1716 poteri
1276 1642 1312 1703 et
1331 1636 1466 1705 nomae

142 1746 251 1808 otium
265 1744 389 1828 optare
403 1742 477 1805 aare
491 1742 561 1828 esi,
583 1743 641 1828 qui
654 1736 803 1805 Rumam
816 1742 930 1826 ipsum
944 1744 1081 1826 ipnoret
1094 1746 1159 1807 ani
1173 1745 1247 1830 qui,
1265 1741 1355 1830 qaod
1369 1747 1466 1809 acob

141 1845 206 1911 dat
219 1847 408 1932 urrioersts,
430 1846 468 1908 tn
490 1860 529 1908 eo
551 1842 618 1909 sibi
634 1848 863 1930 praecipuam
877 1844 1111 1910 condicionem
1128 1862 1271 1931 sperare
1284 1845 1378 1911 solers
1395 1865 1465 1912 au-

142 1949 235 2015 deat.
281 1943 358 2015 Sed
377 1951 458 2036 qnia
480 1964 657 2013 cessamus
675 1949 777 2012 inviti
791 1951 827 2013 et
842 1949 941 2037 mata,
963 1948 1053 2036 quod
1071 1944 1145 2032 fuit
1160 1952 1199 2013 in
1217 1966 1319 2034 opere
1333 1946 1467 2035 diffici-

141 2052 225 2140 ltns,
247 2050 286 2117 ld
304 2053 525 2116 innocencium
546 2054 619 2115 iarn
637 2054 706 2140 est,
729 2054 917 2136 enitemur,
939 2054 981 2117 ui
1006 2050 1139 2140 reliqua
1160 2050 1222 2117 diu
1242 2069 1311 2116 non
1325 2051 1465 2117 deside-

141 2160 272 2220 rentur.
316 2148 512 2241 Arrpusiiae
531 2157 697 2240 temporis
711 2153 917 2221 obstabunt:
939 2157 980 2218 ai
998 2151 1184 2220 detrahere
1201 2155 1335 2245 aliquid
1347 2173 1464 2221 somrro

141 2265 178 2326 et
199 2253 357 2341 conferre
379 2256 428 2322 ad
451 2256 722 2324 elucubrandum
747 2257 872 2323 iicebit.
915 2257 1070 2340 Interim,
1106 2255 1180 2323 dum
1204 2259 1299 2324 varia
1323 2257 1466 2344 impedi.

140 2366 252 2430 menta
272 2357 480 2427 absolvendo
502 2362 735 2428 commentario
758 2361 1016 2447 obiiciebantur,
1039 2356 1211 2429 Ciceronis
1230 2380 1333 2446 opera
1350 2380 1466 2429 rursus

142 2468 233 2556 typis
252 2466 323 2531 suis
349 2465 515 2549 impressit
539 2465 697 2550 librisque
720 2463 930 2549 philosophis
949 2461 1078 2530 scholia
1106 2463 1228 2531 adiecit
1237 2456 1298 2546 a),
1340 2461 1468 2547 Quam.

142 2590 237 2655 quam
254 2587 337 2635 vero
360 2586 486 2634 amnem
506 2585 616 2634 curam
636 2565 907 2656 diligentiamque
922 2566 1088 2652 adhibuit,
1110 2570 1147 2633 ut
1162 2571 1315 2654 coeptum
1331 2587 1415 2654 opus
1431 2572 1467 2635 et

141 2677 204 2742 iam
225 2673 345 2740 dudum
360 2673 474 2738 avlrls
488 2671 597 2739 ductis
609 2669 711 2736 valde
731 2672 912 2757 expetitum
930 2671 1108 2759 aliquando
1122 2671 1316 2758 perliceret,
1336 2675 1466 2740 tantum

143 2782 253 2847 tamen
279 2778 337 2842 otii
363 2777 513 2843 nancisci
536 2794 603 2841 non
628 2776 748 2861 potuit.
792 2771 867 2857 Qua
890 2774 932 2842 de
957 2795 994 2842 re
1019 2777 1053 2840 in
1080 2777 1202 2842 litteris
1225 2773 1269 2841 ad
1288 2774 1465 2844 Horatium

142 2881 364 2952 cardonetum
387 2879 474 2945 datis
494 2877 553 2945 IV.
573 2877 660 2944 Non.
682 2880 746 2945 ian.
759 2878 809 2946 Μ.
817 2877 989 2946 ΜΧῊ.
1013 2879 1084 2945 lib.
1109 2878 1186 2945 Vll.
1206 2879 1315 2967 Epist.
1337 2876 1398 2945 10.
1414 2881 1465 2948 sie

143 2988 308 3075 queritur:
347 2979 625 3052 Commentarios
645 3002 739 3049 meos
754 2988 793 3049 in
812 2979 1026 3074 familiares,
1054 2984 1095 3049 ui
1114 2987 1258 3074 vocant,
1287 2976 1466 3053 Ciceronis

142 3088 326 3180 Epistulas
356 3091 521 3177 requiris:
557 3090 590 3152 si
622 3092 714 3154 esset
742 3092 866 3176 otium,
901 3085 1100 3174 propediem
1129 3086 1306 3154 absolutos
1333 3086 1464 3154 darem.

145 3193 221 3265 Sed
239 3198 292 3260 iia
314 3210 420 3279 saepe
439 3197 554 3259 nescio
578 3211 642 3280 quo
661 3187 741 3275 faio
763 3190 908 3257 divellar
928 3211 951 3256 a
973 3190 1085 3267 libris,
1112 3192 1154 3256 ni
1180 3191 1357 3257 irrierdum
1380 3189 1467 3258 mibi
1531 3212 1535 3221 ·

142 3298 255 3366 lionra
272 3296 456 3386 displiceat
467 3299 503 3361 ei
514 3299 686 3382 apresiem
700 3294 924 3360 solitudinem
937 3292 1094 3359 urbanae
1109 3293 1304 3360 celebritati
1319 3294 1466 3360 libenter

143 3407 365 3487 ardeporram.
408 3398 448 3464 ln
466 3397 561 3463 tanta
576 3399 679 3488 igitur
697 3398 808 3483 operis
824 3414 916 3461 mora
937 3394 1083 3482 quotidie
1104 3395 1226 3484 ailquid
1243 3397 1300 3463 vel
1320 3395 1466 3463 addebat

143 3506 198 3572 vel
220 3505 384 3591 mutabat,
405 3505 459 3590 ut,
483 3521 577 3588 quam
598 3502 767 3569 iaciebant
786 3499 936 3565 homines
953 3499 1144 3565 Manutiani
1160 3501 1385 3567 commentarii
1402 3519 1465 3567 eu-

143 3608 210 3697 pidi
229 3609 262 3672 in
285 3611 433 3693 tempore
453 3608 630 3687 iacturam,
655 3622 726 3670 eam
748 3604 814 3669 iilis
829 3606 1037 3670 accuratiore
1059 3604 1286 3670 elaboratione
1308 3605 1465 3690 sarciret,

143 3717 179 3778 ut
204 3712 321 3778 scribit
346 3709 389 3776 ad
414 3710 639 3799 Augustinum
669 3708 881 3798 Angelelium
904 3706 966 3772 1v.
996 3707 1082 3773 Non.
1104 3703 1200 3793 Sept.
1220 3706 1465 3775 m.u.1.xv11.

143 3818 216 3884 Lib.
231 3814 292 3882 lX.
315 3815 423 3899 Epist.
440 3815 475 3879 8.
517 3807 695 3898 Superatis
710 3810 841 3878 tandem
858 3813 1009 3878 omnibus
1026 3811 1293 3903 difficultatibus,
1315 3830 1387 3879 cum
1400 3830 1465 3878 ne-

144 3938 208 4007 que
231 3920 483 4004 occupationum
512 3915 718 3983 multitudine
745 3934 853 4001 neque
875 3915 1079 3983 valetudinis
1102 3917 1327 3982 imbecillitate
1356 3934 1464 4002 neque

144 4021 420 4092 incommodorum
435 4022 687 4090 domesticorum
711 4018 934 4087 sollicitudine
955 4021 1056 4086 avelli
1074 4038 1111 4085 se
1132 4039 1152 4086 a
1172 4021 1345 4106 proposito
1364 4037 1464 4086 arce-

143 4132 238 4215 rique
262 4130 449 4212 pateretur,
478 4146 508 4193 a.
523 4125 752 4193 M.li.erlX.
780 4125 1046 4191 commentarium
1069 4122 1111 4189 ad
1134 4124 1317 4190 umbilicum
1338 4121 1464 4209 perdu-

144 4236 231 4298 ctum
253 4233 358 4298 amico
381 4229 633 4297 describendum
657 4229 763 4313 dedit,
785 4233 872 4294 teste
894 4229 967 4314 ipso
982 4227 1054 4293 Lib.
1070 4225 1133 4294 lX.
1156 4225 1264 4312 Epist.
1280 4225 1340 4292 14.
1382 4227 1464 4293 Cum

144 4338 192 4402 ita
216 4335 301 4401 tama
328 4336 590 4419 percrebruisset
615 4332 802 4399 Manutium
827 4333 1060 4400 commentario
1086 4349 1146 4395 suo
1170 4331 1312 4396 ultimam
1335 4350 1464 4396 manum

144 4439 358 4525 imposuisse,
381 4457 511 4523 omnes,
534 4439 587 4524 qui
605 4441 669 4503 tam
684 4437 847 4523 praeclari
868 4438 996 4526 operis,
1018 4437 1114 4523 quale
1130 4436 1173 4502 ab
1197 4435 1360 4522 exquisita
1380 4433 1463 4500 Mu-

212 4699 236 4765 ')
254 4701 365 4763 scriptis
389 4699 422 4752 sd
448 4699 640 4764 pbilosopblsm
659 4699 852 4762 pcrtinentibus
871 4699 967 4751 robolin
985 4698 1118 4751 adiecerat
1143 4699 1194 4749 ism
1217 4709 1242 4748 a.
1260 4696 1299 4749 m.
1312 4695 1345 4746 li.
1362 4693 1457 4746 ml.
1589 4743 1600 4759 „

147 4788 173 4834 st
192 4781 276 4832 lbi).
291 4780 358 4831 bvi.
396 4780 448 4832 Sed
475 4782 502 4830 in
527 4780 693 4831 Edittonibus
719 4794 743 4832 s.
763 4778 801 4831 ii.
816 4779 848 4830 li.
863 4779 920 4832 LX.
947 4786 974 4832 ot
996 4780 1035 4833 m.
1048 4780 1083 4832 Ι).
1096 4778 1193 4843 ixii,
1222 4789 1286 4842 quor
1313 4776 1462 4842 siquitem

146 4861 249 4917 ridetur
265 4860 425 4922 bisbinas,
445 4860 538 4913 sedeur
558 4867 636 4911 auris
654 4864 815 4924 comparant.
