3256 5400
182 240 245 303 276
614 234 889 301 uetsmtaatol
910 234 963 298 llll
984 235 1075 301 salt.

183 406 306 482 tempus
337 394 406 460 eius
433 392 547 469 tridui,
580 392 665 479 quod
688 392 720 457 in
749 392 787 456 iis
816 392 925 457 eastris
957 390 1122 466 morabar,
1159 392 1191 456 in
1212 411 1326 477 magno
1348 390 1452 459 officio
1474 401 1506 458 et

183 489 360 556 necessario
382 486 459 552 mihi
480 485 659 572 ponendum
683 485 799 573 putavi.
842 489 872 553 4.
895 489 971 551 Cum
994 485 1076 549 enim
1093 497 1195 551 vestra
1217 487 1386 552 auctoritas
1408 487 1506 552 iuter-

182 584 339 657 eessisset,
360 590 397 648 ut
418 601 477 665 ego
498 600 606 664 regem
634 577 874 644 Ariobarzanem
896 577 1041 643 Euseben
1062 588 1093 644 et
1106 579 1380 644 Philorhomaeum
1396 587 1505 644 tuerer

182 679 313 764 eiusque
327 674 411 759 regis
425 674 572 747 salutem,
595 673 838 738 incolumitatem
856 692 1051 758 regnumque
1067 671 1284 746 defenderem,
1306 673 1373 757 regi
1389 694 1505 758 regno-

159 793 243 858 nque
265 769 421 856 praesidio
443 789 561 843 essem余
583 767 866 854 adiunxissetisque
883 767 1013 833 salutem
1034 767 1101 833 eius
1121 768 1205 852 regis
1227 768 1345 853 populo
1367 768 1503 833 senatui-

181 884 243 950 que
264 883 394 948 magnae
415 882 510 927 curae
541 881 629 936 csse,
666 860 751 948 quod
773 861 860 926 nullo
882 881 1018 947 unquam
1041 861 1080 924 de
1101 880 1177 944 rege
1199 859 1359 926 decretum
1381 871 1464 925 esset
1484 883 1502 925 a

180 966 290 1022 nostro
312 954 439 1021 ordine:
461 955 636 1020 existimavi
659 977 710 1021 me
730 954 882 1020 iudicium
904 964 1043 1020 vestrum
1065 953 1104 1019 ad
1119 974 1226 1038 regem
1241 954 1365 1019 deferre
1385 954 1502 1019 dehere

181 1054 274 1137 eique
285 1049 474 1136 praesidium
486 1071 591 1114 meum
603 1059 634 1114 ct
644 1048 737 1114 lidem
748 1057 779 1113 et
794 1047 985 1133 diligentiam
1000 1047 1160 1133 polliceri,
1182 1057 1232 1122 ut,
1255 1050 1403 1134 quoniam
1418 1049 1502 1114 salus

179 1145 294 1231 ipsius,
331 1143 525 1209 incolumitas
556 1144 647 1228 regni
678 1143 755 1209 mihi
777 1141 992 1208 commendata
1014 1151 1095 1207 osset
1116 1163 1134 1206 a
1155 1141 1265 1215 vobis,
1303 1143 1440 1216 diceret,
1474 1144 1501 1209 si

143 1237 256 1324 enquid
288 1236 390 1303 vellet.
447 1241 476 1302 5.
507 1239 595 1314 Quae
624 1258 694 1302 cum
730 1258 830 1302 essem
857 1237 890 1300 iu
918 1235 1049 1301 consilio
1077 1256 1149 1300 meo
1171 1257 1243 1300 cum
1264 1257 1339 1320 rege
1362 1238 1500 1311 locutus,

180 1330 268 1396 initio
289 1330 342 1396 ille
363 1330 514 1397 orationis
536 1352 611 1395 suae
633 1329 722 1395 vobis
741 1331 910 1402 maximas,
947 1339 982 1394 ut
1016 1328 1138 1404 debuit,
1175 1329 1288 1394 deiude
1310 1333 1402 1397 etiam
1424 1333 1500 1398 mihi

179 1424 295 1509 gratias
317 1425 395 1509 egit,
418 1422 502 1509 quod
525 1424 554 1487 ei
575 1443 780 1508 permagnum
801 1433 832 1489 et
852 1423 1119 1510 perhonorificum
1141 1423 1321 1498 videbatur,
1351 1429 1381 1490 S.
1404 1431 1437 1491 P.
1461 1429 1499 1504 Q.

179 1523 215 1584 n.
237 1526 340 1583 tantae
362 1537 456 1581 curae
478 1537 546 1581 esse
578 1517 710 1582 salutem
731 1539 819 1583 suam
846 1538 960 1603 meque
981 1525 1096 1582 tanum
1118 1516 1308 1601 diligentiam
1329 1519 1498 1593 adhihere,

178 1620 214 1676 ut
230 1621 262 1675 et
278 1631 347 1675 mea
366 1608 442 1674 fides
458 1619 489 1674 et
502 1609 779 1676 commendationis
793 1620 897 1677 vestra
911 1610 1079 1676 auctoritas
1094 1610 1228 1696 perspici
1242 1621 1355 1697 posset.
1399 1618 1500 1700 Atque

143 1704 230 1778 mille
256 1703 380 1789 primo,
414 1703 499 1790 quod
530 1703 606 1768 mihi
634 1705 789 1769 maximae
810 1705 945 1771 laetitiae
968 1703 1041 1777 luit,
1073 1703 1115 1768 ita
1139 1724 1262 1768 mecum
1284 1704 1405 1771 locutus
1435 1715 1498 1782 est,

179 1807 214 1861 ut
235 1797 335 1862 nullas
355 1797 482 1862 insidias
505 1818 605 1883 neque
632 1797 712 1863 vitae
738 1820 813 1865 suae
835 1820 937 1887 neque
962 1817 1061 1881 regno
1092 1797 1211 1863 diceret
1242 1819 1275 1863 se
1306 1807 1359 1863 aut
1387 1799 1499 1865 intelli-

178 1912 253 1978 gere
280 1890 351 1955 lieri
372 1903 425 1956 aut
446 1891 538 1956 etiam
563 1891 723 1977 suspicari.
773 1896 850 1959 Cum
871 1912 931 1976 ego
958 1891 988 1955 ei
1009 1891 1181 1975 gratulatus
1207 1913 1307 1956 essem
1332 1893 1427 1979 idque
1448 1916 1499 1960 me

179 1984 317 2070 gaudere
340 1985 499 2058 dixissem,
518 1985 714 2057 cohortatus,
738 1995 773 2050 ut
794 1985 1018 2050 recordaretur
1036 2004 1141 2049 casum
1163 1984 1250 2050 illum
1274 1985 1419 2052 interitus
1443 2008 1498 2073 pa-

178 2078 258 2143 terni
281 2087 312 2143 et
334 2079 499 2163 vigilanter
523 2100 557 2143 se
580 2087 722 2145 tueretur
743 2090 836 2165 atquc
860 2078 1021 2144 admonitu
1049 2086 1174 2143 senatus
1200 2080 1377 2145 consuleret
1405 2081 1498 2146 saluti

140 2191 265 2247 nouae,
299 2181 364 2237 tum
392 2194 410 2237 a
442 2193 492 2238 me
514 2171 655 2239 discessit
682 2173 715 2238 in
737 2172 887 2259 oppidum
917 2171 1068 2261 Cybistra.
1111 2177 1141 2237 6.
1169 2176 1301 2238 Postero
1321 2183 1424 2238 autem
1446 2174 1498 2239 die

177 2284 248 2331 cum
270 2265 448 2340 Ariarathe,
485 2265 582 2332 fratre
613 2287 691 2341 suo,
725 2276 759 2330 et
784 2288 859 2332 eum
881 2267 1017 2353 paternis
1039 2265 1146 2330 amicis
1169 2265 1342 2331 maioribus
1363 2276 1436 2330 natu
1458 2267 1497 2332 ad

176 2378 228 2422 me
248 2363 281 2423 iu
304 2360 526 2434 castraverit,
557 2358 820 2447 perturbatusque
842 2370 873 2426 et
895 2359 992 2435 flens,
1014 2380 1084 2423 cum
1107 2359 1190 2423 idem
1212 2369 1243 2424 et
1263 2359 1361 2424 frater
1382 2358 1498 2425 faceret

176 2460 207 2515 et
227 2452 336 2526 omiei,
358 2473 459 2517 meam
474 2451 581 2525 fidem,
604 2462 739 2517 vestram
759 2452 1061 2518 commendationem
1078 2453 1249 2539 implorare
1264 2458 1376 2539 coepit.
1419 2457 1496 2520 Cum

175 2543 365 2621 admirarer,
398 2546 474 2631 quid
501 2544 662 2611 accidisset
684 2547 777 2620 novi,
811 2546 890 2612 dixit
911 2545 950 2611 ad
972 2567 1005 2610 se
1024 2545 1138 2611 iudicia
1164 2545 1396 2612 manifestarum
1422 2547 1497 2613 insi-

137 2637 299 2704 esdiarum
330 2660 399 2704 esse
426 2638 542 2713 delata,
576 2660 656 2725 quae
678 2650 780 2705 esseut
800 2649 870 2705 ante
893 2639 1058 2705 adventum
1080 2661 1186 2705 meum
1208 2640 1376 2712 occultata,
1410 2640 1496 2726 quod

176 2732 214 2804 ii,
247 2732 301 2818 qui
329 2753 366 2797 ea
397 2732 571 2819 patefacere
597 2744 744 2818 possent,
778 2743 908 2821 propter
936 2743 1053 2799 metum
1081 2733 1297 2811 reticuissent余
1331 2754 1370 2798 eo
1392 2745 1495 2800 autem

178 2837 318 2913 tempore
340 2848 396 2914 spe
423 2826 485 2891 mei
512 2827 660 2912 praesidii
687 2829 863 2913 complures
888 2849 946 2902 ea,
968 2848 1049 2913 quae
1069 2827 1204 2901 scirent,
1227 2826 1373 2892 audacter
1401 2826 1440 2892 ad
1461 2848 1495 2891 se

176 2917 323 2985 detulisse
330 2942 339 2998 余
365 2919 399 2984 in
430 2919 470 2984 iis
498 2919 741 2985 amantissimum
771 2923 834 2998 sui,
872 2941 992 2986 summa
1014 2921 1130 3006 pietate
1159 2918 1333 3006 praeditum
1367 2919 1495 2985 fratrem

175 3012 281 3077 dicere
310 3034 365 3089 ea,
403 3034 484 3100 quae
509 3034 560 3078 me
589 3014 616 3078 is
647 3035 773 3100 quoque
795 3014 940 3081 audiente
962 3011 1098 3088 dicebat,
1135 3033 1169 3077 se
1191 3013 1387 3078 sollicitatum
1408 3034 1493 3090 esse,

137 3113 211 3172 aeut
231 3127 365 3190 regnare
389 3107 501 3184 vellet3
537 3105 568 3171 id
590 3107 664 3172 vivo
685 3108 781 3175 fratrc
808 3130 866 3174 suo
896 3107 1038 3194 accipere
1060 3127 1121 3171 non
1150 3106 1303 3192 potuisse余
1336 3127 1369 3170 se
1391 3117 1495 3172 tamen

174 3210 245 3263 ante
267 3199 342 3265 illud
367 3209 490 3287 tempus
511 3222 579 3266 eam
603 3223 668 3266 rem
691 3224 849 3290 nunquam
871 3208 903 3268 in
924 3201 1063 3267 medium
1077 3210 1207 3287 propter
1227 3199 1358 3286 periculi
1378 3211 1495 3265 metum

173 3293 352 3378 protulisse.
396 3297 485 3372 Quae
515 3315 585 3360 cum
615 3304 697 3360 esset
717 3297 855 3372 locutus,
880 3295 988 3362 monui
1009 3316 1132 3380 regem,
1162 3303 1197 3359 ut
1217 3314 1341 3359 omnem
1364 3293 1495 3378 diligen

174 3385 248 3452 tiam
280 3386 320 3452 ad
348 3409 382 3453 se
411 3388 659 3454 conservandum
692 3389 870 3463 adhiberet,
907 3390 1086 3475 amicosque
1113 3388 1210 3475 patris
1239 3387 1306 3452 eius
1328 3398 1422 3474 atque
1443 3387 1494 3453 avi

173 3479 289 3545 iudicio
311 3479 461 3566 probatos
483 3481 624 3548 hortatus
656 3505 744 3558 sum,
775 3485 859 3568 regis
886 3485 934 3549 sui
962 3485 1055 3549 vitam
1084 3482 1168 3548 docti
1196 3502 1270 3548 casu
1291 3482 1494 3548 acerbissimo

134 3603 160 3641 ss
172 3575 270 3660 patris
291 3576 359 3640 eius
381 3576 466 3641 omni
488 3597 562 3641 cura
584 3577 786 3663 custodiaque
808 3575 1020 3642 defenderent.
1063 3582 1093 3640 7.
1116 3579 1192 3641 Cum
1214 3596 1272 3639 rex
1294 3596 1312 3639 a
1334 3597 1384 3640 mc
1406 3576 1495 3662 equi

148 3676 270 3733 ,tatum
298 3668 505 3756 cohortesque
531 3669 570 3734 de
596 3670 736 3735 exercitu
758 3691 830 3736 mco
850 3671 1038 3757 postularet,
1077 3669 1134 3734 etsi
1155 3666 1365 3752 intelligebam
1388 3680 1494 3743 nestro

173 3773 297 3828 senatus
319 3764 461 3828 consulto
484 3784 546 3828 non
568 3763 662 3828 modo
684 3785 776 3850 posse
797 3785 848 3829 me
870 3764 903 3828 id
923 3763 1027 3828 facere
1046 3763 1100 3828 scd
1116 3764 1208 3827 etiam
1224 3761 1357 3835 debere,
1381 3772 1492 3837 minen,

172 3875 243 3920 curn
275 3878 327 3921 res
359 3856 483 3942 publica
517 3856 688 3942 postularet
719 3866 850 3943 propter
879 3856 1077 3943 quotidianos
1107 3877 1147 3920 ex
1170 3856 1259 3943 Syria
1281 3855 1425 3926 nuntios,
1457 3863 1494 3920 ut

173 3969 267 4034 quam
288 3949 426 4034 primum
447 3950 620 4015 exercitum
643 3949 682 4015 ad
704 3950 828 4016 Ciliciae
850 3949 926 4016 frnes
948 3950 1151 4023 adducerem,
1180 3969 1314 4034 cumque
1336 3948 1412 4012 mihi
1434 3969 1492 4012 rex

135 4040 333 4126 snpatefactis
365 4042 427 4107 iam
453 4042 575 4107 insidiis
608 4064 672 4108 nou
705 4064 799 4128 egere
822 4045 963 4110 exercitu
986 4044 1094 4130 populi
1116 4044 1246 4109 Romani
1268 4042 1322 4107 scd
1344 4063 1437 4128 posse
1459 4063 1493 4106 se

174 4132 239 4198 suis
261 4134 374 4221 opibus
401 4134 569 4201 defendere
590 4136 771 4211 videretur,
806 4137 896 4204 illum
917 4138 1098 4204 cohortatus
1120 4159 1205 4210 sum,
1244 4136 1331 4200 utin
1352 4157 1407 4200 sua
1430 4135 1493 4200 vita

173 4228 386 4294 conservanda
416 4234 551 4315 primum
577 4250 710 4314 regnare
738 4230 889 4310 disceret余
925 4230 1078 4318 aquibus
1106 4230 1316 4316 perspexisset
1337 4227 1396 4293 sihi
1419 4229 1494 4294 insi-

246 4459 272 4508 l.
290 4458 324 4508 tte
341 4457 380 4508 B:
398 4457 439 4507 lete
455 4456 514 4509 .
543 4481 575 4493 -
611 4457 637 4509 3.
656 4459 778 4509 Eusebem
794 4457 841 4515 ,
874 4460 968 4510 Eurota
990 4460 1146 4509 Lambinus.
1167 4459 1269 4509 Graece
1287 4458 1355 4507 haec
1374 4457 1493 4507 scriben-

177 4526 222 4577 da.
241 4527 292 4578 Or.
319 4552 354 4561 -
389 4526 415 4576 8.
442 4527 630 4591 qaontomhlr
656 4543 735 4592 quum
753 4528 783 4579 ll.
814 4554 848 4563 -
884 4530 928 4578 15.
945 4530 993 4578 e'tlo
1011 4530 1047 4580 .
1079 4555 1111 4563 -
1149 4528 1191 4579 18.
1223 4530 1346 4578 distarem
1363 4535 1387 4578 et
1405 4536 1493 4577 tomen

177 4596 361 4647 adolescentem
385 4610 463 4647 arem
488 4599 639 4647 cohortatus
664 4597 748 4648 Codd.
775 4599 951 4658 Erfurtensis,
971 4600 1054 4648 Patet.
1075 4606 1180 4658 sextus,
1206 4599 1271 4657 alii,
1298 4612 1328 4648 ex
1349 4597 1493 4660 interpola-

179 4668 262 4717 tione.
299 4668 370 4717 Fort.
390 4668 527 4722 dixissem,
548 4669 699 4717 cohortator
715 4681 790 4729 sum,
809 4677 849 4718 ut.
868 4671 948 4720 Beer.
970 4694 1000 4704 -
1037 4670 1081 4719 28.
1100 4672 1133 4719 its
1151 4670 1193 4718 bl:
1213 4671 1252 4718 hir
1271 4670 1300 4719 le.
1324 4695 1352 4704 -
1389 4670 1433 4718 29.
1452 4681 1493 4717 me

177 4738 203 4786 tr
218 4738 262 4788 hl:
280 4739 304 4787 tr
320 4751 361 4788 me
378 4737 409 4787 lt.
437 4759 470 4770 -
505 4737 549 4786 30.
569 4739 683 4800 occipere
700 4738 857 4789 Erueetlus:
884 4741 998 4790 occidere
1016 4740 1075 4791 .
1107 4764 1140 4776 -
1176 4739 1220 4789 33.
1239 4740 1327 4802 patrie
1344 4741 1397 4788 riser
1415 4744 1493 4802 atque

177 4809 223 4856 ovi
251 4808 348 4857 tudine
373 4807 498 4871 probator
521 4820 583 4857 cum
609 4805 711 4871 Popma
743 4807 780 4860 ll:
810 4812 839 4861 tn
863 4812 949 4875 patris
976 4810 1029 4861 etus
1054 4816 1132 4874 utque
1157 4810 1254 4860 iudicio
1269 4809 1393 4873 prebete
1402 4807 1438 4859 .
1460 4829 1491 4844 -

177 4877 222 4930 続5.
237 4879 315 4945 potet
331 4876 369 4928 .
392 4901 420 4912 -
458 4877 501 4930 37.
520 4877 628 4928 cmutlto
646 4878 684 4930 .
