3256 5400
561 250 633 311 tta.
656 248 710 310 xi.
743 247 812 310 ‚ER
836 247 888 308 20.
910 245 962 308 21.
982 245 1033 307 22.
1388 243 1449 304 327

141 409 246 474 reuda.
303 413 332 473 3.
368 405 462 485 Οιιοι1
489 425 539 469 me
568 424 693 476 mones,
729 412 764 468 ut
784 423 838 475 ea,
868 423 948 489 qnae
969 400 1009 466 ad
1031 411 1170 486 tempus,
1203 399 1449 467 accommodem:

142 504 297 576 lacerem,
327 503 352 566 si
380 521 431 566 res
459 508 619 586 pateretur
647 508 678 561 et
707 497 734 561 si
762 496 826 562 ullo
855 495 951 561 modo
975 494 1043 559 lieri
1067 502 1181 579 posset.
1225 493 1286 559 Sed
1307 495 1340 560 in
1361 494 1451 558 tantis

141 597 255 661 nostris
284 594 416 682 peccatis
444 592 596 678 tantisque
622 603 803 657 nostrornm
832 590 955 654 iniuriis
977 588 1053 654 nihil
1075 599 1136 661 est,
1169 587 1255 675 qnod
1275 598 1329 654 aut
1348 587 1451 653 faeere

141 689 269 775 dignum
297 685 388 754 nobis
414 697 467 753 aut
495 685 642 753 simulare
672 683 799 771 possim.
843 683 968 748 Sullana
990 681 1130 748 confers:
1159 682 1192 747 in
1213 679 1328 768 quibus
1349 682 1453 747 omnia

143 801 258 869 genero
286 781 355 867 ipso
382 779 629 867 praeclarissima
658 778 805 853 luerunt,
842 776 1060 843 moderatione
1088 776 1193 861 paullo
1215 775 1317 841 minus
1339 785 1476 862 tempe-a

142 887 218 942 rata.
270 879 355 939 Haec
382 883 486 938 autem
514 870 669 938 eiusmodi
691 881 777 944 sunt,
810 882 843 937 ut
864 867 1032 936 obliviscar
1053 869 1131 945 mei;
1153 869 1312 957 multoque
1333 869 1454 942 malim,

142 969 227 1057 quod
254 965 398 1034 omnibus
427 967 467 1032 sit
499 968 625 1041 melius,
658 987 795 1052 quorum
824 964 949 1031 utilitati
977 985 1079 1029 meam
1110 963 1208 1029 iunxi.
1265 969 1312 1029 Tu
1339 963 1377 1028 ad
1406 983 1456 1027 me

143 1074 246 1130 tamen
272 1062 364 1129 velim
393 1082 486 1149 quam
515 1060 695 1146 saepissime
721 1058 856 1133 scribas,
893 1079 997 1144 eoque
1030 1058 1142 1143 magis,
1179 1056 1264 1144 quod
1295 1068 1457 1143 praeterea

144 1178 236 1222 nemo
265 1155 389 1233 scribit;
425 1177 461 1220 ae
492 1154 520 1220 si
550 1175 674 1228 omnes,
712 1163 780 1218 tuas
809 1163 911 1217 tamen
938 1152 1075 1217 maxime
1097 1161 1320 1237 exspectarem.
1365 1150 1457 1228 Quod

144 1248 255 1315 scribis
276 1249 363 1316 illum
385 1271 442 1335 per
463 1270 514 1312 me
537 1247 655 1325 Quinto
676 1246 747 1313 fore
770 1246 988 1334 placationem,
1025 1245 1135 1332 scripsi
1166 1245 1204 1310 ad
1226 1255 1256 1309 te
1277 1254 1366 1309 antea
1388 1266 1495 1309 eumw

145 1343 248 1408 statim
271 1333 388 1421 Quinto
410 1340 475 1408 itio
497 1343 601 1406 omnia
623 1341 788 1415 tribuisse,
812 1340 911 1407 nostri
932 1340 1048 1405 nullam
1069 1339 1269 1405 mentionem.
1312 1339 1397 1405 Vale.

599 1512 701 1573 xxii.
745 1509 799 1590 (A.
825 1512 857 1573 u.
881 1511 912 1573 e.
935 1511 1022 1582 τοι.)

626 1651 768 1716 CICERO
790 1650 934 1715 arrico
957 1653 988 1713 S.

235 1789 261 1849 1.
283 1783 457 1868 Diligenter
477 1781 555 1845 mihi
577 1779 757 1846 fasciculum
780 1778 915 1845 reddidit
936 1779 1023 1847 Balbi
1039 1779 1226 1849 tabellarius.
1256 1785 1367 1870 Accepi
1379 1783 1461 1848 enim

148 1892 217 1947 ate
246 1879 379 1950 litteras,
416 1874 529 1963 quibus
551 1873 668 1940 videris
698 1875 819 1949 vereri,
847 1884 882 1940 nt
903 1874 1049 1960 epistolas
1071 1875 1140 1942 illas
1161 1876 1354 1964 acceperim;
1385 1898 1499 1965 quasis

148 1973 275 2063 quidem
302 1971 414 2037 vollem
444 1967 520 2033 milri
548 1989 706 2053 nunquam
726 1966 876 2033 redditas.
918 1974 1082 2034 Auxerunt
1103 1969 1185 2034 onim
1206 1969 1282 2035 milri
1304 1969 1462 2049 dolorem;

149 2089 224 2142 neo.
258 2066 284 2132 si
305 2066 337 2130 in
359 2064 494 2150 aliquem
516 2061 712 2135 incidissent,
743 2062 912 2149 quidquam
942 2061 1017 2127 novi
1038 2062 1219 2128 attulissent.
1275 2063 1357 2142 Quid
1380 2065 1463 2130 enim

149 2174 212 2228 tam
239 2159 472 2246 pervulgatum,
509 2177 602 2243 qnam
631 2157 714 2222 illins
740 2156 773 2221 in
801 2176 851 2220 me
882 2155 990 2221 odium
1019 2164 1050 2220 et
1071 2177 1169 2242 genus
1190 2156 1250 2222 hoe
1271 2158 1464 2226 litterarum?

150 2255 236 2344 quod
262 2275 301 2318 ne
327 2256 441 2319 Caesar
461 2248 588 2336 quidem
610 2249 649 2315 ad
675 2249 751 2316 istos
773 2249 898 2315 videtur
919 2251 1054 2323 misisse,
1078 2250 1191 2338 [qnasi]
1218 2272 1281 2338 qno
1303 2252 1386 2319 illius
1407 2253 1465 2317 im·

149 2347 305 2437 probitate
337 2344 571 2415 ollenderetnr,
606 2342 684 2417 sed,
712 2342 828 2417 credo,
869 2344 914 2409 nti
951 2343 1075 2409 notiora
1103 2355 1208 2410 nostra
1240 2345 1320 2412 mala
1349 2354 1504 2415 essent-u

150 2447 225 2507 Nam
248 2439 333 2528 quod
363 2449 392 2504 te
418 2439 524 2503 vereri
556 2434 681 2508 scribis,
711 2458 751 2501 ne
780 2436 825 2501 illi
846 2434 966 2509 obsint,
999 2438 1091 2523 eique
1113 2439 1160 2503 rei
1183 2439 1318 2517 mederi;
1351 2461 1390 2504 ne
1412 2459 1466 2505 ro·

150 2537 218 2622 gari
246 2533 372 2620 quidem
399 2553 434 2596 se
462 2552 570 2616 passus
598 2539 646 2595 est
676 2529 716 2594 de
748 2530 824 2607 ill0;
857 2529 942 2616 qnod
972 2531 1097 2617 quidem
1119 2531 1194 2596 mihi
1217 2533 1381 2598 molestum
1403 2554 1467 2598 non

151 2639 212 2693 ost:
242 2624 319 2693 illud
340 2624 516 2697 molestius,
550 2623 625 2688 istas
646 2623 881 2708 impetrationes
903 2632 1025 2688 nostras
1050 2623 1126 2688 nihil
1152 2626 1268 2690 valere.
1312 2629 1341 2690 2.
1365 2625 1466 2698 Sulla,

151 2729 185 2786 ut
206 2719 335 2805 opinor,
373 2739 441 2782 cras
462 2717 513 2783 hic
534 2721 594 2782 erit
615 2737 687 2781 eum
708 2717 848 2785 Messala.
893 2719 1029 2783 Currant
1050 2716 1089 2783 ad
1111 2718 1198 2784 illum
1219 2719 1301 2806 pulsi
1323 2741 1341 2785 a
1363 2719 1467 2785 militi·

151 2813 226 2892 bus;
248 2816 302 2900 qui
325 2832 358 2876 se
381 2819 493 2897 negant
513 2830 665 2897 usquam,
688 2810 747 2875 nisi
768 2810 955 2895 acceperint.
997 2814 1081 2896 Ergo
1104 2812 1227 2879 illehnc
1242 2815 1360 2890 veniet,
1383 2813 1506 2902 quod-u

151 2927 215 2972 non
243 2903 411 2993 putabant3
446 2903 535 2970 tarde
557 2903 696 2992 quidem.
738 2904 853 2970 ltinera
876 2904 960 2969 enim
982 2904 1024 2968 ita
1045 2904 1132 2980 facit,
1154 2916 1189 2972 ut
1210 2908 1324 2973 multos
1346 2909 1413 2975 dies
1436 2909 1468 2975 in

153 3000 304 3087 oppidum
327 3007 432 3085 ponat.
489 2998 664 3064 Pharnaces
686 3008 804 3072 autem,
833 2997 1078 3084 quoquomodo
1100 3009 1182 3084 aget,
1206 3000 1316 3067 afferet
1338 3024 1468 3068 moram.

154 3092 238 3172 Quid
264 3093 342 3158 mihi
370 3093 465 3177 igitur
491 3099 619 3158 censes?
655 3098 720 3158 lam
748 3092 830 3156 enim
861 3111 997 3178 corpore
1026 3092 1078 3156 vix
1115 3098 1254 3159 sustineo
1288 3096 1468 3179 gravitatem

154 3186 246 3250 huius
268 3185 362 3259 caeli,
393 3205 473 3270 quae
494 3185 571 3250 mihi
592 3184 734 3251 laborem
756 3186 847 3252 affert
870 3191 901 3250 in
923 3185 1043 3250 dolore.
1092 3193 1140 3252 An
1160 3186 1208 3252 his
1230 3189 1303 3252 illuc
1325 3187 1470 3255 euntibus

154 3278 315 3353 mandem,
345 3288 380 3344 ut
401 3299 451 3344 me
473 3289 638 3353 excusent,
669 3279 737 3365 ipse
759 3277 903 3344 accedam
926 3279 1078 3364 propinet
1106 3282 1248 3358 Quaeso,
1276 3281 1416 3355 attende,
1440 3292 1508 3345 etse

155 3391 223 3446 me,
246 3372 331 3457 qnod
353 3371 454 3438 adhuc
475 3392 568 3458 saepe
589 3381 717 3458 rogatus
739 3393 802 3438 non
823 3371 939 3445 iecisti,
963 3372 1095 3438 consilio
1116 3374 1203 3450 inva;
1226 3380 1291 3440 seio
1307 3394 1376 3439 rem
1392 3372 1471 3440 diffi—

154 3465 244 3529 cilem
267 3486 353 3539 esse,
389 3466 458 3541 sed,
495 3475 530 3531 ut
551 3467 583 3530 in
604 3464 707 3531 malis.
763 3466 863 3531 Etiam
885 3466 960 3532 illud
982 3488 1052 3532 mea
1080 3469 1184 3553 magni
1206 3468 1349 3540 interest.
1384 3478 1414 3534 te
1436 3477 1468 3534 ut

155 3558 288 3623 videam.
330 3558 475 3625 Proiecto
497 3558 615 3644 aliquid
635 3557 818 3646 profecero,
851 3560 879 3623 si
899 3560 932 3626 id
953 3560 1110 3626 acciderit
1151 3567 1198 3627 De
1221 3572 1414 3636 testamento,
1436 3573 1470 3626 nt

156 3649 282 3725 scribis,
304 3652 542 3717 animadvertes.

226 3891 251 3940 1.
272 3903 321 3948 aa,
341 3904 407 3955 quac
424 3892 460 3939 ad
477 3896 594 3953 tempos,
625 3893 811 3943 accommodem
829 3892 878 3944 M:
908 3902 938 3943 aa
956 3894 992 3945 ad
1010 3899 1109 3957 triopae
1125 3893 1313 3944 accommodem
1330 3893 1367 3952 ti,
1387 3907 1418 3943 ea
1435 3895 1472 3942 ot·

158 3961 250 4017 mom,
283 3971 349 4022 quaa
375 3960 413 4009 od
437 3965 538 4022 tempas
562 3963 749 4011 accommodem
767 3962 811 4013 113.
838 3986 869 3999 -
905 3964 931 4013 3.
952 3963 1091 4013 obtiviscar
1107 3967 1232 4028 mittoque
1249 3964 1291 4021 31,
1311 3962 1470 4017 obliviscar:

157 4029 290 4092 multoque
313 4031 356 4079 nr.
392 4031 561 4084 (Emendavlt
580 4029 743 4090 Ernestins.)
776 4059 803 4070 -
842 4032 868 4083 7.
894 4033 1035 4095 utilitatem
1053 4033 1097 4082 lil.
1127 4057 1152 4067 -
1191 4033 1218 4084 8.
1244 4034 1334 4084 vellem
1351 4033 1413 4084 atu.
1441 4056 1470 4068 -

159 4101 201 4150 10.
219 4112 372 4163 parmaque
389 4099 447 4162 fore
462 4100 504 4160 Μ.
532 4112 581 4163 per
597 4114 638 4151 me
654 4101 711 4164 [ora
730 4101 751 4150 1.
780 4125 811 4138 -
847 4099 936 4165 antea]
955 4102 993 4152 od
1011 4117 1042 4153 ea
1059 4103 1111 4155 Ml.
1131 4127 1163 4140 -
1199 4102 1267 4168 som]
1287 4106 1355 4154 roim
1373 4103 1418 4153 itt.
1439 4127 1470 4140 -

159 4170 202 4220 to.
222 4182 360 4230 nunquam
375 4170 440 4218 mitti
459 4170 481 4221 1.
504 4194 531 4206 -
570 4171 855 4224 17.meon.tsst1.
892 4173 1040 4236 (Supplevit
1058 4171 1217 4236 Manutius.)
1237 4201 1268 4211 -
1305 4174 1347 4225 to.
1366 4169 1408 4236 me]
1427 4186 1472 4223 aaa

159 4238 232 4290 tint.
246 4264 274 4275 -
294 4241 370 4300 quasi
381 4247 443 4289 ante
453 4253 503 4291 nos
516 4241 626 4290 seclusit
637 4241 786 4292 Ernestins.
802 4269 829 4279 -
850 4242 1043 4304 improbitatem
1061 4242 1198 4308 offenderat
1208 4245 1229 4294 1.
1241 4269 1272 4280 -
1290 4245 1335 4295 21.
1353 4243 1437 4295 cerari
1449 4246 1472 4292 ta

160 4309 192 4358 li.
216 4334 241 4344 -
279 4322 311 4358 oc
336 4307 437 4374 sopori]
465 4312 558 4375 mpori
584 4310 658 4361 Mili.
695 4311 825 4368 (Correxit
844 4312 999 4368 Victorius.)
1027 4339 1056 4350 -
1094 4314 1137 4365 23.
1156 4311 1239 4378 Sulla]
1259 4316 1281 4365 ai
1298 4315 1347 4365 illo
1366 4329 1405 4377 pr·
1425 4312 1468 4371 tt,

160 4377 235 4442 Sulla
259 4391 329 4427 corr.
353 4379 391 4428 ti.
418 4403 448 4415 -
484 4381 528 4431 24.
547 4394 606 4432 cras
623 4381 663 4431 iio
681 4385 731 4432 erit
747 4382 788 4431 iio
807 4396 848 4445 pr.
867 4380 909 4442 Μ,
940 4396 999 4432 eras
1029 4384 1078 4432 ortt
1102 4384 1143 4434 lio
1168 4385 1203 4435 lii
1221 4392 1247 4434 et
1265 4399 1336 4435 corr.
1356 4384 1392 4434 tt.
1430 4380 1472 4435 tm

161 4462 228 4508 noa,
247 4449 364 4503 Beatus.)
384 4474 410 4485 -
440 4450 483 4500 25.
503 4456 614 4515 nepotas
632 4465 711 4516 quom
729 4466 769 4514 pr.
790 4452 832 4514 11,
852 4460 929 4518 nepot
947 4465 1058 4516 usquam
1076 4468 1146 4505 corr·
1164 4454 1192 4507 tt
1211 4460 1237 4505 et
1254 4456 1288 4506 ll.
1308 4480 1340 4492 -
1359 4453 1402 4505 26.
1423 4465 1472 4514 po·

160 4518 235 4568 tabat
252 4519 283 4567 li.
312 4543 341 4554 -
379 4519 449 4569 Forte
481 4522 511 4569 ia
534 4521 653 4586 quodque
682 4521 815 4585 oppidum.
844 4522 894 4573 On.
926 4549 953 4560 -
991 4524 1035 4574 27.
1065 4527 1122 4590 opit
1140 4524 1162 4574 1.
1185 4548 1214 4561 -
1250 4525 1294 4575 23.
1314 4525 1378 4575 caeli
1394 4523 1471 4572 haias

161 4587 234 4637 1.-
271 4602 337 4650 qaae
363 4587 528 4640 Lambinus:
555 4593 602 4657 pat
625 4591 721 4643 1111111.
750 4618 778 4629 -
816 4592 860 4642 30.
879 4590 921 4657 at]
939 4594 1043 4643 atinam
1060 4595 1090 4645 it.
1124 4620 1152 4632 -
1190 4594 1233 4645 31.
1260 4608 1336 4659 saepe
1354 4586 1471 4661 ropatur]

160 4657 321 4720 sepsrtlatas
356 4673 397 4721 pr.
426 4657 463 4708 tt.
496 4686 528 4698 -
574 4674 628 4710 aon
654 4667 766 4725 ropataa
791 4660 874 4726 {samu
903 4662 1068 4716 Schuetzlus.
1096 4687 1124 4700 -
1162 4664 1203 4716 32.
1236 4671 1266 4713 at
1293 4658 1381 4716 malis¹
1396 4654 1469 4717 llssll·

162 4727 294 4790 (correxit
311 4727 484 4790 Beroaldus.)

1315 4841 1321 4872 l
