3256 5400
184 224 246 286 55⁵.
664 218 723 280 ΕΡ.
743 220 796 280 ΑΙ)
817 217 988 281 srtlctttt

183 386 341 453 nostrum,
363 397 434 461 spes
455 373 549 440 dubia
570 373 671 460 pacis;
693 374 742 439 sin
763 375 816 439 ille
836 387 907 438 ante
927 371 1132 446 tramisisset,
1155 372 1281 437 exitiosi
1296 370 1370 438 belli
1385 381 1500 438 metus.

182 472 244 538 Sed
271 471 412 545 videsne,
440 469 473 534 in
506 490 599 555 quom
626 467 783 534 bominem
810 467 957 534 inciderit
976 487 1028 531 res
1053 465 1204 552 publicat
1237 487 1330 552 quam
1351 475 1499 538 acutum,

181 585 273 651 quam
296 562 491 647 vigilantem,
526 584 620 648 quam
640 568 803 648 paratum?
836 563 869 627 Si
890 560 1069 626 mehercule
1090 560 1247 625 neminem
1269 559 1420 624 occiderit
1440 581 1502 624 nec

180 658 325 743 cuiquam
348 651 516 742 quidquam
537 656 704 729 ademerit,
727 654 766 720 ab
787 656 841 728 iis,
864 656 919 741 qni
940 675 1011 719 eum
1033 654 1170 718 maxime
1191 654 1375 726 timuerant,
1398 653 1501 717 maxi-

156 755 229 814 ⁵me
251 746 408 834 diligetur.
461 752 491 814 2.
522 751 653 815 Multum
675 771 797 814 mecum
820 747 1021 833 municipales
1043 747 1186 812 homines
1208 746 1393 832 loquuntur,
1418 749 1501 814 mul-

178 852 243 907 tum
264 840 422 906 rusticani.
474 842 555 908 Nihil
584 863 715 928 prorsus
736 842 820 907 aliud
842 851 951 906 curant
970 840 1031 905 nisi
1051 861 1158 926 agros,
1194 840 1254 905 nisi
1275 841 1414 916 vtttutas,
1437 843 1499 907 nisi

177 933 353 1000 nummulos
378 955 463 1001 suos.
512 941 551 1001 Et
576 935 662 1010 vide,
700 957 793 1021 quam
819 955 970 1000 conversa
995 954 1047 998 res
1072 944 1129 999 est.
1180 933 1286 1008 lllum,
1323 955 1386 1020 qno
1408 947 1500 1000 entea

177 1027 386 1101 confidebant,
418 1039 574 1106 metuunt;
607 1029 689 1095 buno
710 1038 832 1103 amant,
859 1049 952 1112 quem
973 1026 1132 1092 timebant.
1177 1027 1212 1093 ld
1234 1029 1357 1114 quantis
1379 1029 1497 1093 nostris

177 1124 309 1209 peccatis
337 1123 482 1208 vitiisque
511 1124 667 1197 evenerit,
703 1145 766 1187 non
792 1142 919 1208 possum
941 1121 1008 1186 sine
1029 1122 1171 1187 molestia
1196 1122 1344 1206 cogitare.
1408 1124 1499 1197 Quae

145 1222 169 1264 ¹⁰
177 1226 280 1281 autem
308 1214 492 1302 impendere
519 1224 681 1303 putarem,
719 1215 905 1300 scripseram
926 1214 967 1280 ad
987 1223 1041 1294 te;
1072 1226 1103 1281 et
1124 1216 1187 1282 iam
1209 1225 1278 1281 tuas
1299 1214 1419 1281 litteras
1440 1237 1498 1280 ex·

177 1307 363 1396 spectabam.

632 1434 711 1497 rrv.
764 1432 817 1508 (r.
843 1434 874 1498 n.
897 1435 929 1497 o.
950 1435 1037 1514 705.)

650 1555 792 1620 CICERO
814 1557 957 1620 ATTICO
980 1558 1012 1620 S.

263 1672 291 1733 l.
318 1671 386 1732 Nou
414 1664 542 1742 dubito,
571 1666 645 1753 quin
673 1664 730 1730 tibi
758 1664 886 1731 odiosae
914 1666 975 1729 sint
996 1665 1146 1750 epistolae
1175 1666 1390 1752 quotidianae,
1424 1693 1497 1737 cum

145 1760 359 1850 inpraesertim
387 1781 488 1845 neque
513 1780 595 1825 nova
626 1760 665 1825 de
693 1780 729 1824 re
761 1759 865 1844 aliqua
886 1759 1052 1823 certiorem
1076 1770 1107 1823 te
1128 1759 1238 1825 inciam
1260 1783 1361 1847 neque
1383 1786 1498 1830 novam

177 1855 312 1942 denique
333 1853 394 1918 iem
416 1854 571 1939 reperiam
593 1852 748 1917 scribendi
770 1853 863 1918 ullam
885 1856 1078 1919 sententiam.
1122 1853 1199 1928 Sed,
1222 1854 1249 1919 si
1270 1854 1372 1921 dedita
1387 1879 1497 1944 opera,

177 1970 248 2015 cnm
270 1967 362 2012 causa
384 1948 466 2012 nulla
487 1957 582 2020 esset,
605 1946 782 2012 tabellarios
803 1945 843 2012 ad
864 1957 894 2011 te
916 1967 988 2011 cum
1008 1946 1152 2012 inanibus
1170 1948 1308 2033 epistolis
1329 1951 1496 2025 mitterem,

176 2043 312 2109 lacerem
344 2041 457 2126 inepte.
506 2040 658 2107 Euntibus
679 2060 774 2114 vero,
804 2039 982 2106 domesticis
1009 2040 1210 2125 praesertim,
1246 2051 1281 2106 ut
1303 2043 1379 2109 nibil
1402 2045 1441 2110 ad
1463 2054 1495 2109 te

178 2137 249 2204 dem
271 2135 458 2210 litterarum,
480 2134 582 2199 facere
603 2154 666 2199 non
687 2154 833 2220 possum;
870 2142 901 2198 et
921 2133 1013 2197 simul
1034 2133 1190 2198 -crede
1212 2134 1288 2198 mibi
1310 2167 1349 2179 -
1371 2138 1498 2223 requie·

139 2247 232 2296 eosco
253 2229 391 2316 paullum
413 2226 446 2291 in
467 2226 515 2293 bis
535 2228 689 2301 miseriis,
723 2249 793 2292 cum
816 2227 905 2313 qnasi
925 2235 1028 2291 tecum
1059 2226 1191 2313 loquor;
1221 2248 1291 2292 eum
1321 2250 1396 2295 vero
1427 2240 1497 2296 tuas

178 2322 324 2410 epistolas
346 2320 432 2405 lego,
454 2321 552 2387 multo
574 2320 668 2386 etiam
698 2321 806 2407 magis.
850 2321 984 2387 Omnino
1005 2321 1145 2407 intelligo
1166 2321 1285 2387 nullum
1307 2321 1404 2389 luisse
1419 2334 1499 2390 tem·

178 2437 237 2503 pus
265 2424 337 2501 post
363 2413 417 2477 bas
446 2413 535 2499 sugas
564 2423 595 2478 et
616 2414 815 2488 formidines,
849 2413 935 2501 quod
961 2414 1059 2498 magis
1082 2413 1225 2479 debuerit
1246 2429 1365 2481 mutum
1387 2438 1456 2484 esse
1478 2441 1497 2483 a

177 2508 303 2584 litteris;
338 2515 521 2592 propterea,
551 2508 636 2595 quod
657 2529 758 2595 neque
779 2513 896 2574 Romae
929 2506 1098 2592 quidquam
1120 2507 1244 2574 auditur
1265 2510 1356 2586 novi,
1384 2512 1497 2578 necin

179 2602 228 2668 bis
255 2601 350 2673 locis,
383 2620 463 2685 quae
491 2621 508 2664 a
536 2600 703 2666 Brundisio
740 2601 851 2667 absunt
877 2602 1008 2688 propius
1035 2624 1127 2689 quam
1155 2612 1190 2669 tn
1210 2602 1341 2669 biduum
1367 2615 1420 2670 eut
1440 2606 1497 2671 tri·

142 2695 287 2762 enduum.
342 2692 500 2758 Brundisii
521 2703 623 2758 autem
645 2716 738 2760 omne
759 2704 915 2760 certamen
942 2695 1075 2761 vertitur
1107 2697 1199 2762 buius
1219 2697 1314 2783 primi
1335 2701 1495 2784 temporis.

180 2793 249 2868 Qua
286 2786 411 2874 quidem
448 2789 679 2872 exspectatione
709 2797 869 2875 torqueor.
930 2788 992 2853 Sed
1020 2789 1124 2854 omnia
1154 2800 1225 2856 ante
1257 2811 1314 2855 nos
1347 2792 1493 2859 sciemus.

178 2881 298 2948 Eodem
334 2881 414 2945 enim
450 2881 500 2946 die
535 2881 628 2948 video
665 2887 827 2948 Caesarem
861 2903 878 2946 a
914 2881 1051 2947 Corfinio
1086 2893 1157 2969 post
1193 2884 1357 2949 meridiem
1389 2886 1496 2971 prole-

178 2983 261 3041 ctum
291 2995 380 3049 esse,
413 2973 446 3040 id
483 2982 550 3050 est,
585 2975 769 3052 Feralibus,
809 2996 873 3062 qno
910 2976 1043 3042 Canusio
1076 2999 1166 3043 mane
1197 2979 1390 3064 Pompeium.
1447 2985 1494 3047 Eo

178 3068 274 3135 modo
302 3077 405 3133 autem
437 3068 575 3137 ambulat
608 3073 721 3134 Caesar
750 3079 781 3134 et
802 3069 840 3134 iis
868 3068 974 3134 diariis
995 3070 1128 3134 militnm
1156 3071 1345 3138 celeritatem
1373 3073 1494 3152 incitat,

143 3173 213 3233 seut
227 3163 366 3235 timeam,
389 3182 428 3226 ne
447 3163 536 3228 citius
551 3162 590 3227 ad
605 3162 820 3236 Brundisium,
844 3184 935 3248 quam
950 3184 1031 3248 opus
1045 3164 1100 3238 sit,
1123 3164 1297 3232 accesserit.
1339 3170 1370 3232 2.
1391 3168 1494 3243 Dices,

179 3304 199 3332 „
208 3255 292 3333 Quid
314 3256 409 3340 igitur
430 3256 566 3341 proficis,
589 3261 642 3342 qui
665 3257 814 3341 anticipes
836 3256 903 3322 eius
925 3258 971 3322 rei
993 3258 1177 3333 molestiam,
1200 3256 1293 3344 quam
1311 3256 1415 3325 triduo
1434 3263 1495 3326 sci·

178 3360 268 3416 turus
297 3351 385 3415 sist'’
416 3352 497 3416 Nihil
526 3352 681 3438 equidem.
741 3350 819 3424 Sed,
855 3360 889 3414 ut
921 3372 1016 3435 supra
1049 3352 1135 3425 dixi,
1173 3361 1273 3417 tecum
1302 3353 1495 3439 perlibenter

178 3444 313 3530 loquor;
344 3456 375 3508 et
406 3444 498 3509 simul
528 3445 604 3509 seito
630 3443 738 3508 labare
766 3465 870 3508 meum
899 3445 1063 3510 consilium
1091 3446 1183 3520 illud,
1219 3447 1303 3533 quod
1328 3449 1404 3512 satis
1431 3449 1494 3513 iam

179 3538 276 3604 fixum
298 3536 473 3608 videbatur.
522 3543 591 3604 lion
612 3537 689 3602 mibi
709 3536 783 3601 satis
805 3537 910 3603 idonei
933 3550 1004 3604 suut
1025 3550 1168 3605 auctores
1191 3540 1227 3613 ii,
1253 3541 1307 3626 qui
1327 3562 1344 3604 a
1367 3550 1397 3605 te
1418 3562 1494 3626 pro-

144 3631 302 3699 sebantur.
346 3631 438 3709 Quod
460 3631 543 3696 enim
563 3651 701 3718 unquam
723 3650 833 3695 eorum
855 3632 943 3697 inre
965 3632 1087 3717 publica
1116 3633 1197 3698 sorte
1217 3632 1331 3698 lactum
1354 3634 1494 3699 exstitit?

178 3733 233 3791 aut
253 3724 323 3812 quis
345 3723 384 3788 ab
407 3725 444 3789 iis
466 3725 560 3790 ullam
582 3746 649 3790 rem
680 3722 771 3789 laude
793 3724 918 3809 dignam
939 3726 1114 3791 desiderat?
1144 3732 1206 3792 Nec
1227 3727 1404 3793 mehercule
1426 3729 1493 3793 lau-

179 3818 297 3885 dandos
326 3819 490 3893 existimo,
527 3823 579 3904 qui
609 3825 693 3884 trans
714 3840 800 3883 mare
822 3817 896 3883 belli
923 3820 1052 3905 parandi
1074 3842 1165 3886 causa
1186 3821 1320 3906 profecti
1351 3831 1422 3887 sunt
1451 3860 1493 3868 —

179 3935 365 4001 quamquam
377 3913 453 3978 baec
464 3911 592 3977 ferenda
604 3932 667 3976 non
679 3923 828 3991 erant-3
845 3912 936 3979 video
949 3919 1040 3989 enim,
1054 3924 1202 4000 quantum
1215 3915 1246 3979 id
1257 3913 1373 3980 bellum
1384 3916 1493 3997 iillud

249 4133 275 4184 t.
305 4135 349 4183 ira
372 4135 481 4183 misisset
500 4146 540 4196 pr.
564 4134 610 4191 bl,
643 4132 828 4182 transmisisset
846 4133 876 4192 l,
905 4135 1040 4184 transisset
1059 4134 1091 4184 B.
1111 4135 1278 4191 (tremuisset
1296 4149 1367 4185 corr.
1388 4135 1440 4192 Μ.)
1459 4160 1492 4172 ·-

179 4203 207 4255 3.
225 4206 258 4254 iis
275 4205 313 4254 B:
333 4205 372 4253 bis
389 4203 463 4254 ΜΙΕ.
493 4228 522 4239 -
559 4202 585 4251 6.
605 4198 755 4264 Nihil]nisi
773 4215 812 4265 pr.
832 4203 872 4253 Μ.
904 4228 934 4239 -
971 4205 1116 4268 aisiapros
1134 4219 1187 4256 om.
1217 4206 1247 4255 B.
1278 4229 1309 4241 ·-
1344 4207 1373 4255 7.
1392 4202 1439 4266 est]
1458 4209 1492 4256 sit

180 4275 337 4325 Lambinus·
356 4298 389 4307 -
426 4275 452 4324 9.
471 4274 568 4322 venerit
588 4272 618 4321 tt.
648 4298 677 4308 -
716 4271 759 4320 ld.
780 4273 899 4321 tibiom.
919 4288 960 4338 pr.
978 4274 1016 4324 Μ.
1039 4298 1067 4308 -
1105 4276 1219 4338 qnotidie
1237 4276 1259 4325 l.
1289 4297 1316 4308 -
1353 4277 1397 4327 20.
1415 4277 1493 4338 paul·

180 4344 261 4394 Mem
288 4344 334 4393 Bl.
364 4369 392 4380 -
431 4344 475 4392 22.
502 4343 612 4406 defuerit
637 4340 748 4391 multum
770 4341 846 4393 stul.
884 4344 929 4406 <nt
955 4357 1021 4403 uns,
1054 4358 1108 4406 mg.
1135 4345 1162 4394 Μ
1192 4351 1219 4394 et
1242 4345 1390 4396 Beroaldus
1420 4347 1492 4409 spud

180 4415 282 4467 Pium.)
316 4436 342 4446 -
381 4414 425 4462 25.
445 4413 541 4473 autem]
560 4420 649 4462 tomen
666 4413 698 4461 B.
728 4436 760 4446 -
797 4412 840 4461 28.
867 4414 1127 4477 asstantibusque
1146 4429 1185 4477 pr.
1210 4415 1254 4476 Μ,
1281 4430 1332 4465 ssss
1351 4413 1491 4480 (spatium)

181 4498 233 4549 qno
252 4484 274 4533 1.
311 4484 354 4540 (Ut
372 4497 443 4543 uos,
470 4483 553 4532 Codd.
574 4483 646 4531 Bosli
666 4486 693 4531 et
710 4495 781 4531 corr.
800 4483 851 4538 Μ.)
877 4507 907 4519 -
944 4485 988 4534 29.
1007 4490 1032 4533 et
1048 4484 1081 4532 iis
1098 4480 1201 4546 diariis]
1221 4487 1372 4535 scusdioris's
1396 4487 1438 4546 Μ,
1468 4493 1493 4536 st

181 4554 314 4604 bisdicts's
339 4553 422 4603 Codd.
443 4553 535 4612 Bosii,
565 4558 589 4603 et
607 4553 784 4602 iisdictislt.
823 4549 951 4614 (lituos,
971 4551 1171 4617 letmg.bl.)
1203 4579 1229 4588 -
1267 4557 1398 4605 celeritate
1416 4556 1438 4606 1.
1460 4581 1489 4592 -

181 4623 224 4674 30.
247 4630 278 4673 nt
303 4619 417 4684 timeam]
446 4623 567 4672 ultimam
594 4637 634 4685 pr.
664 4623 703 4674 Μ.
731 4646 761 4658 -
798 4622 842 4671 33.
863 4621 940 4686 qood]
967 4638 1065 4687 quoque
1092 4624 1123 4673 lt.
1151 4650 1184 4660 -
1218 4627 1272 4674 inm
1297 4627 1362 4675 satis
1392 4626 1438 4676 nt.
1460 4649 1489 4660 -

180 4693 225 4744 et.
249 4695 271 4743 s'i
292 4696 354 4758 quia
371 4693 546 4756 reprobaretur
564 4706 603 4755 pr.
623 4692 661 4742 Μ.
682 4716 713 4727 -
749 4692 791 4742 35.
810 4693 878 4756 {ests
894 4696 992 4757 suctum
1010 4696 1039 4742 in
1056 4694 1204 4757 republica
1222 4696 1252 4744 B.
1275 4719 1304 4730 -
1341 4698 1431 4745 cristis
1449 4709 1490 4758 pr.

179 4763 222 4824 Μ,
240 4765 329 4813 existit
347 4763 382 4813 Bl
401 4768 428 4812 et
447 4776 517 4812 corr.
536 4763 574 4812 Μ.
596 4785 626 4797 -
662 4761 705 4812 36.
724 4764 757 4810 iis
775 4762 814 4812 B:
835 4764 963 4815 bisbllll.
991 4786 1017 4796 -
1055 4765 1100 4814 38.
1119 4771 1318 4826 quontnmom.
1340 4779 1380 4828 pr.
1400 4767 1437 4819 Μ.
1459 4789 1490 4802 -

179 4833 272 4885 bellum
289 4833 355 4884 ittae
372 4839 397 4886 st
416 4847 456 4897 pr·
475 4833 522 4885 M:
542 4832 634 4884 bellam
651 4839 676 4884 st
696 4832 754 4882 tutt
772 4838 798 4883 et
816 4846 885 4883 corr.
905 4835 943 4888 Μ.
962 4834 1034 4885 Fert.
1054 4834 1145 4886 bellum
1162 4835 1228 4885 illim
1244 4842 1279 4886 st·
1300 4835 1353 4888 Οι.
