3256 5400
191 203 250 265 tao
616 201 891 265 Ertsrotaauu
910 202 963 264 ΑΙ)
984 202 1075 265 ΕΔΜ.

188 370 274 424 sente
297 367 329 422 et
349 358 497 422 insciente
518 357 664 441 migrare.
721 361 775 421 Est
797 356 871 420 milri
893 356 1101 440 gratissimum
1123 358 1197 422 tanti
1220 379 1237 423 a
1259 366 1289 422 te
1311 358 1504 424 aestimatam

188 452 443 519 consuetudinem
464 450 545 514 vitae
563 451 725 538 victusque
744 452 858 516 nostri:
881 451 1033 536 primum,
1056 460 1091 516 ut
1113 472 1181 517 eam
1196 451 1325 517 domum
1346 473 1504 524 sumeres,

75 568 83 589 ⁸
189 556 224 612 ut
255 567 316 610 nou
346 544 440 610 modo
469 565 569 632 prope
596 567 646 610 me
675 545 730 610 sed
758 545 850 630 plane
870 566 993 610 mecum
1014 544 1155 610 habitare
1177 566 1302 631 posses;
1335 545 1449 611 deinde
1471 556 1506 613 ut

189 638 325 724 migrare
346 645 431 702 tauto
453 658 550 723 opere
572 637 708 704 festines.
763 637 824 704 Sed
849 660 888 704 ue
916 638 1035 714 rivam,
1065 638 1091 703 si
1115 637 1170 703 tibi
1192 638 1346 714 concedo,
1376 647 1411 704 ut
1437 639 1505 704 eius

166 732 236 796 arei
265 739 298 795 tu
322 729 466 817 cupidior
492 731 550 806 sis,
584 753 678 819 quam
707 753 766 817 ego
796 754 875 797 sum.
929 737 1037 819 ltaque
1059 733 1165 798 omnia
1189 734 1347 820 experiar.
1405 732 1506 801 Video

188 824 290 898 enim,
313 823 388 910 quid
402 845 472 888 mea
492 824 627 900 intersit,
649 824 725 911 quid
739 825 904 913 utriusque
919 832 1072 894 nostrum.
1117 827 1149 892 Si
1170 826 1246 913 quid
1259 847 1370 912 egero,
1392 825 1506 890 luciam

187 926 222 981 ut
243 916 332 983 scias.
375 923 421 983 Tu
439 926 470 981 et
491 918 530 982 ad
551 919 657 983 omnia
677 918 832 983 rescribes
852 930 883 985 et
903 921 1028 1007 quando
1052 932 1081 986 te
1102 929 1295 1007 exspectem,
1317 919 1413 985 iacies
1437 940 1505 992 me,

188 1009 213 1074 si
237 1008 293 1074 tibi
314 1009 452 1085 videtur,
476 1011 653 1077 certiorem.

356 1224 359 1231 ,
632 1154 742 1215 rrrr.
785 1152 834 1234 (n.
860 1156 892 1217 u.
915 1155 947 1217 c.
969 1153 1055 1237 roe.)

154 1299 178 1339 ,0
534 1266 676 1330 crosno
699 1267 729 1330 a.
752 1268 789 1329 o.
805 1268 852 1329 n.
873 1266 993 1329 mmo
1017 1265 1157 1331 omno

274 1391 302 1453 1.
324 1387 448 1452 Amoris
468 1384 596 1471 quidem
623 1385 683 1460 tui,
705 1406 833 1473 quoquo
854 1406 904 1449 me
929 1384 1024 1460 verti,
1057 1385 1204 1471 vestigia,
1225 1387 1276 1452 vel
1295 1387 1441 1474 proxime
1467 1389 1507 1454 de

188 1481 331 1568 Tigellio.
384 1479 474 1544 Sensi
502 1478 584 1543 euim
611 1500 652 1544 er
678 1478 790 1543 litteris
815 1479 877 1543 tuis
898 1478 988 1543 valde
1016 1490 1045 1544 te
1074 1478 1243 1545 laborasse.
1301 1487 1380 1546 Amo
1411 1480 1508 1566 igitur

189 1576 388 1642 voluntatem.
441 1571 503 1638 Sed
523 1593 620 1658 pauca
654 1572 694 1638 de
727 1594 772 1638 re.
826 1573 948 1659 Cipius,
978 1571 1108 1657 opinor,
1141 1573 1216 1640 olim
1237 1578 1332 1648 „Nou
1362 1575 1509 1641 omnibus

189 1669 352 1735 dormio'':
385 1667 430 1732 sic
447 1686 507 1751 ego
527 1687 590 1730 non
615 1665 777 1740 omnibus,
811 1666 854 1730 mi
875 1664 977 1741 Galle,
1000 1670 1115 1732 servio.
1164 1666 1231 1732 Etsi
1257 1679 1406 1755 quaeest
1431 1668 1509 1734 liaeo

153 1762 343 1827 inservitus?
380 1758 479 1834 Olim,
511 1780 583 1824 cum
612 1781 744 1846 regnare
771 1757 1045 1834 existimabamus,
1078 1781 1142 1826 uon
1166 1771 1230 1826 tam
1258 1761 1298 1827 ab
1321 1763 1393 1828 ullis
1414 1784 1510 1849 quam

189 1858 249 1922 hoc
269 1865 411 1941 tempore
432 1851 587 1919 observor
608 1874 626 1918 a
646 1851 895 1918 familiarissimis
917 1852 1057 1919 Caesaris
1085 1853 1230 1920 omnihus
1255 1864 1381 1941 praeter
1402 1856 1508 1922 istum

189 1949 224 2015 ld
248 1969 308 2034 ego
327 1948 360 2013 in
385 1946 481 2012 lucris
506 1966 606 2033 pono,
642 1968 705 2012 non
732 1945 817 2011 ferre
844 1946 1003 2011 hominem
1029 1947 1277 2032 pestilentiorem
1305 1947 1406 2034 patria
1428 1970 1508 2028 sua;

189 2062 324 2127 cumque
348 2040 506 2106 addictum
530 2040 591 2105 iam
614 2048 680 2105 tum
708 2048 784 2125 puto
814 2061 883 2104 esse
919 2040 1004 2106 Calvi
1036 2040 1147 2106 Licinii
1173 2041 1389 2128 Hipponacteo
1418 2063 1508 2130 prae·

191 2136 293 2202 conio.
336 2138 367 2200 2.
388 2141 427 2200 nt
445 2134 531 2209 vide,
554 2133 630 2221 quid
650 2142 839 2199 succenseat
881 2133 1033 2198 Phameae
1047 2154 1172 2200 causam
1191 2155 1387 2220 receperam,
1409 2134 1509 2221 ipsius

154 2228 321 2317 mquidem
341 2250 453 2306 causa;
483 2227 649 2293 eratenim
673 2226 750 2292 mihi
768 2248 842 2292 sane
861 2226 1035 2292 familiaris.
1078 2232 1107 2292 ls
1129 2228 1168 2293 ad
1189 2249 1240 2293 me
1262 2226 1347 2292 venit
1368 2225 1509 2314 dixitque

192 2321 326 2387 iudicem
347 2320 407 2386 sibi
427 2342 557 2407 operam
577 2319 652 2387 dare
674 2318 873 2385 constituisse
895 2340 934 2384 eo
955 2320 1025 2407 ipso
1045 2320 1110 2395 die,
1138 2340 1203 2407 qno
1228 2319 1267 2385 de
1288 2324 1321 2385 Ρ.
1350 2318 1453 2384 Sestio
1477 2319 1510 2384 in

190 2415 354 2479 consilium
382 2415 422 2479 iri
454 2435 581 2479 necesse
612 2424 688 2479 erat.
737 2412 910 2500 Respondi.
947 2414 1032 2480 nullo
1061 2413 1157 2479 modo
1186 2435 1238 2479 me
1268 2412 1372 2478 facere
1398 2433 1509 2498 posse;

191 2528 285 2593 quem
307 2508 399 2572 vellet
416 2506 511 2572 alium
526 2506 609 2572 diem
624 2506 650 2571 si
672 2507 867 2593 sumpsisset,
890 2528 939 2571 me
961 2507 991 2572 ei
1006 2528 1069 2572 non
1084 2507 1275 2573 defuturum.
1318 2505 1373 2570 llle
1395 2512 1510 2579 autem,

191 2601 247 2687 qui
268 2599 361 2664 sciret
383 2621 416 2665 se
438 2610 585 2686 nepotem
607 2598 723 2666 bellum
746 2599 904 2666 tibicinem
927 2598 1043 2665 hahere
1066 2610 1097 2666 et
1122 2611 1169 2667 sat
1189 2599 1306 2666 bonum
1328 2610 1509 2676 uectorem,

153 2711 182 2752 m
191 2693 332 2759 discessit
352 2714 371 2758 a
396 2715 466 2773 me,
488 2703 524 2759 ut
544 2693 587 2758 mi
608 2693 789 2769 videbatur,
812 2695 933 2759 iratior⁴
991 2694 1094 2760 Habes
1115 2694 1230 2761 Sardos
1249 2694 1391 2767 venales,
1414 2694 1510 2758 alium

191 2787 255 2852 alio
275 2787 469 2873 nequiorem.
528 2787 674 2872 Cognosti
699 2808 802 2852 meam
823 2808 948 2852 causam
970 2796 1001 2852 et
1022 2787 1110 2853 istius
1132 2788 1283 2854 salaconis
1304 2787 1510 2874 iniquitatem.

192 2885 341 2947 Catonem
362 2890 450 2947 tuum
479 2881 555 2946 milri
582 2882 685 2960 mitte;
721 2880 813 2967 cupio
843 2881 925 2946 enim
948 2883 1064 2967 legere.
1121 2887 1171 2947 Me
1189 2881 1290 2947 adhuc
1313 2903 1376 2947 non
1397 2880 1511 2966 legisse

191 2984 284 3062 turpe
305 2975 432 3063 utrique
453 2980 594 3042 nostram
616 2984 673 3042 est.

647 3118 740 3181 rire.
782 3117 833 3195 (n.
858 3118 891 3180 u.
913 3118 946 3181 c.
968 3119 1054 3195 roa.)

156 3271 184 3310 ,,
541 3230 683 3293 cronno
706 3230 737 3292 s
758 3232 796 3293 o.
818 3232 859 3293 u.
881 3231 1000 3292 muro
1024 3230 1166 3293 eicco.

280 3353 308 3414 1.
331 3347 425 3425 Quod
441 3347 602 3432 epistolam
622 3348 810 3414 conscissam
825 3347 928 3422 doles,
950 3347 1014 3412 noli
1037 3347 1199 3421 laborare,
1222 3348 1306 3413 salva
1329 3358 1393 3416 est:
1416 3348 1512 3415 domo

193 3454 292 3529 petes,
327 3463 399 3505 curn
426 3441 545 3507 libebit.
604 3441 695 3519 Quod
718 3452 822 3508 antem
851 3463 901 3507 me
923 3462 1048 3516 mones,
1071 3442 1161 3508 valde
1182 3453 1305 3526 gratum
1327 3451 1389 3519 est;
1417 3442 1513 3530 idque

194 3550 228 3604 ut
249 3557 374 3622 semper
396 3535 508 3610 facias,
530 3556 620 3621 rogo.
677 3535 801 3603 Videris
830 3536 913 3601 enim
941 3536 1016 3600 milii
1039 3536 1158 3610 vereri,
1181 3558 1239 3612 ue,
1260 3536 1321 3602 nisi
1343 3537 1435 3602 istum
1460 3537 1515 3602 ta·

192 3628 372 3706 buerimus,
393 3629 551 3695 rideamus
566 3638 688 3714 γέλωτα
703 3631 895 3714 σαρδάνιον.
938 3628 999 3693 Sed
1025 3628 1102 3693 licus
1124 3638 1173 3704 tu,
1196 3651 1322 3695 manum
1337 3631 1376 3696 de
1390 3631 1513 3711 tabula;

157 3723 342 3808 nmagister
373 3723 460 3788 adest
487 3723 577 3789 citius
603 3745 696 3811 quam
724 3733 915 3809 putaremus.
957 3726 1094 3796 Vereor,
1121 3743 1161 3787 ne
1190 3723 1224 3788 in
1245 3730 1401 3789 catomum
1424 3727 1515 3791 Cato-

194 3816 293 3879 ninos.
348 3820 378 3880 2.
410 3815 453 3881 Mi
476 3815 578 3892 Galle,
615 3837 690 3883 cave
711 3828 800 3902 putes
822 3816 992 3903 quidquam
1019 3814 1131 3881 melius
1152 3837 1245 3903 quam
1269 3818 1419 3902 epistolae
1441 3826 1513 3884 tuae

194 3917 313 3995 partem
336 3907 375 3973 ab
397 3930 437 3974 eo
458 3910 547 3976 loco:
581 3920 713 3986 „cetera
734 3909 907 3975 labuntur.”
969 3912 1096 3974 Secreto
1123 3910 1184 3974 hoc
1212 3910 1302 3984 audi,
1335 3920 1438 3976 tecum
1460 3908 1515 3976 lra-

195 4002 284 4076 beto,
308 4025 346 4067 ne
367 4004 494 4089 Apellae
516 4003 656 4090 quidem,
679 4002 794 4069 liberto
819 4013 890 4078 tuo,
912 4002 1051 4068 dixeris:
1073 4012 1200 4089 praeter
1220 4002 1285 4069 duo
1301 4023 1359 4068 nos
1373 4002 1515 4089 loquitur

194 4096 255 4161 isto
277 4096 372 4161 modo
394 4118 504 4174 nemo;
526 4096 606 4162 bene
627 4096 763 4170 malene,
786 4096 918 4173 videro;
940 4095 1016 4172 sed,
1038 4096 1189 4184 quidquid
1205 4105 1272 4174 est,
1294 4105 1436 4161 nostrum
1457 4105 1514 4162 est.

265 4278 290 4326 1.
311 4278 478 4326 aestimatum
496 4277 534 4328 Μ.
566 4303 597 4312 -
633 4276 660 4326 l.
678 4277 780 4339 festines
798 4274 841 4326 M:
866 4276 1003 4338 [atinam
1023 4276 1052 4326 a.
1082 4300 1112 4311 -
1148 4276 1175 4326 o.
1194 4277 1323 4341 {amamur
1339 4277 1406 4325 actm
1423 4274 1462 4326 u.
1483 4298 1510 4310 ·-

194 4347 221 4397 7.
240 4346 323 4408 somus
342 4361 382 4409 pr.
402 4347 439 4396 ltl.
468 4367 500 4381 -
535 4347 562 4396 8.
581 4346 710 4396 videbitur
728 4345 821 4394 Amor.
843 4345 886 4395 1³.
917 4367 950 4381 -
986 4346 1029 4396 10.
1048 4345 1133 4397 raum
1151 4345 1279 4408 Pighius:
1299 4345 1382 4396 Folio
1400 4344 1461 4396 tta.
1479 4368 1514 4381 -

195 4417 238 4465 11.
257 4423 330 4465 verto
349 4417 465 4466 malebat
484 4417 632 4467 Emestios.
654 4439 684 4450 -
716 4416 760 4465 1³.
779 4428 807 4465 ra
826 4414 869 4465 u:
890 4415 962 4468 toE.
983 4441 1013 4453 -
1043 4415 1130 4479 thtur
1147 4415 1241 4466 Festos
1261 4415 1300 4479 (p.
1319 4416 1380 4466 533.
1401 4411 1513 4476 Lindi:

196 4486 277 4535 citius
307 4487 351 4544 M,
380 4487 476 4548 Coptos
502 4487 532 4536 E.
562 4512 593 4522 -
629 4486 673 4535 21.
701 4485 784 4535 sotio
803 4485 842 4534 V:
874 4484 962 4535 Sentio
981 4485 1024 4545 M,
1048 4484 1138 4536 Sextio
1155 4485 1186 4535 li.
1217 4510 1248 4522 -
1284 4486 1330 4536 2³.
1349 4484 1516 4550 qmmocltot

196 4556 304 4605 Ambrr.
323 4563 397 4606 tres:
415 4570 489 4620 quein
506 4556 595 4606 vellem
607 4556 647 4616 u,
667 4569 746 4617 quum
762 4554 836 4604 uelut
856 4555 885 4604 li.
905 4552 992 4619 (quem
1009 4554 1102 4605 octtcm
1118 4568 1147 4606 o.
1166 4556 1193 4606 d.
1212 4557 1235 4604 st
1252 4558 1418 4618 sumpsissent
1430 4555 1516 4605 Wun-

197 4623 301 4688 dcrus.)
322 4651 352 4662 -
389 4626 584 4675 Structorem
602 4625 748 4676 Manutius.
786 4623 840 4675 Ctr.
862 4624 1180 4686 veterrimam.
1202 4649 1232 4661 -
1270 4626 1314 4675 25.
1333 4627 1370 4674 mi
1387 4624 1432 4675 ld:
1451 4624 1517 4674 milti

197 4696 228 4745 Ε.
250 4720 280 4731 -
318 4695 361 4744 30.
383 4696 466 4745 Fodto
483 4696 614 4756 Pighius:
635 4695 717 4745 Fabio
735 4693 794 4745 MR.
815 4717 845 4730 -
883 4695 1261 4757 ³1.acuomt,paroeorr.
1282 4696 1320 4745 M.
1341 4720 1373 4732 -·
1409 4694 1453 4745 33.
1471 4707 1514 4754 m,

197 4767 249 4814 nist
267 4764 417 4815 Victorius:
437 4766 488 4814 nint
506 4765 554 4825 Μ,
574 4780 624 4825 no,
642 4767 665 4814 ei
684 4765 714 4813 ll.
740 4789 773 4799 -
809 4763 853 4814 34.
872 4761 1032 4834 σαρδάνιον
1049 4763 1094 4814 Ma
1113 4763 1272 4834 σαρδόνιον
1289 4765 1319 4814 ll.
1341 4787 1372 4800 ·-
1408 4764 1453 4814 ³5.
1473 4776 1515 4815 eo·

199 4842 297 4885 tomum
315 4837 364 4886 u:
383 4835 521 4886 Cotonium
546 4835 576 4885 Ε.
613 4834 668 4886 Ctr.
688 4833 722 4884 Α.
740 4833 859 4885 Gellium
877 4832 921 4896 1⁶,
940 4833 967 4885 7.
986 4833 1077 4884 Schot.
1100 4833 1193 4885 loven.
1213 4849 1240 4897 p.
1258 4834 1293 4885 115
1312 4832 1356 4884 Cr.
