3256 5400
466 254 526 318 ΕΡ.
547 256 600 317 ΑΙ)
622 255 780 319 BRUTUM
801 255 876 317 Llll.
898 253 936 316 ll.
978 253 1037 317 Er.
1064 255 1090 317 l.
1111 255 1142 317 2.

592 924 619 985 l.
664 918 805 986 CICERO
826 918 957 984 BRUTO
980 921 1011 983 S.

145 1059 173 1120 l.
223 1030 317 1123 Cum
337 1053 414 1118 baec
435 1049 627 1125 scribebam,
656 1070 708 1114 res
734 1047 970 1115 existimabatur
992 1053 1024 1113 in
1045 1059 1222 1116 extremum
1244 1050 1376 1119 adducta
1398 1053 1461 1120 dis·

143 1147 284 1224 crimen3
321 1146 425 1212 tristes
457 1146 541 1211 enim
569 1143 608 1209 de
634 1148 732 1209 Bruto
759 1151 869 1207 nostro
898 1141 1018 1207 litterae
1047 1144 1210 1231 nuntiique
1238 1146 1461 1215 atterebantur.

142 1246 192 1307 Me
207 1240 333 1329 quidem
355 1261 418 1305 non
432 1239 570 1305 maxime
591 1234 827 1302 conturbabant.
862 1236 919 1300 His
938 1235 1021 1300 enim
1043 1237 1234 1305 exercitibus
1256 1240 1461 1328 ducibusque,

143 1357 224 1422 quos
245 1333 412 1408 babemus,
436 1333 522 1400 nullo
537 1330 633 1396 modo
655 1338 796 1416 poteram
817 1329 973 1395 diffidere.
1006 1335 1114 1415 Neque
1135 1333 1329 1398 assentiebar
1349 1335 1486 1402 maioris

142 1430 225 1514 parti
246 1428 416 1493 bominum.
452 1426 559 1492 Fidem
574 1424 658 1488 euim
679 1425 841 1490 consulum
859 1445 922 1489 non
938 1423 1201 1500 condemnabam,
1224 1449 1304 1512 quae
1318 1440 1463 1514 suspecta

143 1522 345 1588 vehementer
367 1529 442 1585 erat.
485 1517 709 1583 Desiderabam
732 1518 890 1583 nonnullis
911 1517 943 1582 in
965 1517 1060 1583 rebus
1082 1519 1279 1604 prudentiam
1301 1530 1332 1585 ct
1353 1523 1465 1588 celeri·

143 1625 254 1690 tatem;
277 1635 337 1701 qua
352 1618 377 1679 si
400 1621 502 1678 essent
524 1612 588 1685 usi,
611 1611 796 1698 iampridem
819 1610 1058 1698 rempublicam
1076 1635 1359 1700 recuperassemus.
1395 1622 1463 1683 Nou

143 1709 227 1772 enim
249 1707 389 1792 ignoras,
412 1715 526 1793 quanta
547 1716 705 1773 momenta
727 1706 842 1771 sintin
863 1728 899 1770 re
921 1705 1044 1792 publica
1067 1716 1243 1794 temporum
1267 1719 1297 1772 et
1319 1709 1395 1795 quid
1416 1709 1463 1774 in-

143 1799 232 1864 tersit
258 1800 341 1865 idem
368 1799 445 1865 illud
473 1811 580 1866 utrum
608 1810 695 1873 anto,
723 1822 762 1865 an
789 1812 859 1886 post
880 1800 1083 1876 decernatur,
1112 1802 1309 1887 suscipiatur,
1341 1811 1501 1887 agatnen

144 1894 270 1968 Omnia,
292 1915 372 1980 quae
393 1915 502 1959 severe
525 1893 649 1958 decreta
663 1904 735 1959 sunt
755 1893 815 1959 boc
836 1895 984 1967 tumultu,
1008 1897 1034 1960 si
1056 1905 1123 1971 aut,
1146 1917 1209 1982 quo
1232 1894 1283 1960 die
1304 1895 1371 1960 dixi
1393 1918 1463 1962 sen·

143 1989 288 2063 tentiam,
311 1987 447 2074 perlecta
470 1998 588 2062 essent,
611 1996 643 2051 et
664 2009 726 2053 non
748 1987 781 2051 in
797 1986 880 2052 diem
903 2009 943 2052 ex
966 1988 1015 2052 die
1038 1989 1146 2064 dilata,
1169 1999 1222 2053 aut
1243 2010 1307 2075 quo
1329 2011 1368 2054 ex
1385 1999 1463 2054 tem·

142 2104 222 2168 pore
250 2091 391 2168 suscepta
412 2091 499 2155 suut,
527 2091 563 2147 ut
584 2091 768 2166 agerentur,
798 2101 861 2146 non
883 2082 1001 2147 tardata
1024 2093 1055 2147 et
1076 2083 1315 2167 procrastinata,
1344 2082 1462 2150 bellum

142 2177 203 2242 iam
226 2175 345 2241 nullum
368 2175 563 2242 haberemus.
607 2180 637 2239 2.
668 2177 798 2249 Omnia,
825 2180 936 2250 Brute,
966 2177 1107 2261 praestiti
1128 2177 1175 2242 rei
1197 2175 1355 2262 publicae,
1381 2198 1462 2265 quae
1576 2243 1584 2252 ,

142 2279 302 2356 praestare
325 2268 434 2335 debuit
454 2269 498 2342 is,
521 2269 577 2355 qui
599 2279 680 2334 esset
701 2290 757 2345 eo,
780 2269 892 2354 inquo
914 2289 974 2354 ego
996 2291 1081 2344 sum,
1102 2270 1202 2354 gradu
1224 2281 1348 2335 senatus
1362 2290 1497 2356 popu-ra

142 2363 227 2450 lique
255 2362 370 2429 iudicio
399 2364 581 2442 collocatus;
611 2384 669 2428 nec
689 2363 741 2428 illa
763 2363 876 2435 modo,
907 2385 986 2449 quae
1008 2364 1156 2429 nimirum
1178 2364 1245 2431 sola
1273 2362 1312 2428 ab
1333 2363 1461 2430 bomine

143 2468 215 2523 sunt
240 2457 440 2544 postulanda,
471 2456 579 2532 fidem,
611 2457 813 2542 vigilantiam,
844 2458 962 2541 patriae
991 2458 1166 2535 caritatem
1197 2480 1234 2523 ea
1260 2469 1331 2524 sunt
1360 2459 1461 2535 enim,

142 2573 223 2639 qnae
251 2571 345 2616 nemo
366 2561 429 2625 cst,
457 2552 511 2637 qni
540 2573 602 2616 non
624 2561 783 2636 praestare
814 2550 935 2617 debeat.
978 2555 1044 2636 Ego
1066 2561 1169 2618 autem
1192 2557 1236 2628 ei,
1265 2553 1319 2638 qui
1340 2561 1463 2618 senten·

142 2647 218 2712 tiam
239 2644 321 2710 dicat
342 2645 373 2709 in
387 2645 580 2731 principibus
602 2645 641 2711 de
655 2666 692 2711 re
706 2644 843 2730 publica,
866 2654 942 2730 puto
957 2645 1048 2709 etiam
1070 2645 1267 2730 prudentiam
1284 2667 1352 2711 esse
1370 2667 1461 2732 prae·

142 2737 299 2815 standam;
324 2758 382 2801 nec
403 2759 470 2815 me,
493 2759 563 2802 cnm
585 2739 661 2803 mibi
684 2748 802 2803 tantum
824 2739 1027 2823 sumpserim,
1049 2749 1084 2803 ut
1104 2738 1313 2824 gubernacula
1334 2741 1382 2804 rei
1403 2760 1497 2826 pum

107 2832 111 2842 ’
141 2833 241 2899 blicae
267 2832 472 2917 prenderem,
501 2832 603 2897 miuus
625 2833 759 2917 putarim
782 2832 1090 2917 reprehendendum,
1118 2832 1145 2897 si
1167 2832 1316 2898 inutiliter
1342 2831 1461 2919 aliquid

142 2927 264 2993 senatui
285 2926 437 2991 suaserim
458 2948 551 3012 quam
573 2927 600 2991 si
621 2926 797 2994 inlideliter.
832 2930 862 2991 3.
885 2933 960 2991 Acta
982 2947 1062 3012 quae
1080 2925 1142 2990 sint
1163 2947 1304 3012 quaeque
1319 2937 1459 3010 agantur,

142 3022 208 3087 scio
230 3019 383 3106 perscribi
409 3019 449 3084 ad
471 3029 501 3084 te
523 3018 697 3104 diligenter.
740 3024 787 3084 Ex
810 3029 985 3084 meantem
1008 3019 1083 3084 illud
1106 3029 1172 3092 est,
1201 3020 1287 3105 quod
1313 3030 1344 3086 te
1366 3021 1460 3086 velim

142 3113 260 3180 babere
281 3114 453 3197 cognitum,
476 3135 580 3179 meum
603 3113 729 3200 quidem
750 3114 886 3177 animum
910 3114 942 3177 in
957 3115 1053 3178 aciem
1069 3135 1138 3178 esse
1160 3134 1262 3199 neque
1282 3125 1459 3201 respectum

141 3209 241 3275 ullum
262 3228 429 3293 quaerero,
458 3208 517 3272 nisi
539 3229 589 3272 me
610 3208 727 3272 utilitas
748 3207 881 3272 civitatis
902 3206 984 3272 sorte
1005 3207 1206 3272 converterit.
1248 3209 1383 3274 Maiores
1404 3228 1495 3274 amas

143 3312 205 3367 tem
234 3310 339 3387 partes
366 3300 463 3365 animi
491 3311 521 3366 te
547 3301 747 3387 Cassiumque
773 3301 953 3386 respiciunt.
998 3299 1210 3377 Quamobrem
1239 3302 1282 3366 ita
1310 3311 1341 3367 te
1366 3323 1459 3387 para,

142 3402 254 3470 Brute,
281 3405 317 3460 ut
338 3395 504 3479 intelligas,
527 3404 595 3469 aut,
618 3396 644 3461 si
666 3395 726 3461 boc
747 3404 888 3480 tempore
909 3393 990 3459 bene
1011 3417 1064 3459 res
1085 3405 1171 3479 gesta
1191 3394 1246 3468 sit,
1273 3392 1330 3460 tibi
1351 3395 1459 3461 melio-

142 3511 210 3555 rem
230 3510 298 3554 rem
320 3488 476 3574 publicam
498 3511 566 3554 esse
587 3488 760 3554 laciendum
782 3498 853 3563 aut,
875 3493 901 3554 si
923 3489 998 3575 quid
1021 3487 1176 3554 offensum
1191 3489 1245 3564 sit,
1268 3510 1325 3577 per
1339 3498 1370 3555 te
1390 3511 1458 3555 esse

143 3583 274 3648 eandem
294 3582 550 3669 recuperandam.

582 3725 624 3786 11.
668 3724 809 3789 CICERO
831 3722 962 3789 BRUTO
984 3726 1016 3789 S.
1466 3753 1495 3795 m

229 3849 257 3910 1.
278 3845 382 3910 Planci
408 3844 546 3908 animum
568 3844 601 3908 in
615 3864 683 3909 reni
697 3842 850 3928 publicam
873 3850 1048 3930 egregium,
1072 3845 1229 3930 legiones,
1251 3845 1383 3918 auxilia,
1406 3865 1458 3910 co·

142 3939 211 4024 pias
232 3960 273 4004 ex
291 3938 401 4003 littoris
423 3939 507 4010 eius,
530 3959 662 4024 quarum
678 3938 856 4023 exemplum
878 3937 935 4003 tibi
956 3940 1084 4004 missum
1106 3938 1257 4013 arbitror,
1280 3940 1459 4025 perspicere

143 4031 282 4119 potuisti.
318 4031 444 4117 Lepidi,
467 4031 512 4096 tui
526 4031 710 4105 necessarii,
733 4031 787 4116 qui
808 4031 978 4098 secundum
994 4033 1122 4098 fratrem
1145 4034 1251 4098 affines
1266 4033 1359 4099 habet
1380 4055 1460 4120 quos

144 4125 247 4190 oderit
268 4125 443 4209 proximos,
467 4125 624 4190 levitatem
638 4134 669 4190 ot
683 4125 917 4190 inconstantiam
939 4127 1139 4213 animumque
1161 4148 1285 4213 semper
1300 4128 1459 4193 inimicum

144 4219 192 4283 rei
211 4217 354 4303 publicae
375 4218 437 4283 iam
459 4219 554 4284 credo
577 4217 635 4284 tibi
656 4241 697 4283 ex
718 4229 845 4284 tuorum
867 4219 979 4284 litteris
1001 4241 1069 4284 esse
1091 4229 1299 4307 perspectum.
1343 4227 1374 4289 2.
1397 4227 1496 4290 Nossa

144 4311 335 4396 exspectatio
362 4312 521 4386 sollicitat,
552 4333 633 4399 quae
662 4321 709 4377 est
736 4312 836 4378 omnis
858 4313 919 4377 iam
948 4313 980 4377 in
1001 4322 1177 4379 extremum
1198 4313 1329 4379 adducta
1351 4315 1460 4380 discri-

213 4531 239 4579 1.
260 4528 577 4593 cmmemores]
598 4531 733 4594 Epistulae
751 4531 801 4581 hae
820 4538 936 4595 septem,
957 4533 1054 4594 quibua
1073 4537 1182 4582 auctore
1194 4532 1336 4583 Schuetzio
1356 4533 1461 4583 Ltbrum

143 4601 283 4649 secandam
302 4600 418 4649 indicem
438 4600 565 4660 lecimus,
585 4615 600 4650 a
621 4600 769 4651 Cratandro
787 4600 852 4663 (Cr.)
871 4604 988 4666 primum
1007 4602 1095 4652 editae
1114 4608 1189 4661 xunt3
1210 4617 1260 4652 nec
1280 4612 1369 4654 tamen
1389 4604 1460 4653 ullur

143 4682 238 4718 earum
263 4684 381 4733 uuquam
409 4671 477 4720 liber
501 4685 583 4720 manu
608 4674 721 4735 scriptas
740 4673 852 4734 reperiri
872 4673 966 4735 potuit.
1002 4673 1044 4721 Ab
1064 4672 1130 4723 ltalo
1150 4672 1241 4736 aliquo
1264 4677 1306 4725 rel
1325 4673 1461 4724 Germano

144 4739 205 4789 Sec.
225 4739 281 4789 XV·
301 4740 426 4790 Ciceroni
445 4741 571 4791 ridentur
588 4753 647 4791 esse
665 4744 827 4805 suppositae.
856 4742 907 4793 On.
929 4766 956 4776 -
984 4741 1011 4791 o.
1031 4743 1226 4792 contemnebam
1245 4745 1363 4795 malebat
1382 4745 1462 4794 Brne·

144 4808 221 4860 atius.
240 4833 274 4845 -
297 4809 323 4859 8.
342 4809 474 4872 publicam
492 4824 547 4862 orn.
567 4811 611 4862 Cr.
632 4812 759 4862 tinearutt
777 4812 925 4863 Lambtnnr
943 4819 969 4864 el
987 4810 1050 4873 Vb.)
1070 4836 1100 4849 -
1127 4814 1169 4864 15.
1188 4821 1252 4865 met
1270 4828 1300 4866 eo
1318 4813 1379 4865 Cu:
1400 4821 1463 4865 met

144 4880 175 4930 tri
191 4893 222 4930 eo
240 4893 302 4931 eum
321 4880 452 4932 lambino
471 4881 501 4932 lt.
522 4903 554 4920 -
590 4880 635 4932 24.
653 4885 711 4933 aete
730 4883 886 4933 Lambinus.
