3256 5400
190 233 252 297 570
683 225 743 286 ΕΡ.
764 225 817 285 ΑΙ)
840 223 1012 286 ATTlCUbl

191 387 370 476 quissimam
392 394 422 447 et
444 381 666 447 sanctissimam
695 387 870 465 parentem,
903 379 1051 464 patriam,
1087 378 1168 441 tama
1196 377 1371 443 necandam
1393 383 1524 462 putent.

190 488 290 568 Atque
321 480 381 544 boc
412 496 475 540 uon
504 473 651 559 opinione
673 474 785 549 timeo,
814 471 869 537 sed
890 471 1018 538 interlui
1047 470 1254 537 sermonibus.
1298 468 1415 536 Omnis
1438 468 1524 534 baec

190 575 296 641 classis
316 567 524 642 Alexandrea,
561 568 699 641 Colchis,
728 573 829 655 Tyro,
860 565 990 639 Sidone,
1019 564 1140 639 Arado,
1170 569 1288 653 Cypro,
1306 563 1522 651 Pamphylia,

190 668 299 755 Lycia,
329 662 454 737 ltbodo,
482 661 576 735 Chio,
604 661 769 749 Byzantio,
798 658 921 733 Lesbo,
944 663 1092 746 Smyrna,
1115 659 1237 733 Mileto,
1261 662 1327 725 Coo
1350 658 1392 722 ad
1415 659 1523 723 inter·

169 757 358 831 scludeudos
387 765 577 822 commeatus
604 754 708 819 ltaliae
741 764 772 818 et
799 753 837 817 ad
866 751 1061 837 occupandas
1088 752 1307 818 frumentarias
1328 752 1521 838 provincias

191 860 399 938 comparatur.
448 855 487 914 At
515 870 608 934 quam
639 848 744 912 veniet
769 847 881 911 iratusl
915 855 946 909 et
974 845 1012 909 iis
1034 846 1161 931 quidem
1183 847 1333 920 maxime,
1360 847 1519 934 quicum

190 946 323 1009 maxime
354 943 473 1009 salvum
505 940 664 1014 volebant,
702 941 790 1027 quasi
812 939 940 1004 relictus
962 937 1000 1002 ab
1029 939 1084 1013 iis,
1117 959 1196 1025 quos
1217 940 1357 1024 reliquit.
1402 944 1520 1025 Itaque

190 1038 265 1103 mibi
288 1036 457 1110 dubitanti,
480 1034 556 1121 quid
578 1056 628 1099 me
651 1036 753 1098 facere
775 1054 833 1118 par
854 1033 910 1105 sit,
933 1053 1137 1119 permagnum
1159 1033 1281 1118 pondus
1301 1033 1395 1098 affert
1415 1032 1521 1098 bene·
1561 1112 1567 1125 ι

189 1133 324 1198 volentia
354 1150 429 1215 erga
455 1130 563 1205 illum;
593 1149 653 1214 qua
683 1127 805 1212 dempta
836 1125 940 1211 perire
971 1125 1081 1191 melius
1117 1136 1198 1191 esset
1227 1131 1257 1191 iu
1284 1128 1386 1212 patria
1416 1150 1518 1215 quam

157 1227 322 1312 repatriam
344 1222 498 1289 servando
521 1231 674 1286 evertere.
716 1226 762 1285 De
785 1224 1026 1305 Septcmtrione,
1049 1220 1140 1304 plane
1162 1220 1204 1284 ita
1223 1231 1278 1285 est.
1321 1227 1452 1297 Metuo,
1477 1242 1519 1285 ne

190 1328 323 1385 vexetur
343 1319 468 1404 Epirus.
521 1315 582 1381 Sed
604 1337 697 1402 quem
720 1327 753 1381 tu
775 1315 878 1380 locum
902 1315 1049 1378 Graeciae
1071 1336 1132 1378 non
1156 1314 1310 1400 direptum
1333 1317 1374 1381 iri
1396 1321 1519 1403 putas?

190 1413 350 1478 Praedicat
371 1412 454 1476 euim
475 1411 575 1495 palam
598 1420 629 1474 et
650 1409 799 1475 militibus
822 1408 956 1473 ostendit
978 1430 1010 1472 se
1033 1409 1198 1493 largitione
1219 1410 1286 1495 ipsa
1308 1418 1517 1497 superiorem

190 1528 283 1594 quam
305 1506 387 1571 bunc
408 1505 487 1569 sore.
543 1502 621 1568 Illud
643 1525 693 1567 me
724 1503 884 1589 praeclare
906 1501 1073 1575 admones,
1104 1523 1174 1567 curn
1196 1503 1282 1567 illum
1307 1505 1439 1580 videro,
1477 1526 1518 1570 ne

191 1601 283 1666 nimis
311 1598 509 1684 indulgenter
537 1607 569 1661 et
589 1607 624 1662 ut
645 1618 715 1663 cum
738 1595 888 1681 gravitate
909 1595 1014 1680 potius
1041 1595 1161 1680 loquar.
1212 1596 1304 1660 Plane
1325 1599 1372 1663 sic
1393 1598 1519 1664 sacien-

160 1694 276 1760 rsdum.
318 1694 484 1778 Arpinum,
507 1711 577 1755 cum
599 1711 671 1755 eum
693 1710 891 1763 convenero,
913 1694 1034 1773 cogito,
1057 1709 1096 1752 ne
1118 1688 1200 1753 sorte
1222 1700 1275 1754 aut
1296 1690 1414 1769 absim,
1441 1715 1517 1759 cum

191 1788 311 1861 veniet,
334 1798 387 1852 aut
407 1806 531 1850 cursem
553 1784 614 1850 buc
634 1785 708 1850 illuc
729 1785 780 1849 via
795 1783 974 1848 deterrima.
1017 1781 1185 1854 Bibulum,
1208 1793 1241 1848 ut
1263 1784 1390 1862 scribis,
1414 1787 1518 1853 audio

191 1880 313 1945 venisse
342 1887 374 1944 et
400 1870 519 1943 redisse
551 1878 652 1963 pridie
681 1877 763 1943 ldus.
807 1882 837 1942 3.
859 1876 1074 1948 Philotimum,
1109 1887 1143 1940 ut
1172 1877 1217 1941 ais
1244 1879 1376 1963 epistola
1400 1881 1516 1953 tertia,

109 1968 115 1980 ’
191 1972 403 2059 exspectabas.
451 1977 490 2038 At
522 1971 574 2036 ille
603 1970 709 2036 ldibus
742 1993 758 2035 a
787 1992 838 2035 me
866 1969 1025 2057 proiectus
1056 1984 1112 2034 est.
1163 1975 1209 2036 llo
1238 1973 1339 2037 serius
1360 1972 1402 2038 ad
1425 1986 1516 2039 tuam

190 2066 273 2131 illam
295 2066 472 2151 epistolam,
503 2065 553 2131 cui
576 2085 635 2149 ego
657 2065 759 2130 statim
782 2064 1023 2150 rescripseram,
1057 2063 1196 2128 redditae
1224 2077 1295 2130 sunt
1316 2087 1407 2131 meae
1430 2068 1517 2133 litte·

155 2181 255 2226 rorae.
303 2167 350 2226 De
381 2160 537 2234 Domitio,
574 2169 609 2224 ut
630 2158 757 2234 scribis,
794 2164 835 2223 ita
858 2159 972 2243 opinor
994 2178 1076 2228 esse,
1111 2167 1144 2221 ut
1166 2168 1197 2221 et
1218 2158 1249 2222 in
1272 2164 1394 2225 Cosano
1416 2161 1462 2224 sit
1485 2172 1516 2226 et

190 2252 354 2319 consilium
375 2255 442 2319 eius
463 2257 635 2338 ignoretur.
668 2258 728 2319 lste
751 2255 890 2319 omnium
912 2253 1109 2337 turpissimus
1131 2264 1161 2316 et
1183 2252 1437 2329 sordidissimuS,
1459 2255 1516 2341 qui

191 2347 366 2412 consularia
387 2349 512 2413 comitia
535 2370 552 2413 a
574 2358 720 2433 praetore
742 2348 786 2413 ait
807 2346 916 2412 baberi
938 2367 1049 2432 posse,
1083 2357 1130 2410 est
1158 2346 1209 2411 ille
1231 2346 1328 2420 idem,
1351 2349 1407 2434 qui
1430 2369 1515 2412 sem·

191 2460 249 2526 per
276 2440 309 2504 in
337 2462 372 2505 re
400 2439 523 2527 publica
559 2441 627 2506 luit.
684 2446 790 2528 ltaque
819 2441 966 2504 nimirum
995 2439 1055 2504 boc
1083 2438 1160 2503 illud
1191 2448 1250 2514 est,
1287 2441 1373 2526 quod
1396 2445 1517 2507 Caesar

192 2531 300 2598 scribit
320 2534 352 2598 in
374 2555 411 2599 ea
433 2534 578 2619 epistola,
606 2535 695 2600 cuius
723 2535 901 2619 exemplum
922 2534 961 2598 ad
983 2543 1013 2597 te
1035 2533 1122 2606 misi,
1151 2553 1184 2596 se
1211 2533 1291 2597 velle
1317 2535 1365 2599 uti
1388 2557 1515 2610 „con-

156 2626 313 2695 assilio''
334 2648 421 2707 meo;
443 2649 516 2712 age,
539 2638 623 2692 esto:
649 2627 709 2692 boc
730 2649 894 2692 commune
917 2639 976 2704 est;
999 2626 1199 2712 „gratia'';
1222 2627 1361 2713 ineptum
1383 2629 1416 2693 id
1442 2630 1517 2715 qui·

192 2720 282 2798 dem;
318 2722 386 2797 sed,
416 2732 509 2807 puto.
540 2721 600 2785 boc
622 2721 745 2786 simulat
766 2720 803 2785 ad
833 2720 981 2807 quasdam
1004 2731 1182 2785 senatorum
1205 2722 1386 2786 sententias:
1421 2721 1514 2795 „di-

192 2814 381 2899 gnitate'';
418 2815 552 2880 fortasse
577 2816 747 2880 sententiae
774 2816 956 2880 consularis.
1005 2814 1083 2879 lllud
1106 2826 1282 2879 extremum
1311 2825 1373 2890 est,
1411 2837 1515 2901 „ope

192 2908 366 2972 omnium
401 2912 559 2976 rerum.’'
601 2907 636 2973 Id
665 2928 724 2992 ego
752 2909 900 2993 suspicari
932 2910 1022 2994 coepi
1045 2920 1108 2973 tum
1138 2930 1178 2972 cx
1202 2909 1261 2973 tuis
1290 2909 1421 2983 litteris,
1459 2919 1516 2975 aut

191 3001 253 3066 boc
273 3002 376 3086 ipsum
397 3023 464 3066 esse
487 3011 624 3066 autnon
646 3002 743 3067 multo
772 3024 870 3068 secus.
913 3009 988 3067 llam
1011 3003 1172 3088 permagni
1200 3002 1266 3067 eius
1289 3003 1420 3067 interest
1442 3025 1513 3068 rem

156 3130 183 3165 nr
192 3095 232 3160 ad
258 3095 472 3180 interregnum
500 3116 563 3160 uon
593 3096 711 3161 venire.
754 3096 789 3161 ld
810 3098 1000 3181 assequitur,
1037 3098 1063 3161 si
1086 3118 1143 3181 per
1164 3107 1341 3181 praetorem
1364 3095 1515 3162 consules

191 3198 346 3254 creantur.
396 3194 457 3253 ttos
490 3197 592 3253 autem
614 3189 646 3253 in
668 3188 757 3254 libris
778 3189 928 3255 babemus
950 3213 1012 3255 non
1040 3190 1135 3254 modo
1158 3191 1301 3256 consules
1322 3212 1339 3253 a
1361 3202 1515 3275 praetore

191 3283 247 3348 sed
268 3306 307 3348 ne
329 3294 489 3370 praetores
512 3283 640 3369 quidem
663 3285 763 3349 creari
792 3287 840 3350 ius
869 3306 953 3357 esse,
986 3286 1080 3370 idque
1107 3285 1220 3351 lactum
1243 3306 1311 3349 esse
1334 3307 1513 3370 nunquam;

191 3377 348 3453 consules,
378 3398 417 3443 eo
439 3386 504 3442 nort
525 3399 592 3442 esse
615 3379 681 3452 ius,
716 3377 801 3463 quod
823 3379 921 3444 maios
943 3380 1109 3464 imperium
1133 3402 1149 3442 a
1172 3380 1294 3443 minore
1316 3379 1423 3462 rogari
1447 3401 1514 3444 non

192 3471 233 3535 sit
254 3471 319 3549 ius;
342 3483 505 3556 praetores
527 3481 646 3546 autem,
669 3494 740 3536 cum
763 3472 804 3536 ita
827 3485 991 3558 rogentur,
1020 3484 1055 3536 ut
1076 3473 1213 3556 collegae
1235 3472 1415 3543 consulibus
1437 3474 1514 3548 sint,

159 3585 327 3649 asquorum
349 3577 396 3630 est
417 3566 515 3630 maius
538 3566 714 3652 imperium.
758 3564 865 3631 Aberit
887 3589 949 3631 oon
972 3567 1081 3651 longe,
1104 3567 1180 3652 quin
1202 3567 1261 3631 boc
1283 3588 1365 3631 ame
1380 3566 1514 3632 decerni

193 3655 266 3721 velit
287 3679 389 3744 neque
411 3660 452 3724 sit
472 3670 635 3725 contentus
659 3658 772 3733 Galba,
796 3660 960 3735 Scaevola,
984 3663 1108 3736 Cassio,
1131 3661 1276 3725 Antonio.

361 3773 442 3837 Τότε
464 3800 522 3856 μοι
543 3774 641 3851 χάνοι
662 3776 772 3854 εὐρεῖα
793 3773 900 3850 χθών]

262 3927 286 3973 1.
306 3927 423 3975 necando
442 3927 472 3976 ll.
505 3953 538 3961 -
571 3935 659 3988 putem
679 3942 718 3989 pr.
739 3927 776 3975 Μ.
805 3952 836 3961 —-
873 3929 898 3975 3.
919 3929 1047 3985 Sidoneo,
1068 3929 1139 3976 [todo
1159 3942 1197 3989 pr.
1220 3929 1266 3984 Μ,
1287 3928 1381 3976 Sidone
1399 3944 1416 3977 o
1436 3931 1514 3978 Rodo

193 4010 263 4044 corr.
289 3997 332 4055 bl,
363 3997 475 4050 Sidona,
504 3997 593 4045 Andro
612 3998 656 4046 Rl.
695 3997 823 4046 tCorrexit
843 3995 1011 4057 Lambinus.)
1041 4019 1072 4031 -
1109 3999 1135 4046 l.
1157 3999 1192 4046 Co
1211 3998 1241 4044 ll.
1278 4024 1304 4033 —
1344 3999 1370 4047 6.
1397 3996 1441 4060 Ar]
1472 4001 1514 4048 Ad

192 4066 264 4115 bllll.
304 4067 435 4126 (Correxit
462 4065 617 4129 Victorius.)
649 4092 677 4102 -
713 4069 782 4115 versit
802 4068 859 4117 mn,
883 4093 910 4103 -
949 4071 1074 4116 tralucet
1094 4064 1137 4128 its]
1156 4075 1259 4116 emotus
1278 4069 1384 4123 eoam,
1409 4072 1511 4118 iratus

193 4144 216 4184 et
236 4138 274 4184 tris
292 4135 314 4185 l.
335 4136 431 4198 (iratus
448 4145 471 4187 et
496 4139 529 4186 iis
548 4151 601 4199 mg.
622 4134 671 4197 Μ.)
705 4161 730 4169 -
769 4152 825 4186 eom
843 4152 877 4186 m.
897 4138 996 4185 sulcum
1017 4139 1050 4186 lll
1071 4144 1097 4186 et
1115 4152 1186 4186 corr.
1205 4138 1252 4186 M:
1278 4151 1335 4185 eum
1352 4152 1388 4187 m.
1406 4140 1514 4189 salvom

194 4220 235 4268 pr.
255 4207 300 4266 Μ,
327 4221 384 4256 com
413 4221 448 4255 m.
473 4209 575 4257 saluom
604 4221 664 4256 cum
692 4208 809 4257 victorio
829 4208 858 4256 E.
885 4231 912 4241 -
950 4208 976 4256 7.
999 4209 1038 4256 bis
1060 4208 1110 4256 llll.
1144 4231 1173 4240 -
1211 4207 1254 4256 tl.
1280 4208 1404 4271 loquatur
1423 4210 1455 4258 n.
1479 4235 1510 4247 -·

195 4278 237 4325 17.
265 4277 405 4326 reddidisse
433 4293 472 4339 pr·
503 4278 540 4326 Μ.
570 4302 598 4312 -
635 4273 686 4338 cia]
714 4280 775 4327 aliis
802 4292 841 4340 pr.
863 4279 900 4328 Μ.
921 4302 953 4310 -
992 4279 1033 4326 13.
1053 4278 1126 4326 iltom
1145 4292 1200 4326 om.
1221 4277 1243 4325 1.
1267 4300 1293 4310 -
1331 4274 1382 4339 cui]
1402 4280 1447 4341 qui
1468 4295 1511 4342 pr.

194 4347 231 4396 Μ.
258 4371 288 4381 -
324 4347 368 4395 23.
393 4348 484 4398 bodera
514 4363 555 4411 pr.
575 4348 611 4398 Μ.
645 4372 674 4382 -
711 4356 747 4398 est
765 4348 808 4398 tlte
827 4349 912 4406 idem,
942 4349 985 4409 qut
1003 4348 1133 4397 Orelttus:
1161 4356 1197 4398 est
1215 4348 1258 4396 illa
1276 4349 1320 4410 qut
1338 4362 1378 4410 pr.
1399 4348 1444 4405 Μ,
1475 4359 1513 4400 est

194 4417 269 4469 mem.
289 4419 334 4479 qut
352 4417 386 4465 lll
405 4425 432 4467 et
450 4432 519 4468 corr.
541 4420 577 4474 Μ.
597 4424 633 4467 est
651 4418 694 4466 tlte
712 4420 824 4481 paridem,
843 4421 897 4480 qut,
918 4425 947 4465 ut
965 4420 1043 4467 tacite
1062 4419 1167 4477 Rosius,
1187 4419 1216 4466 E.
1239 4441 1268 4452 -
1301 4418 1344 4467 et.
1365 4422 1424 4467 miri
1441 4428 1467 4469 et
1486 4435 1514 4470 se

195 4486 252 4535 Mn.
275 4513 303 4521 -
341 4487 385 4536 25.
406 4502 468 4552 ope,
488 4496 556 4539 asto:
586 4489 1239 4552 norcomannorum‹19rcstanltttr2operato.
1269 4490 1316 4538 boc
1334 4502 1469 4540 commune
1487 4499 1513 4540 es

192 4558 282 4619 pratia
303 4557 332 4615 l,
351 4571 417 4619 ope,
442 4567 496 4609 asto
514 4561 561 4608 boc
578 4572 731 4608 commone:
758 4571 853 4607 enarra
872 4572 933 4606 curn
953 4559 1075 4607 lllanutio
1095 4559 1124 4607 E.
1148 4582 1174 4590 -
1213 4559 1255 4606 ⁶26.
1276 4560 1323 4607 boc
1338 4567 1404 4621 puto
1423 4561 1454 4608 n.
1483 4585 1508 4594 —

192 4628 235 4676 27.
256 4625 386 4676 sententia
404 4629 448 4677 ltl.
481 4655 508 4665 -
547 4630 621 4676 illum
645 4630 681 4678 Μ.
710 4652 739 4663 -
777 4628 819 4676 28.
841 4632 912 4690 coepi
931 4626 995 4690 tum]
1024 4638 1124 4690 ceptam
1149 4627 1192 4684 Μ,
1223 4632 1293 4690 coepi
1311 4628 1426 4688 (omisso
1445 4638 1513 4683 tunel

193 4697 212 4744 l.
245 4723 271 4732 -
311 4698 353 4746 30.
382 4707 528 4763 ωιιᾳιιοιιιν
552 4700 582 4747 R.
613 4723 640 4731 -
679 4699 722 4747 32.
749 4713 875 4761 nusquam
906 4699 978 4747 bllll.
1017 4699 1184 4748 *Correctum
1218 4699 1243 4746 ln
1274 4699 1458 4754 Manutlana.)
1482 4728 1508 4736 -

192 4768 234 4816 33.
263 4769 331 4829 quod
347 4765 442 4831 maim]
473 4771 585 4832 quodam
604 4771 644 4817 ius
663 4782 702 4830 pr.
723 4768 759 4815 Μ.
787 4793 817 4803 --
853 4771 949 4818 minori
968 4772 1051 4818 creari
1070 4770 1101 4818 n.
1126 4793 1151 4800 -
1193 4767 1236 4816 dl.
1256 4767 1322 4830 cum]
1342 4773 1412 4833 quod
1429 4771 1512 4821 Lam-

193 4838 280 4886 binus.
300 4863 330 4872 —
367 4839 510 4889 consulibus
529 4840 609 4889 Mal:
628 4839 761 4888 consulum
779 4854 840 4888 cum
860 4841 981 4890 Manutio
1001 4840 1030 4888 E.
1053 4865 1078 4875 -
1119 4840 1162 4889 ³5.
1182 4834 1255 4902 quin]
1274 4854 1388 4902 compr.
1411 4841 1447 4889 Μ.
