3256 5400
579 258 653 319 ΗΒ.
674 259 712 321 V.
755 257 815 319 ΕΡ.
839 257 888 319 16.
912 256 961 318 l'l.
987 255 1035 317 ts.
1123 298 1129 307 ·

592 416 688 479 xui.
731 412 788 492 (A,
815 415 847 476 n.
871 416 903 477 e.
924 415 1021 491 roa.)

629 535 770 600 CICERO
793 535 937 598 arnico
960 536 991 598 S.

230 657 258 716 1.
286 649 399 735 Accepi
425 654 524 714 Roma
551 646 619 711 sine
652 644 781 731 epistola
810 654 861 709 tua
891 643 1071 710 fasciculum
1102 645 1293 725 litterarum;
1327 649 1462 735 inquo,

143 746 169 810 si
192 744 287 809 modo
310 742 433 810 valuisti
456 750 487 806 et
507 746 626 806 Romae
642 738 743 814 fuisti,
765 737 925 804 Philotimi
942 737 1022 804 duco
1038 760 1107 803 esse
1127 738 1266 826 culpam,
1289 763 1352 807 non
1368 750 1462 809 tuam.

143 843 229 904 lianc
251 837 411 924 epistolam
438 834 552 901 dictavi
571 832 683 899 sedens
705 832 737 898 in
759 831 877 904 rheda,
901 851 972 896 cum
1002 832 1034 896 in
1062 843 1162 897 castra
1184 834 1417 920 proficiscerer,
1443 859 1486 902 as

143 931 256 1019 quibus
286 931 412 996 aberam
448 928 545 993 bidui.
595 926 702 992 Paucis
724 925 834 991 diebus
865 923 1018 990 habebam
1041 935 1144 991 certos
1166 926 1325 1002 homines,
1349 929 1463 1017 quibus

144 1026 251 1091 darem
281 1026 411 1092 litteras.
454 1027 562 1108 ltaque
593 1041 632 1085 eo
663 1042 713 1085 me
741 1020 876 1085 servavi.
921 1023 951 1084 2.
975 1025 1055 1095 Nos,
1085 1030 1187 1084 tamen
1210 1023 1268 1086 etsi
1290 1023 1350 1088 hoc
1371 1034 1401 1088 te
1423 1046 1463 1090 ex

142 1120 212 1185 aliis
232 1119 342 1184 audire
364 1116 467 1190 malo,
503 1115 601 1181 sicin
623 1113 785 1199 provincia
807 1135 865 1178 nos
888 1118 1045 1198 gerimus,
1076 1112 1162 1199 qnod
1184 1113 1222 1178 ad
1245 1116 1463 1185 abstinentiam

141 1217 265 1285 attinet,
297 1222 332 1277 ut
364 1211 466 1275 nullus
496 1208 655 1274 teruncius
683 1206 858 1271 insumatur
886 1207 919 1272 in
950 1228 1150 1293 quemquam.
1207 1207 1241 1272 ld
1263 1209 1297 1274 tit
1318 1211 1410 1277 etiam
1433 1222 1464 1278 et

143 1308 316 1392 legatorum
332 1315 363 1369 et
379 1303 576 1369 tribunorum
600 1311 632 1366 et
652 1299 881 1386 praefectorum
905 1300 1071 1385 diligentia.
1114 1304 1188 1365 Nam
1209 1324 1317 1368 omnes
1334 1306 1498 1371 mirificem

141 1403 443 1484 συμφιλοδοξοῦσιν
476 1397 594 1482 gloriae
628 1415 725 1459 meae.
780 1399 875 1480 Lepta
897 1404 1005 1459 noster
1027 1392 1178 1461 mirificus
1199 1406 1255 1460 est.
1299 1398 1360 1464 Sed
1382 1420 1463 1463 nunc

142 1515 290 1580 propero.
334 1489 528 1556 Perscribam
558 1488 598 1553 ad
621 1500 650 1556 te
678 1487 784 1574 paucis
807 1487 917 1553 diebus
940 1487 1056 1553 omnia.
1099 1492 1129 1552 3.
1152 1489 1317 1556 Cicerones
1339 1502 1463 1557 nostros

142 1590 308 1654 Deiotarus
337 1584 440 1658 lilius,
475 1583 529 1670 qui
558 1604 618 1648 rex
646 1581 685 1646 ab
713 1591 821 1646 senatu
850 1581 1021 1667 appellatus
1044 1591 1110 1655 est,
1138 1604 1244 1648 secum
1265 1584 1298 1649 in
1320 1606 1462 1669 regnum.

141 1687 221 1746 Dum
244 1680 276 1744 in
298 1678 423 1744 aestivis
444 1699 503 1743 nos
525 1698 679 1749 essemus,
715 1676 803 1741 illum
826 1675 935 1761 pneris
956 1674 1057 1741 locum
1084 1698 1154 1741 esse
1177 1677 1382 1744 bellissimum
1404 1679 1462 1745 du·

141 1775 255 1839 ximus.
297 1777 328 1836 l.
352 1771 470 1837 Sestius
492 1770 603 1836 adme
626 1770 768 1855 scripsit,
800 1790 880 1856 quae
912 1779 1013 1835 tecum
1036 1781 1118 1837 esset
1138 1770 1178 1836 de
1200 1793 1268 1837 mea
1291 1772 1498 1838 domesticare

142 1879 173 1932 et
194 1868 328 1931 maxima
352 1886 427 1930 cura
456 1866 579 1931 locutus
601 1863 729 1952 etquid
755 1861 814 1928 tibi
841 1873 924 1928 esset
950 1864 1063 1929 visum.
1105 1865 1226 1931 Amabo
1248 1877 1293 1939 te,
1316 1863 1461 1931 incumbe

143 1961 175 2027 in
197 1983 265 2025 cam
295 1982 361 2024 rem
392 1970 425 2025 et
454 1959 493 2024 ad
520 1980 571 2023 me
600 1957 717 2031 scribe,
746 1957 823 2045 quid
849 1968 881 2022 et
907 1957 1006 2043 possit
1035 1969 1067 2023 et
1089 1969 1122 2023 tu
1144 1980 1281 2025 censeas.
1325 1965 1354 2025 5.
1376 1959 1462 2024 ldem

142 2054 268 2141 scripsit
289 2053 491 2119 Hortensium
513 2052 553 2118 de
574 2051 774 2138 proroganda
795 2061 902 2117 nostra
923 2051 1085 2137 provincia
1108 2052 1223 2118 dixisse
1246 2055 1351 2119 nescio
1374 2053 1461 2142 quid.

141 2149 216 2215 Mihi
239 2148 270 2212 in
293 2151 432 2213 Cumano
455 2145 691 2232 diligentissime
713 2167 765 2222 se,
793 2155 828 2211 ut
849 2145 945 2211 annui
967 2167 1122 2221 essemus,
1153 2146 1353 2212 defensurum
1375 2171 1462 2214 rece-

143 2251 241 2328 perat.
284 2241 318 2306 Si
348 2240 519 2328 quidquam
547 2262 598 2304 me
625 2261 726 2313 amas,
752 2233 833 2304 hunc
861 2240 966 2304 locum
996 2241 1093 2306 muni.
1141 2242 1210 2305 Dici
1244 2262 1307 2306 non
1340 2253 1497 2328 potest,¹⁰

142 2357 236 2421 quam
258 2323 375 2401 invitus
396 2357 414 2399 a
444 2334 533 2401 vobis
556 2332 666 2399 absim.
719 2337 758 2398 Et
779 2333 870 2398 simul
893 2332 971 2397 hanc
998 2333 1130 2418 gloriam
1152 2334 1287 2400 iustitiae
1313 2346 1344 2400 et
1368 2335 1462 2401 absti-

141 2429 263 2494 nentiae
284 2428 353 2494 iore
375 2428 578 2494 illustriorem
601 2447 712 2513 spero,
735 2426 761 2491 si
783 2427 845 2492 cito
867 2424 1109 2505 decesserimus;
1131 2427 1163 2493 id
1186 2428 1271 2514 quod
1294 2430 1461 2495 Scaevolae

142 2521 288 2606 contigit,
312 2522 365 2607 qni
386 2522 471 2588 solos
492 2542 607 2587 novem
630 2541 753 2585 menses
766 2520 857 2586 Asiae
871 2519 1016 2605 praefuit.
1059 2525 1089 2586 6.
1112 2522 1229 2607 Appius
1251 2531 1366 2596 noster,
1389 2544 1460 2588 cum

141 2636 192 2680 me
214 2614 382 2680 adventare
403 2615 541 2689 videret,
564 2612 722 2699 proiectus
745 2624 791 2677 est
813 2618 944 2678 Tarsum
966 2636 1067 2701 usqne
1081 2615 1244 2680 Laodicea.
1287 2614 1335 2680 lbi
1355 2615 1460 2681 lorum

142 2707 220 2791 agit,
243 2728 313 2771 cum
336 2729 396 2793 ego
418 2709 477 2772 sim
498 2709 530 2772 in
552 2706 731 2793 provincia;
755 2726 848 2792 quam
871 2706 937 2771 eius
963 2706 1111 2772 iniuriam
1134 2729 1197 2773 non
1218 2714 1363 2774 insector.
1407 2713 1497 2774 Sa-as

143 2801 180 2865 tis
203 2799 284 2864 enim
307 2800 409 2866 babeo
430 2800 547 2886 negotii
570 2800 601 2865 in
623 2798 768 2865 sanandis
790 2797 989 2874 vulneribus,
1027 2822 1107 2886 quae
1129 2811 1201 2866 sunt
1222 2801 1366 2889 imposita
1388 2823 1462 2889 pro-

142 2893 274 2960 vinciae.
318 2894 425 2971 Quod,
458 2894 500 2960 do
523 2915 669 2980 operam,
700 2903 735 2959 ut
755 2893 866 2959 faciam
889 2915 984 2980 qnam
1005 2894 1135 2959 minima
1157 2894 1240 2961 illius
1261 2896 1460 2966 contumelia.

142 2985 204 3052 Sed
231 2987 290 3053 hoc
318 2993 415 3054 Bruto
448 2997 557 3055 nostro
586 2987 678 3053 velim
712 2986 813 3062 dicas,
849 2986 936 3053 illnm
965 2986 1075 3053 secisse
1104 3010 1167 3054 non
1199 2987 1298 3066 belle,
1332 2989 1385 3077 qui
1407 2988 1462 3055 ad·

143 3092 236 3150 ventu
258 3104 346 3159 meo,
369 3104 462 3170 quam
483 3081 666 3168 longissime
687 3080 844 3167 potnerit,
867 3079 1053 3146 discesserit.

596 3280 710 3343 xuu.
752 3280 805 3360 (A.
831 3280 863 3343 n.
887 3282 918 3342 c.
940 3279 1026 3356 rna)
1469 3307 1497 3348 a.

624 3420 767 3484 cronno
787 3420 931 3483 sirico
954 3421 986 3483 s,
1383 3408 1385 3415 “

227 3554 255 3615 1.
279 3553 381 3627 Quam
408 3547 518 3613 vellem
549 3555 666 3615 Romae
696 3569 797 3622 esses.
833 3548 859 3613 si
887 3547 970 3614 forte
999 3570 1061 3614 non
1090 3554 1144 3615 es!
1176 3551 1258 3618 Nihil
1278 3558 1360 3619 enim
1382 3559 1459 3618 certi

141 3641 333 3709 habebamus
354 3643 413 3707 nisi
435 3643 592 3729 accepisse
614 3664 672 3708 nos
694 3653 762 3708 tuas
783 3642 901 3708 litteras
930 3664 958 3707 a.
985 3643 1020 3707 d.
1043 3663 1135 3708 xuu.
1158 3645 1225 3710 ltal.
1248 3649 1333 3713 Sext.
1357 3647 1458 3724 datas;

141 3739 173 3803 in
200 3736 315 3823 quibus
343 3738 493 3821 scriptum
522 3746 604 3802 esset
632 3747 662 3801 te
699 3737 731 3801 iu
759 3737 890 3821 Epirum
923 3737 1040 3801 iturum
1070 3738 1195 3803 circiter
1220 3741 1287 3806 llal.
1317 3742 1460 3807 Sextiles.

142 3833 216 3906 Sed,
239 3832 305 3897 sive
328 3837 447 3897 Romae
469 3851 503 3895 es
524 3831 590 3895 sive
611 3831 643 3895 in
671 3830 785 3916 Epiro,
819 3830 924 3895 Parthi
947 3830 1126 3916 Euphraten
1149 3835 1360 3901 transiverunt
1380 3836 1496 3901 ducess

142 3931 274 4000 Pacoro,
313 3923 431 3999 Orodi,
469 3923 551 4009 regis
583 3922 770 3989 Parthorum
802 3921 890 3998 filio,
924 3924 1042 3989 cunctis
1070 3924 1137 3990 lere
1169 3927 1277 4012 copiis.
1331 3928 1461 3995 Bibulus

141 4018 278 4084 nondum
307 4017 494 4084 audiebatur
522 4038 590 4081 esse
623 4016 656 4081 in
686 4016 785 4106 Syria.
830 4017 954 4083 Cassius
983 4018 1015 4082 in
1044 4019 1161 4104 oppido
1187 4022 1368 4088 Antiochiae
1390 4028 1460 4089 ium

194 4237 220 4286 3.
241 4239 316 4286 nosne
327 4251 366 4300 pr·
380 4237 416 4287 Μ.
429 4237 496 4286 -5.
510 4237 543 4285 ob
554 4236 576 4285 1.
591 4261 623 4271 -
642 4237 669 4286 7.
687 4239 791 4286 tametsi
801 4237 916 4286 Ernestii
926 4249 1036 4300 operae.
1058 4260 1084 4269 -
1106 4238 1132 4287 9.
1143 4239 1241 4287 antliam
1253 4240 1274 4287 1.
1291 4264 1320 4274 -
1335 4243 1461 4290 terentius

142 4305 326 4366 simeonem
352 4312 379 4356 et
397 4314 421 4356 te
438 4308 532 4356 rectius
559 4319 614 4368 mg.
640 4306 678 4357 Μ.
702 4330 731 4341 -
770 4306 813 4357 ts.
833 4309 878 4370 qna·
896 4321 951 4356 om.
982 4307 993 4355 l
1020 4313 1046 4355 et
1066 4321 1105 4370 pr.
1126 4308 1163 4357 Μ.
1187 4332 1214 4342 -
1252 4317 1288 4358 est
1307 4324 1361 4358 om.
1385 4311 1406 4359 Ι.
1429 4335 1459 4348 ···

143 4377 186 4425 18.
207 4378 361 4426 Hortensius
381 4376 399 4425 l.
422 4401 449 4413 -
489 4376 565 4426 Dixit
580 4377 666 4426 nescio
685 4376 736 4427 ΜΙ.
758 4399 787 4410 -
826 4377 868 4426 19.
889 4377 956 4427 Mihi
973 4391 1028 4426 om.
1049 4377 1072 4426 l.
1096 4400 1122 4409 -
1145 4379 1189 4426 20.
1208 4377 1291 4441 mani]
1310 4382 1459 4431 amount.

143 4447 331 4508 (Emendatum
363 4460 393 4496 er
419 4445 508 4505 XYZ.)
537 4471 567 4481 -
603 4446 648 4496 22.
675 4448 839 4496 intutiorem
866 4447 888 4495 li
913 4454 939 4495 et
958 4461 998 4507 pr.
1025 4446 1070 4501 Μ,
1101 4449 1458 4501 {matemautensem

144 4517 331 4576 (Emendatum
359 4517 386 4565 in
416 4514 593 4579 Victoriana.)
622 4539 650 4549 -
687 4516 731 4566 at.
762 4529 802 4565 me
821 4530 875 4565 om·
896 4531 936 4580 pr.
957 4516 993 4565 Μ.
1025 4542 1052 4552 -
1091 4515 1180 4579 usqne]
1204 4521 1287 4582 lupae
1306 4535 1346 4581 pr.
1367 4520 1403 4568 Μ.
1428 4544 1455 4554 -

142 4588 253 4636 laodices
272 4587 313 4642 Μ,
346 4587 487 4637 Laodiceae
510 4587 555 4636 itt.
585 4611 613 4622 -
653 4586 698 4638 25.
725 4587 826 4636 iniuria
857 4586 893 4635 Μ.
924 4612 951 4621 -
991 4587 1033 4634 st.
1054 4588 1187 4635 inimicum
1205 4589 1241 4636 Μ.
1263 4586 1381 4649 (minimo
1402 4603 1456 4652 mg.

143 4656 192 4715 Μ.)
215 4680 242 4690 -
281 4657 324 4705 '28-
343 4659 418 4706 eelim
436 4665 464 4706 ut
483 4658 554 4706 dicos
572 4656 594 4705 1.
616 4679 646 4690 -
683 4655 728 4705 32.
747 4662 814 4705 certe
835 4657 855 4705 l.
886 4679 912 4689 -
953 4656 996 4705 35.
1016 4658 1195 4706 transiverunt
1214 4656 1275 4706 llll:
1297 4662 1458 4710 tromierunt

142 4727 194 4776 lili.
217 4753 245 4762 -
284 4725 457 4790 ss.1³acor0]
487 4728 569 4776 Pareo
589 4739 629 4788 pr.
650 4724 693 4784 M,
710 4727 809 4789 partho
828 4726 849 4775 1.
879 4749 909 4761 -
948 4727 1073 4776 &orodis
1093 4727 1134 4786 Μ,
1168 4728 1261 4776 Orodis
1279 4728 1318 4787 R,
1348 4730 1460 4780 Herodis

143 4797 163 4844 l.
191 4820 223 4833 -
260 4797 419 4846 Parthorum
437 4798 504 4861 repta
523 4795 553 4846 li.
573 4821 607 4830 -
641 4790 706 4858 sere]
730 4795 826 4862 referto
844 4797 919 4849 unt.
956 4794 1147 4859 (Emendatum
1167 4810 1198 4846 ex
1218 4797 1258 4846 ΥΖ
1277 4804 1303 4847 et
1322 4813 1376 4860 mg.
1397 4800 1460 4851 Cra·

141 4863 253 4929 laudii.)
274 4890 301 4901 -
341 4866 385 4916 37.
405 4867 537 4916 anthiocia
555 4865 592 4916 Ι.
