3256 5400
192 265 254 329 132
622 258 898 324 mtsrumuma
919 260 972 323 AD
993 259 1084 322 FAM.

189 419 409 487 munusculum
430 416 539 482 maluit
560 436 654 501 quam
675 436 734 480 suo
755 415 939 481 accusatori.
990 421 1097 503 ltaque
1120 416 1187 481 sine
1210 415 1276 481 ullo
1297 413 1513 501 subscriptore

189 514 348 581 descendit
380 522 411 578 ct
438 509 586 575 Tuccium
610 530 701 572 reum
723 508 807 573 lecit.
849 513 890 574 At
911 529 986 594 ego,
1009 511 1101 576 simul
1124 519 1216 595 atque
1239 509 1363 583 audivi,
1386 510 1514 574 invoca-

189 616 240 674 tus
261 607 299 672 ad
321 605 469 672 subsellia
495 603 543 668 rei
572 622 720 680 occurr0;
754 622 865 686 surgo,
900 624 1002 690 neque
1023 603 1157 670 verbum
1175 603 1214 668 de
1236 625 1271 667 re
1293 604 1374 668 facio
1381 626 1389 680 ;
1413 612 1513 668 totum

190 702 411 787 Sempronium
433 719 534 784 usque
554 718 593 761 eo
612 716 746 782 perago,
769 706 804 760 ut
822 695 1002 762 Vestorium
1016 720 1143 786 quoque
1163 698 1361 782 interponam
1383 707 1415 762 et
1429 697 1514 762 illam

166 795 326 874 ssabmam
344 814 486 867 narrem,
523 789 785 877 quemadmodum
808 787 865 853 tibi
884 810 944 876 pro
973 790 1127 858 beneficio
1148 790 1285 865 dederit,
1308 790 1440 877 siquod
1466 792 1515 855 in·

187 889 279 954 iuriis
300 888 366 953 suis
395 897 493 959 esset,
527 895 563 950 ut
595 883 756 949 Vestorius
782 891 912 949 teneret.
970 889 1001 950 2.
1024 889 1108 951 llaec
1130 906 1257 972 quoque
1290 905 1401 970 magna
1430 906 1514 949 nunc

188 981 345 1047 contentio
366 980 470 1045 iorum
496 988 589 1043 tenet.
643 982 685 1043 M.
707 975 871 1050 Servilius,
904 989 1091 1065 postquam,
1124 990 1159 1043 ut
1180 988 1341 1064 coeperat,
1365 978 1513 1043 omnibus

187 1074 220 1141 in
241 1074 336 1140 rebus
356 1073 498 1138 turbarat
529 1093 601 1147 nec,
639 1071 726 1157 quod
745 1094 808 1136 non
835 1073 986 1138 venderet
1010 1073 1178 1160 cuiquam,
1212 1072 1384 1158 reliquerat
1414 1072 1514 1137 maxi·

186 1190 320 1255 maeque
339 1166 431 1232 nobis
453 1166 583 1232 traditus
614 1175 681 1230 erat
701 1165 855 1241 invidiae,
891 1189 994 1254 neque
1029 1166 1206 1233 Laterensis
1232 1175 1377 1253 praetor,
1405 1173 1514 1250 postu·

151 1264 271 1339 solante
291 1261 459 1334 Pausania,
482 1259 573 1324 nobis
595 1257 751 1343 patronis,
775 1278 844 1333 ovo
867 1261 1513 1346 sarucumarnnvau1ssnr,recipera

187 1357 300 1433 voluit,
324 1354 409 1443 qued
426 1353 538 1427 Pilius,
560 1352 758 1417 necessarius
774 1353 865 1417 Attici
890 1357 1010 1431 nostri,
1034 1356 1072 1420 de
1094 1354 1276 1441 repetundis
1301 1375 1374 1418 eum
1403 1364 1514 1439 postu·

186 1450 281 1517 lavit:
314 1468 425 1533 magna
447 1447 531 1512 illico
553 1445 635 1510 lama
663 1445 801 1510 surrexit
832 1456 863 1512 et
891 1448 930 1513 de
952 1449 1151 1515 damnatione
1177 1448 1337 1512 ferventer
1357 1448 1447 1534 loqui
1467 1457 1514 1514 cst

188 1554 345 1629 coeptum.
403 1544 474 1619 Quo
499 1549 594 1605 vento
620 1538 787 1624 proiicitur
810 1541 929 1627 Appius
950 1544 1074 1619 minor,
1102 1551 1137 1607 ut
1158 1541 1274 1607 indicet
1301 1540 1341 1605 de
1361 1541 1512 1626 pecunia,

188 1659 230 1702 ex
250 1636 342 1701 bonis
367 1633 477 1720 patriis
498 1632 679 1718 pervenisse
700 1632 740 1698 ad
765 1635 948 1711 Servilium,
981 1634 1322 1723 praevaricationisque
1348 1656 1440 1699 causa
1467 1633 1515 1699 di·

153 1763 178 1806 1⁵
188 1740 274 1796 ceret
296 1729 474 1813 depositum
507 1729 577 1791 Hb.
600 1745 713 1791 Lml.
769 1728 943 1795 Admiraris
970 1731 1154 1796 amentiam:
1186 1730 1284 1794 immo
1306 1728 1333 1793 si
1358 1727 1514 1793 actionem

187 1823 446 1908 stultissimasque
463 1821 502 1885 de
517 1841 571 1895 se,
595 1819 731 1884 nefarias
753 1820 793 1886 de
812 1824 923 1908 patriis
938 1825 1151 1891 consessiones
1173 1822 1339 1888 audisses?
1368 1825 1398 1886 3.
1420 1820 1514 1885 Mittit

187 1918 221 1984 in
243 1916 407 1982 consilium
433 1913 560 1979 cosdem
586 1914 672 1988 illos,
710 1914 765 2000 qui
801 1916 870 1982 lites
897 1918 1096 1983 aestimarant
1116 1916 1245 1982 iudices.
1303 1918 1380 1980 Cum
1411 1934 1513 1999 aequo

186 2031 320 2076 numero
341 2008 512 2073 sententiae
538 2006 684 2081 luissent,
706 2010 883 2074 Laterensis
903 2011 988 2096 leges
1008 2012 1156 2097 ignoraus
1178 2006 1412 2096 pronuntiavit,
1435 2004 1514 2091 quid

187 2103 300 2188 singuli
322 2101 450 2169 ordines
474 2099 681 2174 iudicassent,
714 2101 808 2166 etad
833 2111 1030 2179 extremum,
1065 2114 1101 2171 ut
1120 2105 1235 2178 solent,
1258 2107 1325 2167 uon
1347 2118 1513 2164 nantoani.

150 2201 354 2283 eol’ostquam
374 2194 517 2260 discessit
534 2202 565 2258 et
585 2214 645 2281 pro
664 2192 808 2262 absoluto
833 2198 984 2264 Servilius
1006 2197 1116 2264 haberi
1141 2210 1271 2285 coeptus
1303 2202 1350 2258 est
1373 2193 1513 2278 legisque

186 2311 284 2357 unum
302 2301 333 2355 et
352 2288 557 2353 centesimum
576 2298 669 2372 caput
686 2289 781 2373 legit,
803 2290 916 2379 inquo
937 2293 980 2357 ita
1002 2302 1085 2358 erat:
1109 2312 1201 2368 avon
1224 2311 1343 2356 nonvn
1365 2309 1513 2356 rvnrcvns

187 2402 298 2450 maron
321 2402 403 2448 rans
427 2401 619 2453 mulctum,
653 2401 687 2447 m
712 2403 766 2448 ivs
788 2404 972 2461 narvuavn
995 2405 1102 2452 asro:
1130 2386 1162 2450 in
1189 2383 1308 2450 tabulas
1335 2383 1514 2448 absolutum

186 2498 251 2543 non
272 2476 406 2548 rettulit,
428 2473 575 2539 ordinum
600 2473 716 2538 iudicia
747 2478 944 2565 perscripsit;
972 2479 1148 2566 postulante
1172 2499 1283 2543 rursus
1312 2478 1414 2564 Appio
1442 2497 1513 2541 cum

187 2573 223 2635 L.
244 2569 345 2633 Lollio
374 2566 524 2651 transegit
553 2575 585 2630 et
618 2588 653 2631 se
680 2568 853 2635 relaturum
887 2571 976 2636 dixit.
1036 2572 1088 2637 Sic
1116 2593 1199 2637 nunc
1227 2592 1330 2657 neque
1352 2570 1514 2634 absolutus

150 2682 291 2747 „neque
311 2661 473 2727 damnatus
493 2660 644 2725 Servilius
666 2660 705 2725 de
725 2664 908 2747 repetundis
929 2665 1053 2730 saueius
1076 2665 1155 2730 Pilio
1181 2663 1331 2730 tradetur.
1373 2669 1450 2728 Nam
1474 2662 1514 2726 de

188 2753 380 2820 divinatione
405 2753 542 2839 Appius,
564 2773 635 2816 cum
657 2755 842 2821 calumniam
864 2758 1018 2833 iurasset,
1052 2758 1244 2824 contendere
1263 2779 1357 2822 ausus
1376 2778 1440 2823 non
1468 2765 1515 2820 est

186 2847 331 2933 Pilioque
353 2847 459 2924 cessit;
493 2857 525 2911 et
546 2845 613 2931 ipse
633 2846 672 2911 de
695 2850 836 2933 pecuniis
861 2851 1043 2937 repetundis
1065 2873 1084 2917 a
1106 2851 1248 2917 Serviliis
1271 2861 1317 2915 est
1339 2850 1514 2936 postulatus

188 2951 220 3007 et
238 2952 400 3029 praeterea
431 2940 470 3004 de
491 2940 523 3005 vi
558 2960 632 3005 reus
654 2964 672 3006 a
695 2942 831 3028 quodam
863 2966 922 3009 suo
943 2946 1127 3020 emissario,
1165 2949 1238 3010 Sex.
1256 2944 1380 3018 Tettio,
1404 2943 1514 3008 lactus.

187 3039 283 3100 Recte
300 3033 361 3099 laoc
380 3055 437 3120 par
462 3032 565 3098 habet
608 3039 639 3100 4.
662 3037 757 3114 Quod
782 3037 822 3102 ad
841 3039 1082 3125 rempublicam
1100 3039 1254 3124 pertinet,
1278 3037 1407 3103 omnino
1435 3037 1515 3102 mul·

151 3129 228 3203 aslis
255 3126 367 3193 dicbus
400 3127 632 3212 exspectatione
662 3131 831 3196 Galliarum
855 3142 958 3198 actum
989 3133 1065 3197 nihil
1094 3142 1150 3198 est.
1193 3130 1368 3218 Aliquando
1393 3138 1513 3202 tamen,

188 3243 283 3307 saepe
304 3243 340 3286 re
361 3220 455 3285 dilata
473 3231 504 3285 et
528 3221 666 3305 graviter
681 3232 748 3289 acta
770 3235 802 3290 et
816 3226 907 3312 plane
929 3237 1090 3312 perspecta
1115 3230 1168 3291 Cn.
1192 3225 1332 3309 Pompeii
1354 3223 1514 3288 voluntate

179 3314 223 3379 in
245 3322 472 3400 campartem,
502 3324 538 3379 ut
560 3335 631 3379 eum
654 3314 807 3383 decedere
829 3329 900 3403 post
924 3319 1079 3384 Kalendas
1101 3319 1228 3384 Martius
1250 3319 1403 3403 placeret,
1427 3338 1515 3381 sena·

188 3417 239 3474 tus
261 3408 453 3483 consultum,
487 3408 573 3493 quod
594 3408 650 3472 tibi
678 3409 765 3486 misi,
799 3411 984 3478 factumest
1016 3412 1279 3498 auctoritatesque
1309 3411 1512 3497 perscriptae.

273 3505 304 3565 5.
326 3504 358 3564 S.
377 3504 409 3564 C.
430 3502 612 3565 Auctoritas·
656 3506 759 3567 Pridie
778 3507 848 3568 Fal.
871 3507 989 3569 Octobr.
1008 3508 1041 3568 iu
1063 3508 1132 3568 aede
1152 3506 1301 3588 Apollinis
1315 3507 1403 3568 scrib.
1423 3506 1516 3586 affue-

153 3605 262 3670 ssrunt
280 3597 315 3658 L.
336 3596 489 3657 Domitius
505 3598 557 3658 θη.
578 3599 612 3659 F.
628 3599 699 3660 Fab.
719 3598 944 3670 Ahenobarbus,
970 3601 1006 3678 Q.
1030 3602 1177 3663 Caecilius
1204 3600 1240 3677 Q.
1260 3602 1295 3662 F.
1324 3601 1394 3662 Feb.
1414 3600 1516 3662 Metel-

190 3690 238 3752 lus
257 3690 333 3752 Pius
353 3690 474 3769 Scipio,
507 3691 543 3752 L.
570 3691 676 3753 Villius
698 3693 734 3754 L.
753 3695 787 3754 F.
811 3695 895 3755 Posn.
919 3693 1066 3764 Annalis,
1089 3695 1121 3757 C.
1146 3695 1307 3775 Septimius
1331 3695 1363 3754 Τ.
1382 3693 1415 3754 F.
1440 3692 1516 3768 Qui-

259 3858 287 3908 2.
307 3859 422 3907 tuueium
439 3858 477 3909 M·
496 3885 530 3894 -
566 3860 593 3909 3.
613 3875 721 3911 accrum
740 3863 872 3913 Romans.
893 3889 921 3901 ·-
960 3865 986 3914 5.
1006 3865 1178 3927 siquadM:
1198 3863 1301 3927 siquid
1322 3862 1353 3912 Ε.
1372 3887 1402 3896 -
1431 3861 1459 3911 6.
1479 3868 1515 3910 te-

190 3934 262 3978 neret
281 3927 326 3977 M:
355 3934 485 3978 teneretur
509 3929 540 3979 Ε.
562 3928 595 3992 (si
613 3932 676 3994 quid
693 3935 759 3982 iuris
777 3935 817 3982 sui
835 3940 916 3990 esset,
935 3940 965 3982 ut
987 3935 1118 3983 Vestorius
1135 3939 1231 3983 teneret
1251 3929 1313 3994 Vb.)
1331 3957 1366 3966 -
1409 3931 1435 3980 8.
1455 3945 1515 3980 oen·

191 3997 262 4048 dem
280 3999 401 4061 cuiquam
419 3998 491 4061 (qrsoi
509 4014 588 4062 quam
607 3999 662 4060 M),
689 4002 830 4066 reliqueret
849 4004 907 4052 Vb:
935 4005 1069 4059 oeudmet,
1096 4005 1217 4067 cuiquam
1235 4002 1376 4064 reliquerat
1392 4002 1430 4058 Ε.
1451 4015 1515 4050 ams-

191 4068 284 4124 deret,
303 4069 445 4132 quidquam
462 4069 602 4132 reliquerat
620 4072 768 4122 Manutius.
785 4097 815 4109 -
851 4075 1031 4137 maximaeque
1049 4074 1197 4123 Graevius:
1216 4074 1378 4136 maximeque
1396 4070 1456 4122 ΜΕ.
1480 4097 1515 4106 -

191 4137 219 4188 3.
237 4143 361 4199 praetore
378 4137 416 4187 M.
445 4161 475 4172 -
512 4142 693 4202 expostulante
719 4144 849 4193 Romana.
878 4169 908 4179 -
944 4144 990 4194 13.
1009 4145 1103 4193 indicet
1122 4144 1152 4193 de
1169 4145 1298 4206 pecunia,
1325 4141 1513 4192 morellius:

191 4208 287 4269 inpicet
304 4207 471 4269 depecuniam
489 4222 521 4258 ee
537 4210 583 4267 M,
610 4213 719 4272 induet,
749 4215 886 4275 pecuniam
903 4227 935 4263 ea
953 4214 983 4262 Ε.
1012 4237 1043 4248 -
1080 4213 1123 4262 aa.
1148 4214 1249 4275 patriis
1266 4211 1402 4261 Orelliuss
1426 4212 1515 4272 patris

191 4275 252 4326 ΜΕ.
279 4302 313 4310 -
347 4280 466 4339 pervenis
482 4278 520 4329 Μ.
554 4305 585 4316 ·-
622 4296 729 4330 causam
747 4284 784 4333 Μ.
812 4307 842 4319 -
880 4284 923 4332 15.
944 4282 1014 4343 HS.
1034 4293 1139 4332 accim
1158 4284 1305 4333 Manutius.
1327 4308 1355 4318 -
1393 4282 1515 4330 siuctio·

191 4359 249 4395 mm
266 4346 480 4409 stultissimasque
506 4349 537 4398 de
565 4364 608 4408 se,
639 4353 756 4415 nefarias
774 4353 805 4403 de
822 4354 919 4415 patriis
937 4353 1053 4403 Orellius
1068 4368 1075 4402 ι
1093 4355 1116 4402 si
1135 4356 1265 4402 actionem
1283 4351 1450 4400 stultissimas
1468 4351 1516 4413 qui

191 4416 223 4465 de
239 4429 265 4465 ss
282 4417 398 4479 notanus
416 4418 447 4465 de
464 4421 550 4480 patris
568 4420 617 4476 M,
648 4423 671 4469 si
688 4424 803 4471 actiones
820 4423 1001 4482 stultissimas,
1028 4423 1114 4488 quaid?
1143 4424 1165 4472 si
1189 4423 1307 4485 uesanos
1323 4423 1411 4482 patris
1429 4420 1460 4470 Ε.
1481 4445 1515 4456 --

193 4484 237 4534 18.
256 4486 318 4548 quid
336 4486 381 4536 M:
400 4488 470 4550 qued
488 4487 519 4536 Ε.
540 4513 571 4524 -
608 4491 651 4540 lt).
669 4492 733 4541 solet
751 4493 883 4542 Romana.
908 4518 942 4527 -
977 4494 1021 4543 20.
1040 4499 1146 4555 coeptus
1164 4500 1200 4542 est
1219 4493 1329 4556 tepisque
1347 4490 1514 4540 Lambinus:

192 4562 278 4604 coetus
296 4555 408 4619 leposque
425 4556 475 4617 M,
495 4566 598 4620 coeptus
616 4561 726 4625 lapisque
743 4561 774 4611 Ε.
797 4587 828 4598 -
864 4563 909 4612 22.
929 4565 988 4612 idus
1006 4565 1171 4627 intrusumque
1187 4562 1225 4611 M.
1248 4584 1277 4594 ·-
1315 4561 1359 4611 23.
1376 4560 1516 4624 postulau-

194 4630 234 4674 ter
250 4637 311 4673 usus
328 4627 407 4688 appio
426 4626 463 4676 M.
484 4649 516 4662 -
544 4629 588 4679 ut.
609 4633 773 4695 trausepisset
791 4633 936 4683 relaturum
953 4634 991 4684 M.
1009 4659 1044 4668 -
1062 4634 1105 4683 25.
1125 4632 1269 4695 repetendis
1286 4630 1324 4679 M·
1347 4657 1375 4667 -
1403 4630 1448 4679 28.
1467 4642 1516 4679 suo

193 4695 345 4751 emissario.
373 4694 433 4746 See.
455 4697 558 4758 Tettio,
583 4701 668 4763 [actus
685 4702 796 4752 Amicus
814 4703 947 4754 Munatii:
967 4717 1014 4753 sua
1032 4705 1124 4753 emissa
1142 4703 1251 4751 maesto
1269 4702 1355 4762 suctus
1373 4700 1419 4760 M,
1442 4701 1516 4749 amu·

192 4765 266 4814 ’(1Νο
285 4776 346 4823 ⁸¹⁴⁰·
377 4766 457 4822 Tillo,
474 4768 559 4832 factm
578 4777 614 4819 est
636 4771 666 4819 Ε.
688 4796 722 4805 -
751 4773 795 4822 33.
818 4776 997 4837 praescriptae
1020 4773 1167 4823 Manutius.
1194 4795 1224 4808 ·-
1263 4770 1308 4820 34.
1337 4771 1516 4820 Auctoritates

192 4833 341 4884 Manutius.
369 4858 398 4869 -
443 4836 487 4887 35.
507 4837 572 4888 Feb.
591 4863 602 4875 ·
619 4840 684 4890 Feb.
704 4841 841 4892 Orellius:
860 4843 959 4895 Fabius
976 4843 1101 4894 -Fabius
1118 4842 1161 4904 Μ,
1188 4853 1244 4891 om.
1263 4839 1295 4890 Ε.
1318 4862 1347 4874 -
1395 4839 1440 4891 33.
1463 4839 1516 4891 l’il·

192 4899 253 4966 tius]
271 4904 350 4954 tubus
366 4903 404 4956 Μ.
423 4932 455 4943 -
473 4907 547 4959 Pom.
567 4908 615 4960 Ms'
628 4910 714 4962 Pemt.
735 4912 755 4961 Ε
773 4911 851 4976 (bis).
