3256 5400
181 212 243 276 826
631 208 690 271 BP.
710 207 763 270 ΑΙ)
785 206 825 283 Q.
845 204 1030 272 FRATREM

182 367 257 432 mihi
287 365 494 454 proficiscenti
520 384 583 429 non
608 361 887 449 proponebantur,
922 363 977 429 sed
1009 383 1102 447 saepe
1135 361 1242 429 triduo
1275 381 1397 428 summ
1425 381 1497 427 curn

181 462 280 547 gloria
310 458 436 525 dicebar
464 478 532 522 esse
559 457 728 523 rediturus.
771 457 856 535 Quid
884 468 916 523 tu
937 457 1053 543 igitur?
1084 456 1217 544 inquies.
1261 456 1368 535 buida
1400 456 1498 523 hlulta

181 563 411 627 convenerunt,
447 572 528 638 quae
557 560 691 615 mentem
719 550 923 617 exturbarent
947 573 1073 618 meam:
1106 550 1207 618 subita
1238 550 1372 618 defectio
1404 557 1498 618 Pom-

181 648 266 735 peii,
301 647 446 712 alienatio
466 645 649 719 consulum,
671 644 763 709 etiam
784 655 986 730 praetorum,
1008 647 1102 711 timor
1122 644 1375 732 publicanorum,
1398 666 1497 711 anua.

158 742 337 808 sanrimae
365 762 508 805 meorum
535 760 586 804 me
613 737 653 803 ad
681 749 813 804 mortem
842 739 889 804 ire
910 738 1158 824 prohibuerunt;
1191 739 1275 827 quod
1296 749 1383 805 certe
1404 748 1436 803 et
1457 737 1497 804 ad

180 834 372 900 honestatem
394 845 426 899 et
445 834 486 898 ad
506 832 699 918 effugiendos
720 832 931 898 intolerabiles
952 833 1078 899 dolores
1099 833 1158 899 fuit
1178 832 1383 920 aptissimum.
1433 831 1496 898 Sed

179 928 218 993 de
239 927 299 991 hoc
319 927 431 1014 scripsi
451 928 492 993 ad
513 939 543 993 te
563 928 596 993 in
617 948 654 991 ea
675 926 820 1013 epistola,
847 947 939 1012 quam
962 926 1143 992 Phaethonti
1165 925 1247 992 dedi.
1289 931 1377 992 Nunc
1398 939 1433 993 tu
1456 961 1496 974 -

179 1021 326 1108 quoniam
352 1021 386 1087 in
416 1032 533 1087 tantum
556 1022 670 1086 luctum
692 1032 722 1085 et
744 1017 882 1085 laborem
904 1019 1049 1085 detrusus
1070 1041 1121 1096 es,
1153 1030 1300 1106 quantum
1323 1042 1417 1087 nemo
1438 1042 1497 1087 un·

180 1136 271 1202 quam
289 1152 329 1162 ·-
343 1118 369 1181 si
392 1117 495 1181 levare
516 1123 619 1201 potest
639 1135 836 1179 communem
857 1134 964 1178 casum
990 1114 1205 1180 misericordia
1229 1114 1406 1188 hominum,
1436 1111 1496 1178 sci·

144 1210 250 1274 iohcet
265 1210 447 1275 incredibile
461 1210 607 1297 quiddam
623 1209 813 1294 assequeris;
835 1208 883 1272 sin
904 1208 994 1292 plane
1015 1208 1188 1275 occidimus
1201 1244 1241 1256 -
1256 1230 1306 1274 me
1328 1207 1494 1272 miserum!

180 1337 217 1349 -
235 1323 294 1387 eqo
309 1303 454 1369 omnihus
468 1304 546 1368 meis
560 1303 658 1367 exitio
672 1302 779 1376 luero,
801 1299 915 1388 quibus
929 1312 999 1366 ante
1014 1300 1161 1367 dedecori
1176 1323 1238 1368 non
1253 1323 1348 1367 eram.
1388 1308 1417 1366 5.
1432 1299 1495 1365 Sed

179 1407 229 1471 tu,
256 1408 290 1461 ut
312 1408 381 1462 ante
402 1398 441 1462 ad
464 1408 493 1462 te
514 1397 640 1483 scripsi,
669 1395 898 1481 perspicerem
920 1403 951 1460 et
972 1404 1130 1481 pertentm
1160 1406 1192 1461 et
1212 1397 1251 1461 ad
1272 1417 1339 1469 me,
1362 1403 1396 1460 ut
1419 1405 1496 1460 tem·

179 1511 256 1576 pora
286 1503 415 1563 nostra,
452 1511 513 1555 non
544 1498 579 1555 ut
609 1509 699 1554 amor
727 1499 798 1553 tuus
828 1488 912 1564 sert,
948 1510 1024 1556 vere
1052 1488 1222 1575 perscribe.
1284 1494 1352 1574 Ego
1381 1487 1494 1562 vitam,

179 1584 284 1668 quoad
314 1583 431 1670 putabo
464 1593 515 1649 tua
543 1584 694 1648 interesse
723 1592 776 1648 aut
803 1581 842 1646 ad
873 1604 961 1669 spem
994 1583 1179 1648 servandam
1211 1604 1302 1655 esse,
1338 1579 1494 1646 retinebo.

145 1681 226 1741 uTu
256 1675 346 1741 nobis
374 1677 594 1742 amicissimum
623 1677 757 1741 Sestium
785 1697 971 1761 cognoscem
1001 1677 1098 1742 credo
1127 1687 1179 1742 tna
1199 1698 1291 1742 causa
1312 1675 1393 1740 velle
1415 1678 1494 1738 Len·

179 1768 295 1843 tulum,
325 1770 378 1855 qui
407 1771 467 1835 erit
495 1770 611 1835 consul.
662 1773 857 1856 Quamquam
887 1780 958 1836 sunt
986 1769 1064 1835 sacta
1091 1769 1196 1836 verbis
1218 1769 1402 1837 difficiliora.
1446 1772 1495 1832 Tu

178 1871 210 1926 et
241 1862 314 1949 quid
344 1885 423 1950 opus
449 1865 488 1929 sit
515 1864 645 1950 etquid
674 1869 736 1938 sit,
779 1862 900 1930 videbis
934 1867 1071 1931 omnino.
1125 1865 1157 1930 si
1184 1877 1266 1931 tuam
1294 1861 1493 1928 solitudinem

178 1977 436 2043 communemque
459 1958 661 2022 calamitatem
682 1979 775 2023 nemo
797 1957 996 2045 despexerit,
1025 1969 1079 2024 aut
1106 1980 1164 2044 per
1193 1967 1223 2022 te
1245 1957 1361 2044 aliquid
1382 1953 1493 2021 ‘confici

178 2060 231 2116 aut
259 2051 345 2115 nullo
372 2051 466 2116 modo
492 2052 626 2137 poterit:
660 2057 708 2117 sin
740 2061 783 2127 te¹
797 2073 923 2140 quoqne
952 2053 1069 2118 inimici
1098 2073 1214 2117 vexare
1236 2049 1416 2136 coeperint,
1453 2068 1493 2112 ne

140 2145 324 2219 recesserim
358 2167 419 2209 aron
447 2146 528 2210 enim
555 2144 665 2230 gladiis
690 2157 793 2211 tecum
815 2146 869 2210 sed
897 2145 1005 2211 litibus
1032 2155 1151 2230 agetur.
1204 2151 1320 2211 Verum
1342 2145 1418 2208 haec
1439 2141 1493 2207 ab·

177 2238 237 2303 sint
268 2238 367 2302 velim.
422 2245 465 2303 Te
493 2261 569 2313 oro,
602 2249 637 2305 ut
658 2240 696 2304 ad
718 2261 768 2305 me
797 2239 836 2305 de
865 2238 1010 2305 omnibus
1037 2238 1133 2304 rebus
1162 2238 1315 2303 rescribas
1337 2246 1367 2301 et
1389 2238 1421 2301 in
1442 2256 1492 2301 me

177 2330 271 2396 animi
294 2332 396 2415 potius
418 2341 472 2396 aut
493 2333 613 2399 consilii
635 2334 737 2399 minus
759 2343 849 2420 putes
871 2354 1053 2419 essequam
1075 2343 1188 2407 antea,
1219 2331 1335 2398 amoris
1356 2351 1433 2395 vero
1462 2336 1493 2394 et

178 2425 269 2490 officii
293 2447 354 2489 non
380 2427 492 2492 rninus.

673 3347 699 3409 1.
742 3343 791 3427 (Α.
816 3346 848 3411 u.
871 3349 903 3410 c.
924 3344 1009 3431 ser.)

142 3511 169 3553 a
624 3487 777 3550 uranus
800 3487 839 3562 o.
860 3487 1002 3550 rnamr
1023 3487 1054 3550 s

181 3618 209 3680 l.
252 3596 453 3701 Epistolam,
477 3636 568 3702 qnam
589 3614 709 3700 legisti,
732 3634 822 3678 mane
840 3615 997 3680 dederam.
1040 3614 1101 3680 Sed
1123 3614 1196 3679 lecit
1217 3613 1392 3681 humaniter
1414 3615 1493 3681 Lici·

179 3707 264 3780 nius,
287 3710 370 3795 quod
392 3708 430 3773 ad
452 3730 515 3782 me,
538 3708 633 3773 misso
655 3717 777 3782 senatu,
800 3708 924 3794 vesperi
939 3709 1036 3780 venit,
1058 3717 1111 3782 ui,
1134 3709 1159 3772 si
1181 3708 1256 3794 quid
1275 3718 1355 3774 esset
1370 3718 1490 3782 actum,

178 3799 218 3874 ad
240 3810 284 3874 te,
308 3802 332 3866 si
354 3801 429 3866 mihi
452 3801 625 3876 videretur,
648 3799 887 3888 perscriberem.
930 3805 1059 3867 Senatus
1082 3800 1139 3865 luit
1159 3800 1368 3888 frequentior,
1399 3824 1491 3889 quam

178 3893 361 3978 putabamus
389 3916 456 3959 esse
477 3916 570 3980 posse
592 3917 697 3960 mense
717 3894 884 3960 Decembri
912 3893 970 3959 suh
992 3894 1058 3958 dies
1079 3893 1184 3957 iustos.
1229 3894 1412 3960 Corrsnlares
1434 3917 1491 3961 nos

143 3986 292 4051 abluimus
319 4000 349 4053 et
371 3988 433 4053 duo
460 3989 604 4054 consules
626 3989 794 4076 designati:
826 3994 858 4054 P.
881 3987 1051 4059 Servilius,
1081 3991 1121 4051 Μ.
1143 3988 1306 4058 Lucullus,
1337 3989 1489 4076 Lepidus,

246 4206 274 4254 d.
294 4209 388 4264 timor,
414 4207 611 4269 publicanorum
636 4222 712 4258 ormo
736 4209 768 4258 lt.
799 4234 826 4244 -
865 4208 890 4257 6.
911 4206 1079 4273 offupiendum
1098 4206 1130 4255 R.
1164 4229 1191 4239 -
1229 4208 1255 4256 ·1.
1276 4215 1299 4258 te
1316 4224 1373 4258 meo
1392 4210 1428 4259 it.
1459 4235 1491 4246 -

178 4275 204 4325 8.
225 4276 334 4335 lustrem,
361 4277 473 4326 laborem
491 4277 548 4332 bil,
573 4279 667 4327 tractum
686 4280 846 4341 laboremque
865 4279 895 4326 li.
928 4303 957 4313 -
995 4289 1109 4338 tanquam
1127 4300 1138 4310 ·
1160 4277 1183 4324 ai
1202 4277 1286 4327 tessare
1302 4286 1386 4340 potest
1407 4280 1492 4330 Victo·

179 4347 251 4394 rius:
277 4360 390 4408 unquam
408 4360 425 4394 o
442 4360 468 4396 te
486 4347 570 4396 tumre
586 4355 673 4409 potest
691 4348 758 4408 MR,
783 4362 917 4411 unquam.
945 4348 968 4395 ti
984 4346 1097 4395 relcuom
1113 4352 1188 4407 potes
1207 4347 1250 4396 lli.
1283 4372 1312 4383 -
1349 4350 1376 4399 o.
1395 4351 1492 4400 moeri

178 4417 263 4465 cordis
280 4416 315 4464 bt.
338 4440 366 4449 -
389 4418 430 4464 10.
450 4415 584 4480 quiddam]
603 4419 664 4482 quid
682 4419 703 4466 l.
723 4443 757 4455 -
793 4419 836 4467 12.
856 4424 1002 4479 pertempta
1020 4416 1051 4464 li.
1072 4439 1103 4450 -
1140 4415 1182 4464 ti.
1203 4416 1299 4480 quood]
1318 4434 1368 4484 quo
1387 4427 1434 4469 out
1453 4420 1490 4479 bt,

178 4487 246 4548 qnod
266 4485 360 4533 eutii.
381 4511 411 4520 -
449 4486 736 4550 15.uelie]uelblltl.
766 4511 795 4521 -
834 4486 1111 4550 lb.quomquomaed
1127 4488 1314 4537 nonsuntbl.
1337 4516 1363 4526 -
1405 4491 1491 4540 izei

178 4557 246 4618 quod
273 4569 336 4615 opus
355 4555 413 4604 bili·
447 4580 476 4591 -
515 4558 558 4605 18.
578 4559 677 4621 uliqut'd
695 4558 784 4622 confici
802 4557 870 4608 hill:
898 4555 988 4618 confici
1004 4555 1104 4618 aliquid
1125 4555 1165 4603 til.
1199 4581 1228 4591 -
1266 4560 1309 4608 ⁸20,
1328 4563 1435 4609 cessaris
1453 4574 1492 4610 mo

179 4627 310 4673 certiorem
335 4626 436 4688 socero,
467 4634 495 4674 ut
513 4642 664 4679 occurram:
694 4643 747 4677 non
773 4628 816 4676 ill.
847 4651 880 4663 -
916 4634 994 4674 terum
1015 4626 1054 4673 ii:
1083 4639 1179 4672 merum
1199 4627 1269 4676 iiiii.
1302 4655 1332 4665 -
1369 4639 1492 4694 operatur

179 4694 251 4743 biiii.
281 4719 310 4729 -
347 4695 391 4743 21.
411 4697 528 4744 erunibus
546 4698 758 4747 reboamus-ibus
776 4697 892 4746 Orellius
920 4695 998 4755 (coli.
1018 4707 1061 4755 ep.
1081 4696 1106 4742 3.
1127 4691 1154 4755 h.
1176 4698 1242 4758 ¹⁰·l2
1264 4702 1381 4749 omnibuis
1398 4702 1491 4751 reseri-

178 4764 224 4813 baa
243 4763 318 4821 biiii,
349 4765 464 4813 omnibus
490 4766 563 4814 rebus
588 4769 685 4818 acribus
704 4767 733 4817 ti.
768 4791 797 4802 -
835 4769 877 4816 22·
897 4768 980 4815 minin
996 4773 1070 4828 putes
1094 4765 1162 4816 titt:
1191 4777 1265 4830 putea
1282 4773 1368 4821 otiatus
1388 4772 1429 4823 lli·
1461 4793 1488 4808 -

179 4834 223 4885 ab.
242 4834 378 4886 decembris
396 4848 436 4901 pr.
455 4834 491 4888 bt.
513 4860 544 4874 ··
581 4838 624 4888 ³⁰.
643 4839 714 4904 Lepi.
738 4838 867 4890 i'uieotiua
884 4837 908 4890 l.
