3256 5400
562 229 637 290 LlB.
658 228 741 290 xlv.
783 229 842 289 ΕΡ.
864 230 894 289 5.
916 228 946 289 tl.
968 228 997 287 7.
1021 226 1052 293 8.
1398 235 1460 296 693

141 382 284 448 consules
306 392 338 446 et
359 382 501 449 tribunos
523 382 563 468 pl.
587 384 618 448 in
642 383 819 456 biennium,
857 405 936 470 quos
957 384 1009 450 ille
1032 384 1151 451 voluit?
1180 387 1270 453 Nullo
1295 391 1391 454 modo
1412 413 1462 455 re·

141 476 252 562 perio,
285 475 547 561 quemadmodum
567 478 686 562 possim
708 479 946 544 πολιτεύεσθαι.
996 477 1078 542 Nibil
1099 479 1183 544 enim
1205 489 1267 545 tam
1288 483 1460 557 σόλοικον,

144 591 235 653 quam
263 571 533 654 τυραννοκτόνους
562 570 594 633 in
621 569 709 635 caelo
739 593 822 646 esse,
861 573 983 659 tyranni
1005 572 1083 637 lacta
1112 572 1247 639 defendi.
1291 576 1352 641 Sed
1374 577 1462 642 vides

143 663 306 739 eonsules,
341 662 429 728 vides
451 664 591 749 reliquos
614 664 828 749 magistratus,
851 666 878 730 si
899 666 950 730 isti
973 666 1189 751 magistratum
1226 667 1312 734 vides
1332 669 1463 754 languo-

141 778 209 823 rem
243 756 410 827 bonorum.
463 757 610 822 Exultant
641 756 757 822 laetitia
778 759 812 823 in
834 759 1022 845 municipiis.
1064 761 1134 825 Dici
1154 762 1237 826 enim
1259 783 1322 826 non
1343 773 1484 847 potest„

142 862 258 936 quanto
280 873 378 937 opere
400 851 570 936 gaudeant,
604 861 638 917 ut
660 852 700 917 ad
722 873 772 917 me
793 862 996 926 concurrant,
1033 865 1068 919 ut
1089 854 1199 920 audire
1221 855 1345 941 cupiant
1366 856 1463 922 verba

142 966 212 1011 mea
240 967 277 1010 ea
306 946 344 1011 de
376 968 428 1024 re;
462 968 520 1011 nec
549 945 611 1011 ulla
633 947 752 1012 interea
775 946 910 1014 decreta.
956 948 1008 1013 Sic
1028 949 1111 1012 enim
1135 953 1406 1034 aanolarsimba,
1430 960 1464 1016 ut

142 1039 241 1104 victos
262 1049 484 1105 metueremus.
532 1043 616 1105 llaec
638 1040 676 1105 ad
700 1051 730 1107 ta
752 1041 863 1129 scripsi
884 1042 1025 1128 apposita
1054 1044 1190 1108 secunda
1217 1066 1343 1123 mensa;
1373 1046 1464 1131 plura

143 1142 173 1197 et
195 1135 428 1221 πολιτικώτερα
451 1143 575 1221 postea;
598 1145 629 1199 et
651 1147 700 1208 tu,
724 1137 799 1222 qnid
820 1158 894 1223 agas
915 1136 1054 1223 quidque
1077 1147 1197 1222 agatur.
1246 1150 1253 1162 '

606 1323 1002 1406 namnam)
1475 1356 1501 1395 n

624 1455 765 1518 niceno
787 1458 931 1521 arrico
954 1460 986 1524 s,

229 1587 257 1649 1.
280 1583 434 1649 Postridie
455 1583 529 1649 Idus
551 1584 691 1649 Paullum
714 1583 836 1651 Caietae
859 1586 933 1650 vidi.
976 1589 1005 1650 ls
1033 1584 1110 1650 mibi
1132 1585 1172 1651 de
1193 1586 1294 1652 llario
1317 1594 1348 1651 et
1369 1587 1408 1652 de
1429 1610 1465 1653 re

143 1676 266 1765 publica
289 1676 446 1764 †[aliqua]
471 1678 621 1763 quaedam
644 1699 717 1742 sane
740 1679 883 1764 pessima.
927 1685 951 1744 Α
974 1689 1005 1743 te
1028 1679 1145 1744 scilicet
1160 1678 1251 1758 nihil;
1274 1700 1367 1745 nemo
1382 1686 1464 1745 enim

143 1792 298 1836 meorum.
342 1770 402 1836 Sed
424 1777 556 1837 Brutum
579 1781 719 1837 nostrum
742 1773 837 1837 audio
859 1774 960 1838 visum
982 1773 1041 1839 sub
1069 1774 1218 1839 Lanuvio.
1262 1772 1319 1837 Ubi
1340 1773 1464 1839 tandem

144 1875 192 1930 est
213 1866 358 1931 iuturus?
390 1870 467 1931 Nam
490 1887 561 1931 cum
584 1867 720 1952 reliqua,
751 1876 815 1931 turn
838 1864 878 1931 de
900 1865 1061 1932 berscire
1084 1887 1163 1932 aveo
1185 1868 1301 1933 omnia.
1357 1873 1424 1953 Ego
1447 1889 1503 1940 ers

142 1958 311 2024 Formiano
333 1959 442 2024 exiens
463 1980 551 2025 xvrt.
572 1961 654 2033 llal.,
692 1971 726 2026 ut
746 1960 819 2026 inde
849 1962 948 2026 altero
969 1961 1020 2026 die
1042 1962 1075 2027 in
1099 1961 1317 2037 Puteolanum,
1354 1963 1465 2049 scripsi

143 2052 229 2118 baec.
289 2058 318 2118 2.
347 2059 372 2118 A
402 2054 552 2120 Cicerone
581 2054 654 2119 mibi
685 2055 806 2120 litterae
839 2076 913 2120 sane
943 2070 1160 2140 aaucuoparua
1189 2066 1219 2120 ct
1240 2054 1321 2120 bene
1343 2055 1465 2140 longae.

144 2151 255 2214 Cetera
283 2157 387 2212 autem
416 2147 465 2212 vel
495 2147 569 2233 tingi
597 2159 745 2234 possunt:
780 2165 869 2226 κῖνος
899 2149 1072 2217 litterarum
1101 2151 1252 2235 significat
1281 2152 1465 2217 doctiorem.

142 2245 230 2305 Nunc
266 2262 379 2327 magno
408 2262 505 2327 opere
534 2263 551 2305 a
583 2250 612 2305 te
641 2252 731 2326 peto,
761 2243 801 2307 de
830 2265 894 2329 quo
921 2266 990 2310 sum
1013 2265 1114 2330 nuper
1135 2256 1237 2310 tecum
1260 2243 1399 2320 loeutus,
1432 2255 1467 2311 ut

142 2334 251 2400 videas
274 2334 412 2419 nequid
435 2336 464 2399 ei
486 2335 575 2400 desit.
631 2335 664 2401 ld
687 2336 818 2400 eumad
842 2337 978 2401 officium
1001 2347 1142 2402 nostrum
1164 2336 1316 2422 pertinet,
1340 2347 1405 2403 tum
1427 2338 1503 2404 adm

143 2429 407 2495 existimationem
430 2439 461 2494 et
482 2429 678 2514 dignitatem
713 2430 798 2514 quod
820 2430 902 2494 idem
924 2430 1064 2495 intellexi
1087 2429 1143 2494 tibi
1165 2430 1275 2495 videri.
1320 2432 1466 2506 Omnino,

142 2521 170 2586 si
192 2543 267 2607 ego,
291 2533 327 2588 ut
347 2522 430 2596 volo,
453 2545 559 2587 menso
582 2522 731 2601 Quinctili
752 2524 785 2587 in
808 2528 985 2599 Graeciam,
1008 2535 1080 2590 sunt
1101 2523 1206 2587 omnia
1227 2522 1377 2588 faciliora.
1406 2523 1468 2588 Sed

143 2635 213 2679 cum
236 2615 298 2680 sint
319 2638 356 2681 ea
378 2627 534 2702 tempora,
557 2627 591 2681 ut
612 2618 691 2682 certi
714 2617 791 2681 nibil
812 2638 880 2682 esse
901 2618 1014 2704 possit,
1038 2617 1113 2703 quid
1135 2615 1300 2681 honestum
1322 2616 1398 2681 mibi
1417 2617 1466 2690 sit,

143 2708 219 2794 quid
241 2708 346 2783 liceat,
370 2710 446 2795 quid
468 2711 631 2796 expediam
655 2732 772 2797 quaeso
794 2710 833 2774 da
855 2731 1001 2796 operam,
1031 2710 1175 2776 utillum
1199 2730 1291 2795 quam
1315 2706 1468 2773 honestis-

142 2801 221 2868 sime
250 2804 529 2890 copiosissimeque
558 2815 710 2869 tueamur.
767 2808 853 2868 llaec
881 2813 912 2869 et
932 2815 1052 2879 cetera,
1089 2824 1169 2888 quae
1190 2802 1228 2867 ad
1250 2822 1308 2867 nos
1329 2802 1505 2887 pertine-aa

142 2892 236 2967 bunt,
269 2908 303 2962 ut
325 2898 422 2973 soles,
453 2897 622 2983 cogitabis;
659 2897 698 2963 ad
721 2919 836 2985 meque
858 2909 910 2964 aut
932 2900 1017 2985 quod
1039 2897 1079 2965 ad
1100 2919 1169 2964 rem
1189 2895 1359 2985 pertineat,
1395 2905 1465 2972 aut,

143 2989 170 3053 si
191 2989 267 3055 nibil
289 2990 366 3068 erit,
389 2991 476 3078 quod
495 2992 528 3058 in
549 2990 680 3057 buccam
704 2992 840 3070 venerit,
863 2992 992 3058 scribes.

608 3182 689 3243 mu.
732 3179 780 3261 (A.
807 3183 839 3246 u.
863 3183 895 3244 c.
917 3179 1006 3258 710.)

621 3311 764 3376 anenno
785 3312 930 3376 muco
953 3314 984 3376 s.

229 3447 256 3507 1.
280 3448 398 3507 'sume
420 3441 482 3506 iam
504 3439 633 3514 rebare,
658 3460 728 3504 cum
750 3439 924 3515 scribebas,
955 3440 986 3504 in
1009 3441 1085 3506 actis
1106 3461 1175 3506 esse
1197 3441 1328 3518 nostris;
1351 3452 1382 3506 at
1405 3461 1502 3525 egosn

142 3536 248 3620 accepi
279 3555 366 3601 xvir.
395 3528 464 3601 Kal.
493 3536 525 3599 in
555 3533 772 3599 deversoriolo
805 3535 994 3600 Sinuessano
1023 3544 1091 3600 tuas
1112 3536 1241 3600 litteras.
1295 3540 1342 3601 lle
1363 3535 1464 3600 Mario

143 3626 260 3713 probe;
291 3628 349 3692 etsi
378 3628 472 3693 doleo
501 3631 535 3692 L.
558 3627 661 3694 Crassi
684 3636 840 3712 nepotem.
883 3628 1009 3714 Optime
1031 3638 1092 3694 tam
1115 3629 1207 3694 etiam
1228 3634 1327 3695 Bruto
1354 3638 1464 3694 nostro

213 3864 239 3914 3.
260 3876 339 3927 mam
357 3877 412 3912 om·
433 3864 466 3914 11.
487 3889 515 3901 -
553 3864 580 3913 i.
600 3860 728 3926 cannales]
748 3864 858 3914 eorldl.
880 3889 910 3900 -
951 3865 975 3914 5.
995 3865 1096 3915 exultat
1112 3863 1151 3915 ll.
1169 3888 1196 3900 -
1233 3867 1372 3928 mancipiis
1391 3865 1460 3915 1.-

56 3968 60 3976 ·
144 3935 170 3986 6.
189 3939 347 3999 quantopere
364 3933 461 3985 1111111.
491 3961 518 3970 -
557 3949 613 3983 meo
637 3935 717 3983 uerbo
745 3935 775 3983 de
792 3948 820 3984 re
841 3933 875 3983 111
894 3940 920 3984 et
938 3949 979 3997 pr.
1003 3935 1049 3994 m,
1077 3935 1230 3984 meaverba
1248 3936 1279 3984 de
1296 3949 1325 3984 rs
1340 3950 1368 3998 p.
1391 3949 1462 3985 corr.

144 4006 180 4056 bl-
219 4004 348 4066 (lituos,
368 4003 412 4066 Y.)
432 4030 466 4040 -
503 4006 544 4054 19..
566 4004 686 4054 Paullum
705 4005 810 4054 Caietae
828 4004 965 4054 Manutius
984 4012 1010 4055 et
1028 4019 1098 4055 corr.
1118 4005 1163 4054 lll:
1183 4005 1294 4054 Paulum
1310 4007 1339 4055 in
1358 4006 1464 4056 Caietae

145 4091 187 4138 pr.
204 4077 251 4134 Μ,
271 4075 392 4123 Paullum
410 4076 440 4122 in
459 4074 549 4125 Caieta
568 4075 643 4133 ltili,
663 4074 783 4123 Paullum
802 4077 831 4122 in
849 4072 973 4124 Caietano
992 4075 1056 4125 Cod·
1077 4077 1105 4124 in
1123 4089 1178 4137 mg·
1199 4077 1302 4137 Repett.
1323 4074 1415 4124 tamn.
1437 4082 1465 4125 et

145 4145 194 4193 Vb.
214 4169 243 4182 -
279 4145 323 4195 13.
342 4145 433 4208 aliqua
449 4146 528 4207 Mlti,
548 4147 619 4209 qnod
641 4145 749 4194 seclusit
769 4144 902 4195 Orellius:
921 4147 977 4195 alia
996 4159 1058 4196 cnm
1076 4146 1140 4196 Aac.
1160 4159 1200 4209 pr.
1220 4146 1251 4195 li.
1271 4168 1303 4180 -
1330 4147 1373 4195 15.
1393 4141 1464 4209 eum]

1204 4231 1277 4266 πινω

144 4285 207 4347 quin
225 4298 265 4344 pr.
284 4285 326 4342 m,
347 4290 404 4334 tum
422 4284 444 4332 l.
480 4283 551 4345 (cum
571 4300 641 4335 corr.
662 4285 713 4340 lli.)
733 4309 765 4319 -
802 4285 845 4334 17.
865 4299 1086 4349 acaemetarum
1104 4285 1142 4344 11,
1161 4287 1385 4349 πεπυκνωμένον
1404 4300 1461 4348 mg.

143 4354 181 4405 Μ.
202 4353 245 4403 111
264 4368 330 4409 uos,
352 4351 422 4415 ΖΜ.)
453 4379 484 4388 -
523 4356 565 4405 18.
585 4355 700 4417 πυκνῶς
718 4354 750 4403 11.
772 4379 799 4391 -
840 4355 882 4404 19.
902 4360 985 4403 tecuam
1004 4367 1089 4417 seraper
1108 4356 1139 4404 11.
1166 4378 1192 4388 -
1231 4355 1462 4422 31.ἀοιι1ννιοιι”ο-

143 4437 203 4472 nem
231 4424 261 4472 11.
292 4449 323 4460 -
358 4426 451 4473 viimi.
498 4427 627 4483 Omnino,
658 4428 681 4474 si
707 4437 772 4487 epo,
804 4432 832 4474 ut
859 4424 932 4479 volo,
966 4426 1150 4487 Wesenberg:
1189 4426 1273 4474 videri
1304 4429 1408 4475 omnino
1437 4427 1461 4475 ai

143 4494 226 4556 epo’st
258 4494 316 4542 uolo
357 4494 422 4544 Cod.
460 4494 553 4544 Lumb.
587 4494 690 4555 (zi),
730 4496 815 4544 videri
850 4496 957 4542 omnivm
992 4498 1015 4543 si
1045 4509 1098 4557 apo
1133 4502 1171 4544 est
1203 4495 1264 4544 eolo
1299 4496 1339 4552 Y,
1376 4497 1462 4545 uideri

144 4566 259 4612 omnino.
296 4563 325 4613 st
350 4578 413 4626 erpo
440 4571 476 4615 est
502 4567 560 4615 volo
589 4564 686 4615 bllllll.
716 4589 746 4599 -
783 4566 826 4613 22.
847 4561 1003 4620 Graeciam,
1034 4571 1095 4614 sunt
1113 4565 1193 4614 Mill:
1223 4562 1371 4614 Graeciam.
1401 4567 1461 4617 Sint

143 4633 222 4683 llYE.
252 4657 280 4667 -
316 4634 360 4684 25.
388 4636 560 4696 copiosissime
580 4636 600 4684 l.
631 4659 662 4671 -
698 4634 742 4683 30.
762 4630 840 4695 aetia]
867 4637 941 4696 apris
960 4635 1126 4693 beroaldus,
1158 4636 1241 4684 bortis
1260 4636 1331 4684 Pius.
1366 4659 1392 4669 -
1431 4641 1461 4685 at

144 4703 292 4754 Cratander
310 4709 336 4752 et
355 4704 376 4753 l.
403 4705 433 4754 P.
454 4705 590 4755 Gronovio
609 4711 719 4754 auctore
738 4703 910 4754 Sebuetzius:
942 4708 966 4753 et
985 4704 1073 4761 1111111.
1104 4713 1132 4754 ut
1152 4705 1173 4753 l.
1195 4728 1225 4740 -
1263 4705 1306 4753 31.
1328 4718 1377 4754 νη.
1397 4704 1460 4754 Kal.

143 4774 204 4823 inde
222 4773 370 4823 versaliolos
389 4771 468 4837 (sic):
488 4779 516 4824 iu
538 4777 651 4825 Versano
670 4775 691 4822 1.
721 4797 751 4810 -
788 4776 831 4825 82.
848 4773 933 4836 probo
951 4775 991 4835 ll,
1007 4775 1104 4836 protes
1124 4775 1144 4824 l·
1167 4798 1196 4810 -
1233 4780 1258 4822 st
1274 4776 1297 4824 si
1317 4776 1339 4823 1.
1361 4799 1391 4810 -
1430 4775 1461 4824 b.

145 4845 268 4895 Crastino
285 4851 372 4906 putem
390 4846 411 4894 1.
431 4866 463 4882 -
500 4845 565 4908 tam]
585 4853 658 4896 tuam
676 4845 708 4895 11.
