3216 5408
170 231 235 295 aot
659 218 721 285 ΕΙ).
743 218 796 280 ΑΙ)
818 214 993 280 ATTICUII

170 384 267 452 velim
296 380 373 446 mibi
401 378 504 443 mittas
534 384 566 440 et
592 373 808 440 aniloxeuo
829 375 1019 438 Παναιτίου
1042 381 1126 459 περὶ
1151 385 1352 459 προνοίας.
1408 376 1455 437 'Ie
1474 369 1548 438 ldib.

170 476 287 545 videbo
309 496 381 540 cum
402 477 474 537 tuis.

646 612 703 674 m.
745 609 797 689 (n.
823 610 856 674 u.
879 610 913 673 c.
933 605 1021 687 τον.)

656 732 800 798 CICERO
822 730 966 795 ATTICO
989 732 1021 794 S.

148 875 163 912 a
258 855 286 914 1.
310 844 516 913 Commodum
538 842 726 908 discesseras
760 841 844 915 heri,
880 860 950 905 oum
973 838 1154 906 Trebatius
1179 843 1309 917 venit,
1353 845 1470 932 paullo
1488 855 1548 932 post

171 943 313 1017 Curtius;
337 940 387 1004 bic
408 936 561 1003 salutandi
584 957 694 1010 causa,
722 933 777 1000 sed
800 934 913 999 mansit
933 934 1093 999 invitatus.
1146 936 1372 1004 Trebatium
1395 938 1548 1005 nobiscum

169 1036 331 1102 habemus.
355 1033 457 1098 Hodie
473 1052 564 1095 mane
576 1029 746 1095 Dolabella.
767 1029 882 1094 Multus
898 1047 1003 1093 sermo
1016 1027 1057 1093 ad
1072 1030 1236 1096 multum
1254 1032 1369 1098 diem.
1395 1033 1479 1098 Nihil
1489 1054 1549 1120 pos·

169 1152 239 1195 som
262 1129 367 1194 dicere
388 1138 622 1207 ἐκτενέστερον,
645 1122 721 1188 nibil
735 1125 1042 1208 φιλοστοργότερον.
1087 1128 1256 1190 Ventum
1286 1137 1346 1192 est
1369 1126 1547 1192 tandemad

171 1223 333 1301 Quintum.
388 1221 484 1286 Multa
514 1220 647 1300 ἄφατα,
676 1218 854 1301 ἀδιήγητα·
884 1216 939 1282 sed
968 1238 1067 1282 unum
1099 1219 1319 1300 eiusmodi,
1358 1222 1468 1311 quod,
1500 1220 1547 1287 uisi

134 1316 329 1381 aoexercitus
351 1315 459 1388 sciret,
481 1333 545 1378 non
568 1311 665 1378 modo
686 1310 796 1375 Tironi
818 1309 952 1383 dictare,
975 1308 1031 1374 sod
1053 1331 1095 1374 ne
1122 1312 1209 1398 ipse
1238 1317 1395 1402 quidem
1411 1317 1546 1384 auderem

170 1407 322 1474 seribere.
375 1407 438 1472 Sed
466 1406 626 1471 hactenus.
682 1408 854 1490 Εὔκαιρος
884 1404 923 1469 ad
945 1425 995 1468 me
1018 1405 1126 1481 venit,
1155 1428 1247 1474 cum
1274 1409 1451 1476 haberem
1471 1410 1547 1477 Dola·

171 1499 303 1576 bellam,
341 1507 542 1587 Torquatus3
576 1499 862 1584 humanissimeque
896 1496 1075 1574 Dolabella,
1117 1502 1264 1586 quibus
1300 1505 1425 1572 verbis
1457 1525 1546 1572 secum

137 1614 141 1625 ·
172 1595 323 1679 egissem,
346 1593 503 1681 exposuit.
558 1592 763 1658 Commodum
785 1593 869 1657 enim
891 1613 1016 1677 egeram
1039 1591 1349 1677 diligentissime:
1386 1622 1471 1688 quae
1490 1598 1546 1664 dili·

171 1688 274 1772 gentia
305 1698 392 1772 grata
422 1697 468 1752 est
502 1687 567 1752 visa
596 1693 766 1772 Torquato.
823 1689 902 1750 M
930 1696 1162 1771 tempesto,
1204 1692 1239 1756 si
1269 1695 1361 1780 quid
1388 1695 1431 1759 de
1453 1701 1545 1760 Bruto.

52 1808 58 1825 ⁴
136 1783 370 1868 aaQuamquam
393 1782 493 1845 Nicias
515 1780 691 1847 conlectum
714 1779 858 1865 putabat;
885 1779 939 1843 sed
963 1779 1144 1845 divortium
1173 1806 1252 1850 non
1281 1789 1444 1873 probari.
1485 1789 1544 1864 Quo

172 1875 267 1940 etiam
288 1876 387 1958 magis
410 1875 520 1942 laboro
539 1876 638 1947 idem,
668 1874 754 1961 quod
777 1885 820 1940 tu.
864 1876 896 1941 Si
919 1874 995 1961 quid
1017 1883 1065 1938 est
1086 1876 1185 1941 enim
1213 1884 1453 1958 offensionis,
1482 1883 1545 1947 liaeo

171 1989 223 2035 res
246 1971 364 2035 mederi
387 1981 499 2056 potest.
548 1970 623 2036 Mihi
655 1970 807 2055 Arpinum
837 1969 974 2033 eundum
1002 1978 1059 2033 est.
1103 1973 1194 2037 Nam
1225 1985 1265 2039 et
1292 1998 1388 2063 opus
1414 1990 1464 2043 est
1482 1997 1544 2041 ooo-

171 2064 258 2128 stitui
287 2086 306 2128 a
333 2063 424 2129 nobis
454 2064 506 2129 illa
537 2064 717 2150 praediola3
755 2074 786 2129 et
807 2084 939 2138 vereor,
976 2083 1016 2128 ne
1038 2067 1191 2132 exeundi
1219 2081 1386 2154 potestas
1413 2072 1543 2144 nonsit,

172 2179 242 2222 cum
266 2161 381 2224 Caesar
402 2159 539 2234 venerit;
573 2159 612 2223 de
633 2159 722 2223 cuins
750 2158 885 2223 adventu
913 2179 983 2222 eam
1005 2156 1200 2242 opinionem
1230 2165 1423 2233 Dolabella
1447 2165 1540 2238 babet,

135 2267 266 2336 tequam
295 2263 328 2317 tu
358 2257 570 2318 coniecturam
600 2250 735 2317 faciebas
764 2272 807 2317 ex
834 2251 945 2318 litteris
973 2251 1140 2317 Messalae.
1200 2259 1299 2323 Cum
1325 2260 1412 2326 illue
1434 2280 1544 2328 venero

172 2343 423 2433 intellexeroque
444 2345 521 2433 quid
541 2346 661 2429 negotii
682 2347 740 2422 sit,
763 2358 849 2422 tum,
882 2344 924 2410 ad
945 2365 1025 2431 quos
1047 2342 1118 2410 dies
1141 2348 1338 2420 rediturus
1363 2355 1447 2432 sim,
1475 2353 1544 2421 scri·

174 2435 246 2503 bam
268 2439 308 2506 ad
329 2451 371 2511 te.

656 2585 694 2646 x.
737 2583 787 2662 (n.
814 2584 848 2646 u.
870 2584 903 2647 c.
925 2579 1011 2659 uos.)

657 2703 800 2768 CICERO
822 2704 968 2768 ATTICO
989 2704 1022 2769 S.

137 2845 166 2890 α,
262 2817 290 2880 1.
318 2814 444 2880 MiuIme
473 2814 574 2880 miror
599 2821 631 2878 te
658 2822 689 2878 et
716 2814 856 2898 graviter
883 2800 968 2879 serre
996 2813 1036 2879 de
1057 2816 1214 2883 Marcello
1241 2832 1279 2890 et
1306 2825 1413 2910 plura
1439 2827 1539 2893 vereri

174 2905 307 2992 periculi
334 2927 459 2991 genera.
514 2907 593 2984 Quis
623 2907 706 2972 enim
737 2908 796 2971 hoo
823 2909 962 2983 timeret,
997 2907 1082 2995 quod
1103 2931 1215 2996 neque
1240 2919 1425 2989 acciderat
1454 2933 1538 2987 antea

175 3021 233 3065 uec
256 3000 419 3065 videbatur
441 3012 550 3066 natura
573 3002 673 3075 ferre,
696 3011 731 3065 ut
752 3002 894 3066 accidere
916 3008 1041 3088 posset?
1065 3005 1177 3069 Omnia
1202 3008 1320 3092 igitur
1354 3018 1537 3084 metuenda,

175 3094 235 3160 Sed
259 3097 333 3160 illud
364 3099 455 3180 παραῖ
484 3097 723 3178 violarentur,
762 3107 797 3162 tu
827 3098 1028 3181 praesertim:
1064 3119 1147 3171 „me
1176 3104 1418 3192 reliquum
1450 3134 1536 3176 con·

174 3190 382 3256 sularem.'‘
439 3192 542 3268 Quid?
571 3191 626 3255 tibi
655 3192 782 3254 Servius
805 3191 880 3275 quid
904 3192 1051 3256 videtur?
1081 3196 1296 3280 Quamquam
1325 3202 1395 3268 boc
1420 3207 1534 3271 nullam

137 3285 212 3362 ,ond
242 3297 360 3370 partem
390 3286 472 3351 valet
501 3286 632 3359 scilicet,
668 3285 741 3349 mihi
770 3286 972 3369 praesertim,
1000 3287 1053 3371 qui
1082 3308 1145 3350 nou
1168 3290 1286 3356 minus
1313 3293 1408 3362 bene
1432 3311 1533 3364 actum

173 3401 244 3443 cum
267 3381 326 3445 illis
348 3392 466 3466 putem.
511 3379 593 3456 Quid
618 3380 700 3442 enim
723 3384 852 3443 sumus?
882 3390 935 3443 aut
957 3380 1030 3465 quid
1054 3402 1122 3444 esse
1144 3396 1356 3467 possumus?
1384 3392 1532 3463 domine.

172 3473 335 3538 ausoris?
372 3474 527 3552 Quodnisi
556 3474 632 3537 mibi
662 3473 721 3537 boc
752 3473 889 3537 venisset
910 3473 942 3536 in
964 3487 1113 3548 mentem,
1151 3476 1306 3545 scribere
1331 3484 1400 3549 ista
1426 3488 1532 3552 nescio

173 3588 269 3651 quae,
293 3589 356 3652 quo
379 3581 535 3634 verterem
559 3589 624 3641 mo,
659 3587 722 3632 non
745 3566 904 3633 haberem.
946 3573 977 3633 2.
1000 3568 1046 3634 Ad
1066 3567 1291 3649 Dolabellam,
1331 3590 1372 3643 ut
1397 3581 1531 3656 scribis,

173 3659 214 3723 lla
245 3673 320 3744 pulo
351 3661 542 3734 laciendum,
579 3661 749 3738 κοινότερα
780 3661 931 3746 quaedam
963 3672 994 3726 el
1025 3664 1275 3748 πολιτικώτερα.
1325 3674 1531 3740 Faciendum

137 3762 258 3827 35certe
281 3753 397 3837 aliquid
420 3764 482 3830 est;
505 3753 595 3819 valdo
619 3756 700 3818 enim
724 3755 890 3820 desiderat.
948 3762 978 3821 3.
1001 3763 1115 3821 Brutus
1137 3758 1163 3821 si
1186 3760 1288 3843 quid,
1314 3768 1475 3845 curabis,
1498 3778 1531 3834 ut

174 3846 286 3922 sciam;
320 3847 370 3910 cui
398 3847 524 3933 quidem
548 3869 640 3933 quam
664 3849 800 3933 primum
825 3850 980 3935 agendum
1003 3861 1098 3935 puto,
1127 3857 1324 3936 praesertim
1351 3867 1382 3926 si
1408 3865 1529 3929 statuit,

174 3940 413 4004 Sermunculum
438 3942 520 4005 enim
544 3963 669 4006 omnem
691 3953 744 4006 aut
771 3946 952 4009 restinxerit
973 3955 1027 4008 aut
1048 3945 1175 4010 sedarit.
1220 3951 1306 4016 Sunt
1330 3955 1451 4034 enim,
1476 3959 1531 4047 qui

178 4043 335 4117 oquantur
365 4036 458 4099 etiam
489 4057 622 4100 mecum.
675 4035 737 4100 Sed
764 4037 843 4102 haec
871 4039 937 4123 ipse
966 4040 1097 4123 optime,
1135 4044 1331 4126 praesertim
1365 4051 1398 4114 si
1432 4055 1530 4119 etiam

172 4138 274 4192 tecum
304 4129 459 4214 loquetur.
503 4131 578 4195 Mihi
608 4140 655 4194 est
684 4131 716 4194 in
746 4132 851 4196 animo
874 4131 1029 4218 proficisci
1052 4153 1101 4198 xa.
1124 4133 1190 4201 llal.
1235 4137 1301 4202 Hie
1325 4145 1424 4210 enim
1449 4149 1530 4215 nibil

242 4282 267 4331 6.
297 4282 398 4332 sutrim
425 4285 471 4334 ΙΙΙ.
501 4308 527 4318 -
566 4285 593 4334 8.
624 4285 731 4333 tandem
755 4287 878 4336 Manuno
905 4294 1015 4336 auctore
1044 4288 1214 4336 Schuetzius:
1243 4295 1343 4342 tamen
1363 4299 1473 4352 ΜΒΙΒ,
1495 4330 1529 4340 -

170 4352 197 4401 O.
219 4351 595 4418 Quintumlqoebllt‚qoae
616 4355 635 4402 Ι.
673 4356 764 4413 (Corn.
786 4359 813 4405 in
832 4359 1013 4410 Dauduana-l
1048 4381 1074 4391 -
1113 4359 1154 4407 10.
1176 4361 1263 4408 tironi
1283 4365 1391 4417 dicare
1411 4387 1456 4435 pr.
1479 4374 1526 4434 Μ,

171 4424 224 4470 ttro
243 4424 366 4472 indicare
383 4438 454 4473 corr.
473 4425 517 4484 Μ,
540 4426 609 4488 Tyro
628 4425 751 4474 iadtcore
772 4428 801 4475 n.
822 4453 854 4461 -
892 4429 935 4477 12.
955 4427 1096 4477 Dolabella
1114 4429 1208 4492 quibua
1226 4454 1237 4465 ·
1254 4454 1267 4465 ·
1287 4434 1528 4503 dumentism'ma:

170 4505 239 4554 qous
256 4508 308 4543 om.
328 4494 371 4548 Μ,
403 4493 497 4556 quibua
514 4518 525 4529 -
542 4521 553 4530 -
570 4496 770 4556 dlla'oentiasime
788 4511 843 4548 om.
864 4497 895 4546 R.
918 4525 946 4534 -
987 4501 1029 4548 17.
1054 4500 1180 4547 constitui
1202 4496 1230 4562 a]
1256 4509 1426 4562 constituta
1446 4515 1525 4565 Mat.

171 4563 306 4621 (Correxit
336 4562 496 4622 Manutius.)
538 4588 566 4599 -
612 4567 655 4614 20.
684 4581 764 4630 quom
797 4573 840 4629 to,
878 4582 958 4630 quem
996 4571 1178 4618 coniecturam
1218 4571 1362 4627 Lambino
1406 4593 1527 4636 aucam-0

171 4634 390 4685 Schuetzius.-
427 4636 471 4683 21.
491 4631 557 4696 tam]
575 4650 634 4683 eum
654 4637 689 4685 M.
721 4661 751 4672 -
788 4639 832 4687 26.
853 4640 965 4688 antell.
988 4664 1018 4675 -
1056 4642 1099 4688 31.
1120 4639 1246 4689 damian
1266 4643 1299 4693 ΙΙ.
1322 4669 1363 4683 -
1404 4655 1453 4705 32,
1474 4658 1527 4707 m

170 4705 234 4752 milii
262 4706 282 4753 Ι.
313 4731 343 4742 -
381 4708 435 4754 tatu
453 4704 565 4753 scribere
584 4705 604 4752 I·
627 4731 657 4741 -
695 4706 738 4756 311.
765 4723 942 4778 κοινωτερον
963 4711 1094 4772 quaedum
1117 4717 1141 4758 et
1159 4710 1339 4766 πολιτικωτε
1363 4737 1406 4772 ον
1434 4727 1470 4776 ῃ,
1490 4752 1524 4764 .-

170 4772 214 4823 35.
242 4777 265 4823 τι·
294 4777 360 4839 qnid
388 4777 490 4838 τρανῆ,
519 4775 626 4824 carebia
653 4775 715 4826 ΙΖΙ.
747 4802 777 4813 -
815 4778 859 4828 37.
880 4776 958 4841 Sunt]
977 4794 1035 4828 aum
1052 4781 1089 4830 Μ.
1125 4802 1153 4813 -
1192 4783 1237 4831 38.
1256 4733 1362 4856 «1οωῖ
1383 4800 1412 4843 aa
1430 4796 1467 4849 Β,
1500 4822 1523 4835 .

171 4841 215 4894 39.
233 4844 303 4895 Mtte·
320 4849 388 4897 enim
406 4854 445 4897 eat
464 4844 485 4894 I.
