3256 5400
586 237 660 301 ΜΒ.
680 237 736 302 LX.
776 237 837 301 ΕΡ.
858 237 889 300 8.
910 237 941 300 9.
965 238 1013 301 ill.
1402 243 1461 310 tls

143 402 176 461 tc
196 393 311 459 omnia.
353 394 418 457 Etsi
440 391 526 457 nullo
548 401 691 478 tempore
712 397 745 457 in
766 393 977 478 suspicionem
1000 392 1056 457 tibi
1079 392 1172 458 debui
1197 396 1304 459 venire
1325 397 1460 480 partium

144 509 237 554 causa
257 487 362 574 potius
384 506 478 572 quam
501 495 553 550 tua
576 484 631 551 tihi
654 485 804 560 suadere,
839 494 874 550 ut
901 494 931 551 te
960 496 1013 551 ant
1034 509 1105 551 cum
1128 493 1261 554 Caesare
1284 488 1461 554 nobiscum-

144 601 206 668 que
237 585 443 663 coniungeres
472 588 527 644 aut
554 587 639 644 certe
665 579 700 644 in
726 579 826 644 otium
847 578 1002 656 referres,
1038 587 1206 667 praecipue
1229 605 1309 647 nunc
1331 583 1392 646 iam
1413 583 1460 647 in-

144 675 256 740 clinata
265 672 397 738 victoria
409 693 448 737 ne
459 693 587 758 possum
601 671 727 759 quidem
739 673 772 737 in
787 673 884 738 ullam
898 673 991 738 aliam
1007 674 1145 739 incidere
1163 677 1342 761 opinionem
1358 677 1417 741 nisi
1427 677 1460 740 in

144 790 229 842 eam,
251 768 284 832 in
297 787 359 853 qna
373 767 488 831 scilicet
507 765 563 829 tihi
576 765 709 830 suadere
723 765 847 841 videar,
870 766 958 853 qnod
974 767 1025 853 pic
1041 777 1143 833 tacere
1162 793 1224 835 non
1240 792 1377 856 possum.
1413 776 1485 836 Tus

143 872 258 933 autem,
277 861 320 926 mi
336 861 456 932 Cicero,
472 864 517 924 sic
529 860 605 924 haec
618 860 767 945 accipies,
781 870 830 934 ut,
847 860 913 924 sive
927 859 1146 946 probabuntur
1159 861 1215 926 tibi
1231 864 1296 927 sivc
1312 885 1374 928 non
1387 884 1455 947 pro

143 954 317 1027 bahuntur,
339 952 380 1018 ab
392 953 512 1040 optimo
530 964 614 1018 certe
631 953 737 1018 animo
753 974 789 1018 ac
807 953 1001 1019 deditissimo
1016 954 1073 1019 tibi
1095 966 1125 1020 et
1141 957 1273 1040 cogitata
1295 968 1325 1021 et
1347 958 1460 1042 scripta

143 1071 212 1114 esse
232 1046 360 1113 iudices.
402 1052 432 1111 2.
454 1046 683 1113 animadvertis
705 1050 759 1112 Cn.
779 1051 962 1132 Pompeium
985 1069 1043 1112 nec
1064 1049 1197 1113 nominis
1219 1049 1267 1114 sui
1282 1072 1339 1113 nec
1353 1072 1461 1114 rerum

143 1150 302 1228 gestarum
324 1140 423 1224 gloria
445 1161 547 1226 neque
569 1141 662 1204 etiam
683 1161 795 1224 regum
817 1161 854 1204 ac
875 1141 1034 1205 nationum
1056 1142 1223 1215 clientelis,
1260 1164 1336 1227 quas
1357 1155 1461 1208 osten-

143 1243 211 1299 tare
231 1232 346 1299 crebro
368 1233 503 1308 solebat,
526 1255 594 1299 esse
615 1245 730 1308 tutum,
754 1242 785 1297 ct
806 1233 865 1298 hoc
887 1234 994 1307 etiam,
1019 1235 1103 1321 quod
1126 1234 1232 1300 infimo
1255 1237 1367 1322 cuique
1387 1258 1499 1301 con-so

144 1328 229 1413 tigit,
251 1328 296 1393 illi
318 1348 381 1392 non
402 1348 495 1412 posse
517 1333 718 1412 contingere,
741 1337 776 1392 ut
796 1327 925 1392 honeste
948 1328 1086 1412 effugere
1108 1329 1224 1415 possit,
1251 1331 1341 1414 pulso
1364 1330 1460 1401 ltalia,

143 1422 265 1486 amissis
293 1421 468 1506 Hispaniis,
505 1431 595 1506 capto
633 1421 774 1486 exercitu
803 1430 967 1495 veterano,
1003 1422 1236 1495 circumvallato
1266 1444 1348 1487 nunc
1375 1423 1463 1486 deni-

143 1537 219 1602 que;
242 1514 326 1602 qnod
342 1515 450 1578 nescio
465 1535 503 1578 an
526 1515 601 1579 nulli
623 1536 760 1600 unquam
776 1525 885 1579 nostro
900 1514 1047 1579 acciderit
1066 1516 1258 1602 imperatori.
1303 1513 1462 1593 Quamob-

142 1631 225 1682 rem,
262 1607 337 1694 quid
358 1616 411 1673 aut
434 1607 486 1672 ille
508 1629 637 1693 sperare
658 1609 757 1694 possit
779 1618 833 1673 aut
855 1616 903 1683 tu,
934 1609 1070 1674 animum
1092 1609 1219 1673 adverte
1240 1630 1300 1695 pro
1319 1620 1370 1673 tua
1386 1629 1461 1693 pru-

143 1704 262 1779 dentia;
296 1704 340 1767 sic
372 1701 456 1765 enim
484 1701 627 1766 facillime
662 1701 746 1787 quod
779 1701 836 1766 tibi
864 1702 1063 1767 utilissimum
1097 1703 1157 1767 erit
1192 1703 1314 1767 consilii
1346 1701 1458 1788 capies.
1472 1727 1500 1769 as

143 1796 222 1862 lllnd
244 1804 348 1859 autem
370 1803 401 1858 te
423 1804 515 1880 peto,
549 1803 598 1868 nt,
631 1794 656 1859 si
678 1795 740 1859 iam
761 1795 814 1860 ille
835 1796 1000 1861 evitaverit
1021 1796 1081 1862 hoc
1102 1796 1275 1882 periculum
1298 1809 1329 1862 et
1349 1817 1383 1861 se
1405 1793 1459 1858 ab

142 1890 259 1956 diderit
279 1890 312 1955 in
333 1889 479 1963 classem,
502 1897 536 1953 tu
556 1888 618 1953 tuis
640 1886 734 1952 rebus
756 1889 900 1954 consulas
922 1897 952 1953 et
973 1889 1140 1975 aliquando
1162 1889 1217 1954 tihi
1240 1890 1344 1976 potius
1366 1910 1458 1975 quam

143 1984 241 2049 carivis
262 1988 304 2048 sis
326 1982 454 2047 amicus.
506 1981 702 2048 satisfactum
734 1982 862 2046 ostiam
884 2004 902 2046 a
924 1992 954 2047 te
976 1984 1025 2048 vel
1047 1983 1151 2049 officio
1172 1985 1222 2049 vel
1245 1983 1458 2054 familiaritati,

143 2078 332 2143 satisfactum
355 2081 449 2141 etiam
469 2074 611 2161 partibus
633 2084 664 2139 et
685 2076 715 2141 ei
736 2076 784 2140 rei
805 2075 963 2161 publicae,
987 2098 1080 2163 quam
1098 2087 1132 2142 tu
1147 2076 1312 2163 probabas.
1355 2082 1385 2142 3.
1401 2082 1461 2142 Re-

142 2171 261 2257 liquum
284 2178 342 2242 est,
379 2179 414 2235 ut
435 2169 489 2234 uhi
511 2189 595 2234 nunc
615 2180 663 2235 est
683 2191 734 2234 res
755 2169 895 2256 publica,
932 2169 976 2234 ibi
997 2174 1094 2235 simus
1114 2171 1219 2256 potius
1240 2192 1352 2256 quam,
1385 2171 1498 2235 dumos

143 2265 227 2330 illam
248 2272 388 2328 veterem
409 2264 587 2349 sequimur,
617 2264 713 2328 simus
735 2264 766 2328 in
789 2264 882 2329 nulla.
926 2267 1032 2342 Quare
1050 2264 1158 2337 velim.
1180 2265 1222 2329 mi
1239 2263 1459 2329 iucundissime

144 2362 269 2430 Cicero,
302 2362 326 2421 si
350 2358 431 2421 forte
452 2357 619 2441 Pompeius
640 2358 748 2443 pulsus
770 2357 817 2421 his
839 2378 965 2444 quoque
988 2357 1064 2422 locis
1086 2380 1196 2423 rursus
1217 2358 1292 2422 alias
1314 2359 1460 2443 regiones

143 2462 249 2537 peiere
271 2459 420 2535 cogatur,
450 2459 484 2516 ut
511 2461 545 2515 tu
574 2460 603 2515 te
633 2451 683 2515 vel
712 2451 845 2515 Athenas
872 2451 922 2516 vel
943 2451 975 2515 in
1002 2451 1142 2537 quamvis
1163 2452 1299 2538 quietam
1321 2451 1453 2538 recipias

142 2543 307 2609 civitatem.
362 2543 455 2622 Quod
478 2546 504 2610 si
527 2545 588 2608 eris
610 2544 761 2617 facturus,
795 2546 888 2609 velim
911 2546 985 2609 mihi
1008 2544 1145 2619 scribas,
1177 2556 1212 2610 ut
1233 2568 1308 2630 ego,
1342 2547 1368 2611 si
1390 2546 1455 2611 ullo

143 2639 238 2705 modo
260 2647 388 2724 potero,
411 2637 451 2703 ad
469 2647 500 2702 te
521 2638 676 2703 advolem.
728 2642 940 2724 Quaecunque
963 2638 1001 2703 de
1023 2647 1075 2704 tua
1097 2638 1243 2724 dignitate
1265 2639 1304 2704 ab
1327 2640 1497 2725 impera-¹³

142 2742 212 2799 tore
233 2742 326 2798 erunt
351 2731 559 2818 impetranda,
593 2753 655 2818 qua
684 2741 732 2797 est
757 2733 945 2797 humanitate
974 2737 1099 2805 Caesar,
1136 2732 1316 2798 facillimum
1339 2733 1399 2796 erit
1420 2731 1458 2795 ab

142 2847 182 2891 eo
203 2825 259 2891 tihi
282 2826 341 2912 ipsi
363 2826 547 2911 impetrare;
583 2835 615 2890 et
642 2847 727 2890 meas
757 2836 859 2890 tamen
880 2847 990 2912 preces
1012 2826 1095 2912 apud
1118 2848 1189 2891 enm
1212 2848 1275 2892 non
1297 2826 1458 2891 minimum

141 2918 334 2985 auctoritatis
361 2917 520 2984 habituras
547 2927 633 3005 puto.
690 2919 758 2984 Erit
785 2930 856 2985 tuac
885 2941 1011 3005 quoquc
1039 2920 1111 2985 fidei
1135 2930 1167 2985 et
1187 2918 1384 2985 humanitatis
1406 2939 1460 2982 cu·

141 3033 228 3086 rare,
259 3023 295 3078 ut
315 3013 342 3076 is
364 3011 559 3089 tabellarius,
591 3013 745 3098 quemad
769 3023 798 3079 te
820 3012 911 3088 misi,
946 3013 1064 3078 reverti
1084 3014 1184 3101 possit
1204 3014 1244 3078 ad
1265 3035 1315 3078 me
1336 3021 1368 3077 et
1388 3032 1407 3075 a
1428 3020 1457 3076 te

140 3104 217 3170 mihi
239 3105 357 3170 litteras
378 3105 504 3171 referat
1467 3127 1496 3166 sn

625 3300 974 3385 nmuems

466 3437 507 3498 Μ.
529 3434 671 3498 ClCEliO
694 3437 725 3497 S.
748 3437 785 3497 D.
807 3436 840 3496 P.
862 3434 1133 3497 DOLABELLAE.

227 3559 255 3618 1.
284 3558 352 3617 Non
378 3574 447 3618 sum
474 3574 569 3617 ausus
597 3552 701 3617 Salvio
731 3561 840 3617 nostro
870 3551 944 3616 nihil
966 3551 1006 3617 ad
1027 3562 1057 3617 te
1079 3553 1251 3618 litterarum
1273 3553 1365 3631 dare;
1401 3575 1458 3617 nec

141 3647 320 3711 mehercule
352 3645 520 3720 habebam,
557 3646 631 3733 quid
659 3645 846 3720 scriberem,
883 3645 995 3710 uisite
1022 3668 1113 3711 ame
1135 3646 1320 3711 mirabiliter
1341 3652 1456 3723 amari;

142 3739 181 3805 de
207 3761 271 3827 quo
297 3741 391 3804 etiam
418 3740 494 3805 nihil
521 3739 675 3805 scribente
708 3761 757 3803 me
781 3750 809 3803 te
831 3760 893 3804 non
916 3738 1059 3804 dubitare
1081 3749 1167 3805 certo
1189 3740 1265 3805 scio.
1323 3743 1497 3815 Omnino„

142 3834 217 3899 mihi
239 3834 338 3918 magis
360 3834 478 3899 litterae
505 3843 576 3899 sunt
597 3833 823 3920 exspectandae
845 3855 862 3896 a
885 3842 915 3897 tc
938 3855 1030 3918 qnam
1052 3855 1069 3897 a
1092 3856 1141 3897 me
1164 3833 1230 3898 tibi.
1273 3833 1354 3899 Nihil
1376 3833 1457 3897 enim

142 3934 259 3994 Romae
287 3929 422 4012 geritur,
459 3927 544 4013 quod
574 3937 604 3991 te
633 3936 738 4013 putem
766 3927 845 3990 scire
872 3946 1007 4002 curare;
1037 3928 1097 3991 nisi
1125 3927 1206 3992 forte
1238 3928 1319 3992 scire
1340 3927 1388 3991 vis
1410 3948 1459 3991 me

143 4026 223 4086 inter
255 4022 371 4085 Niciam
404 4029 545 4085 nostrum
575 4034 606 4085 et
627 4021 749 4087 Vidium
772 4019 906 4084 iudicem
934 4041 1012 4084 esse.
1056 4020 1180 4085 Profert
1201 4021 1299 4095 alter,
1322 4021 1459 4106 opinor,

143 4113 265 4179 duobus
288 4114 449 4178 versiculis
471 4136 644 4200 expensum
665 4116 783 4192 Niciae;
806 4117 885 4180 alter
906 4114 1101 4180 Aristarchus
1124 4113 1180 4179 hos
1204 4118 1348 4196 ὁβελίζει.
1393 4118 1460 4196 Ego

143 4215 299 4293 tamquam
320 4209 447 4273 criticus
468 4209 613 4295 antiquus
635 4209 828 4274 iudicaturus
849 4232 936 4283 sum,
965 4218 1069 4274 utrum
1098 4215 1159 4274 sint
1182 4214 1243 4274 roci
1263 4212 1400 4286 ποιητοῦ
1420 4228 1499 4277 anco

142 4308 454 4386 napepqdeiilquvot.
504 4307 533 4366 2.
555 4307 634 4368 Puto
658 4312 686 4368 te
709 4324 790 4367 nunc
812 4303 933 4368 dicere:
966 4302 1155 4376 „Oblitnsne
1176 4323 1209 4367 es
1232 4301 1327 4387 igitur
1348 4301 1462 4384 fungo-

211 4518 238 4568 5.
257 4517 350 4568 reden
370 4525 394 4566 to
412 4519 459 4568 tibi
478 4518 514 4568 Μ.
551 4519 623 4569 Fort.
652 4521 747 4570 scilicet
773 4522 801 4570 id
819 4521 877 4570 tihi.
905 4520 956 4572 On.
981 4545 1006 4553 -
1037 4521 1138 4582 possim
1155 4519 1192 4569 Μ.
1230 4542 1265 4554 -
1301 4519 1328 4568 3.
1346 4517 1459 4582 plodens

141 4587 179 4638 Μ.
198 4613 232 4622 -
268 4588 312 4637 13.
332 4587 379 4636 ulli
397 4588 553 4638 Cratander.
591 4589 646 4639 Cfr.
669 4590 745 4640 iland
765 4591 844 4641 Ture.
866 4592 886 4639 1.
907 4605 934 4653 p.
954 4590 1015 4640 322.
1037 4613 1067 4625 -
1104 4591 1147 4638 20.
1168 4596 1223 4648 cst,
1242 4587 1458 4647 ut,uhiliresd.

141 4657 172 4706 2:
203 4664 259 4712 ese,
285 4658 330 4706 ubi
361 4657 420 4707 ΜΕ.
439 4685 473 4694 -
508 4659 552 4707 21.
571 4661 701 4723 sequimur
720 4660 884 4710 Lambinus:
903 4673 1040 4723 sequemur
1059 4659 1117 4709 biii.
1144 4685 1178 4693 -
1213 4659 1257 4707 23.
1277 4656 1407 4705 musii.
1427 4686 1461 4694 -

140 4727 184 4776 27.
204 4729 289 4789 ipsam
308 4727 457 4778 Schiiizius.
477 4754 511 4762 -
533 4728 577 4778 34.
597 4730 659 4793 quid
676 4729 723 4779 hi:
743 4732 811 4793 qnod
831 4731 860 4780 11.
880 4754 912 4763 -
939 4729 982 4779 33.
1001 4730 1158 4792 expetendos
1175 4728 1319 4779 Suetonius
1339 4726 1461 4780 Gramen.

141 4809 202 4918 ἓξ.
222 4796 265 4846 11.
283 4796 397 4918 -ΜΕ33
417 4800 512 4862 opinor
529 4812 591 4849 cnm
609 4798 738 4850 Suetonio
756 4799 802 4850 hi:
820 4806 850 4850 ut
869 4801 963 4862 opinor
981 4798 1013 4849 11.
1034 4823 1064 4835 -
1082 4799 1127 4849 ii.
1147 4799 1215 4849 Puto
1234 4805 1258 4849 ts
1274 4811 1343 4847 nunc
1359 4796 1461 4851 Aldus:

193 4880 293 4917 omnic
363 4899 370 4916 .
