3216 5408
189 259 253 322 aro
691 248 750 310 ΕΡ.
771 246 824 308 ΔΙ)
845 242 1019 306 ATTlcUll

191 438 311 488 amem,
334 413 436 476 iurato
457 405 535 471 mibi
556 403 666 477 crede,
689 424 753 469 aon
774 421 919 488 possum
941 418 1000 463 uec
1020 417 1072 462 mo
1092 395 1268 484 turpitudo
1289 395 1464 474 deterret,
1486 398 1545 466 etet

190 509 326 575 maxime
355 501 497 568 debebat.
552 504 654 577 Quam
676 498 758 562 enim
782 495 880 581 turpis
902 502 949 558 est
969 490 1153 566 assentatio,
1185 510 1267 557 cam
1290 493 1419 558 vivere
1439 494 1544 581 ipsam

192 615 282 688 turpe
315 599 356 664 sit
381 594 488 661 aobisl
524 593 585 658 Sed
607 600 642 657 ut
662 592 768 677 coepi,
791 610 853 654 noa
876 609 927 651 me
949 587 1009 652 boc
1029 596 1121 671 turpe
1142 583 1307 651 deterret.
1357 592 1409 652 Ac
1430 588 1542 654 vellem

191 695 316 782 quidem
349 726 390 737 —
423 707 523 753 essem
556 690 653 760 enim,
690 685 745 771 qui
774 704 842 748 esse
874 679 1026 747 debebam
1054 715 1111 754 -,
1145 678 1264 744 sedin
1286 690 1444 747 mentam
1466 682 1542 750 nibil

168 792 284 854 evenit.
326 789 418 856 Nam,
450 800 530 866 quae
559 788 631 843 suat
659 778 698 843 ad
731 774 941 843 Alexandrum
977 772 1138 838 bominum
1168 772 1410 859 eloquentium
1433 786 1468 841 et
1488 777 1541 843 do·

191 889 313 946 ctoram
342 875 518 947 suasiones,
556 870 643 936 vides
670 870 784 957 quibus
813 870 846 933 in
872 867 969 933 rebus
991 873 1165 931 versentur.
1209 866 1476 939 Adolescentem
1496 872 1539 937 in·

191 993 318 1038 censum
353 967 521 1054 cupiditate
549 965 731 1030 verissimae
763 965 899 1048 gloriae,
936 960 1111 1046 cupientem
1146 957 1209 1024 sibi
1240 961 1377 1048 aliquid
1417 965 1537 1031 consilii

191 1064 274 1137 dari,
297 1061 382 1149 quod
403 1057 444 1124 ad
464 1056 588 1122 laudem
611 1063 830 1144 sempiternam
852 1057 985 1129 valeret,
1008 1055 1215 1120 cohortantur
1237 1056 1281 1121 ad
1307 1057 1427 1124 decus.
1473 1063 1536 1123 lton

191 1156 279 1222 deest
300 1153 412 1220 oratio.
467 1154 535 1235 Ego
557 1148 632 1233 quid
654 1158 805 1236 possum?
846 1156 961 1215 Tamen
983 1149 1090 1213 nescio
1111 1147 1188 1233 quid
1209 1170 1230 1214 e
1253 1171 1392 1236 quercu
1414 1151 1536 1216 exscid-

153 1271 335 1339 nupseram,
371 1244 456 1331 quod
489 1243 649 1307 videretur
676 1245 776 1311 simile
804 1244 971 1310 simulacri.
1026 1246 1062 1307 ln
1090 1261 1129 1305 eo
1157 1247 1233 1327 quia
1256 1246 1426 1311 nonnulla
1448 1256 1535 1311 erant

191 1346 296 1432 paullo
318 1341 449 1405 meliora
471 1358 563 1422 quam
587 1358 639 1409 ea,
662 1359 743 1423 quae
766 1339 844 1404 liunt
865 1348 896 1403 et
911 1337 990 1401 lacta
1005 1343 1091 1409 suut,
1113 1336 1428 1422 reprehenduntur;
1452 1339 1534 1425 quod

192 1460 243 1503 me
264 1435 392 1500 minime
415 1431 564 1518 poenitet.
608 1431 640 1494 si
669 1433 752 1497 enim
782 1432 995 1518 pervenissent
1023 1430 1100 1495 istae
1125 1429 1266 1504 litterae,
1310 1433 1396 1500 mibi
1423 1434 1531 1506 crede,

192 1552 249 1597 nos
270 1527 455 1614 poeniteret.
497 1530 527 1588 3.
545 1523 652 1600 Quid?
675 1532 708 1589 tu
731 1548 794 1591 non
815 1526 901 1592 vides
917 1525 1017 1608 ipsum
1040 1523 1126 1587 illum
1139 1524 1308 1590 Aristoteli
1325 1527 1530 1614 discipulam,

191 1642 314 1691 summo
343 1619 489 1704 ingenio,
507 1614 643 1682 'summa
665 1619 835 1694 modestia,
866 1627 972 1704 postea
995 1638 1087 1704 quam
1109 1639 1167 1682 rex
1189 1619 1378 1704 appellatus
1401 1623 1461 1696 sit,
1483 1644 1532 1687 sn·

157 1716 340 1804 superbum,
372 1711 548 1783 crudelem,
583 1711 822 1779 immoderatum
851 1713 969 1778 suisset
1016 1709 1123 1788 Quid?
1160 1721 1195 1775 tu
1217 1711 1306 1777 bunc
1330 1713 1374 1778 de.
1396 1737 1529 1802 pompa,

191 1808 319 1889 Quirini
340 1805 611 1880 contubernalem,
634 1805 682 1869 his
704 1808 818 1872 nostris
840 1805 1010 1872 moderatis
1032 1803 1172 1890 epistolis
1192 1804 1396 1874 laetaturum
1420 1812 1529 1895 putas!

191 1905 247 1971 lllc
269 1921 344 1969 vero
365 1906 470 1987 potius
492 1920 554 1964 nou
577 1899 691 1986 scripta
711 1900 882 1973 desideret,
905 1921 998 1986 quam
1016 1899 1130 1984 scripta
1144 1917 1208 1963 non
1221 1898 1357 1985 probet.
1405 1907 1530 1968 Postre-

192 2018 260 2070 mo,
288 2005 325 2061 ut
345 1995 438 2061 volet.
481 1992 565 2058 Abiit
587 1993 679 2067 illud,
711 1994 797 2081 quod
825 2003 890 2059 tum
912 2015 963 2058 me
985 1990 1177 2066 stimulabat,
1209 1993 1299 2079 quod
1330 1993 1394 2060 tibi
1419 1994 1529 2060 dabam

194 2092 368 2174 πρόβλημα
397 2087 640 2170 Ἀρχιμήδειον.
700 2089 798 2153 Multo
833 2088 1013 2153 mehercule
1048 2085 1146 2169 magis
1182 2108 1266 2151 nunc
1305 2096 1391 2173 opto
1424 2109 1528 2154 casum

157 2183 296 2255 anillam,
319 2191 499 2269 quamtum
522 2176 685 2252 timebam,
713 2183 762 2247 vel
785 2203 878 2270 quem
906 2181 1026 2247 libebit
1070 2179 1134 2244 llisi
1156 2179 1234 2265 quid
1256 2190 1288 2245 te
1313 2181 1410 2247 aliud
1434 2182 1529 2269 impe·

194 2276 273 2349 dict,
307 2275 350 2339 mi
372 2284 479 2359 optato
500 2273 634 2340 veneris.
685 2274 785 2339 Nicias
807 2298 824 2340 a
847 2274 1007 2340 Dolabella
1029 2293 1140 2357 magno
1162 2293 1262 2358 opere
1284 2275 1471 2341 arcessitus
1491 2310 1529 2322 -

197 2370 257 2453 legi
279 2370 362 2435 enim
383 2368 501 2433 litteras
523 2404 562 2414 -
586 2367 644 2431 etsi
665 2367 763 2433 invito
786 2390 854 2444 me,
877 2380 979 2434 tamen
1001 2366 1113 2434 eodem
1136 2387 1187 2430 me
1209 2377 1348 2432 auctore
1363 2365 1530 2453 prolectas

195 2473 251 2533 est
293 2466 360 2529 lloc
381 2483 474 2527 manu
495 2481 574 2525 mea.

635 2604 747 2666 rur.
789 2604 842 2684 (l.
868 2606 900 2668 a.
923 2607 955 2669 c.
976 2606 1068 2683 ros.)

159 2735 188 2779 aa
672 2726 814 2789 CICERO
836 2727 979 2791 ATTICO
1002 2728 1033 2789 S.

281 2842 308 2901 1.
332 2840 408 2901 Cum
430 2834 518 2920 quasi
541 2834 616 2898 alias
645 2855 696 2898 res
719 2856 902 2920 quaererem
925 2835 964 2901 de
986 2834 1151 2921 philologis
1173 2856 1191 2898 c
1213 2835 1323 2911 Nicia,
1359 2838 1532 2905 incidimus

195 2932 227 2997 in
250 2931 407 2995 Tbalnam.
450 2928 505 2992 llle
527 2927 565 2992 de
587 2928 713 3013 ingenio
735 2929 809 2993 nibil
832 2930 940 3006 nimis;
973 2930 1146 2995 modestum
1170 2940 1201 2994 et
1222 2928 1321 3013 frugi.
1382 2933 1453 2997 Sed
1476 2934 1533 2999 boo

195 3025 270 3090 mibi
298 3046 360 3089 nou
390 3023 523 3109 placuit:
557 3044 591 3086 se
619 3022 697 3087 scire
720 3021 822 3086 aiebat
843 3022 881 3087 ab
904 3044 942 3088 eo
965 3045 1066 3108 nuper
1087 3024 1214 3108 petitam
1237 3024 1471 3101 Cornificiam,
1495 3030 1532 3104 Q.

195 3119 306 3194 liliam,
339 3117 475 3183 vetulam
505 3137 577 3180 saue
609 3128 640 3180 et
661 3117 829 3182 multarum
852 3117 1046 3202 nuptiarum
1082 3138 1143 3182 uon
1166 3137 1234 3180 esse
1256 3117 1442 3201 probatum
1467 3142 1533 3185 mu·

158 3213 342 3287 aalieribus,
371 3211 457 3299 quod
485 3211 527 3275 ita
560 3211 749 3295 reperirent,
774 3232 841 3274 rem
865 3233 927 3275 non
954 3211 1104 3275 maiorem
1125 3229 1222 3275 accc.
1266 3214 1341 3276 lloc
1364 3215 1483 3299 putavi
1504 3225 1533 3279 ta

195 3314 275 3374 seire
297 3319 456 3393 oportere.
514 3309 544 3369 2.
566 3311 612 3368 lle
634 3304 733 3368 bortis
755 3325 796 3368 ex
818 3304 879 3368 tuis
901 3304 1010 3369 litteris
1033 3304 1165 3388 cognovi
1187 3311 1218 3366 et
1239 3302 1443 3393 Chrysippo.
1500 3314 1533 3375 la

195 3403 282 3474 villa,
316 3402 405 3465 cuius
434 3399 639 3464 insulsitatem
667 3396 746 3461 bene
775 3419 904 3469 noram,
943 3397 1034 3462 video
1068 3397 1143 3461 nibil
1173 3405 1225 3460 aut
1252 3417 1361 3482 pauca
1395 3412 1531 3468 mutua

194 3496 355 3559 balnearia
388 3505 490 3558 tamen
517 3492 620 3556 laudat
648 3491 783 3566 maiora;
820 3490 859 3554 de
889 3491 1063 3556 minoribus
1092 3490 1133 3554 ait
1156 3488 1285 3553 biberna
1309 3493 1398 3558 ellici
1424 3516 1532 3581 posse.

194 3592 287 3650 'l'ccta
322 3587 417 3670 igitur
445 3585 704 3650 ambulatiuncula
732 3583 873 3648 addenda
904 3596 965 3659 cst;
1005 3605 1099 3671 quam
1132 3594 1167 3647 ut
1196 3593 1314 3648 tanum
1354 3586 1531 3664 faciamus,

155 3689 339 3762 ‚squamam
373 3680 404 3741 in
436 3679 610 3743 Tusculano
640 3678 783 3752 lecimus,
815 3699 913 3764 prope
944 3679 1072 3743 dimidio
1102 3677 1233 3741 minoris
1269 3679 1440 3747 constabit
1472 3684 1532 3749 isto

194 3773 275 3837 loco.
318 3771 365 3836 dd
394 3771 426 3836 id
452 3784 571 3845 autem,
605 3771 690 3858 quod
717 3772 880 3845 volumus,
919 3775 1114 3856 ἀφίδρυμα,
1150 3769 1226 3834 nibil
1254 3771 1363 3856 aptius
1398 3776 1533 3842 videtur

195 3888 289 3951 quam
317 3866 420 3938 lucus,
457 3885 549 3950 qucm
578 3886 638 3949 ego
660 3886 786 3943 noram;
823 3865 878 3930 sed
899 3866 1109 3931 celebritatem
1131 3865 1246 3928 nullam
1269 3874 1339 3929 tum
1369 3866 1532 3948 babebat,

265 4095 292 4142 2.
312 4092 403 4142 debeat
422 4092 443 4141 l.
476 4112 507 4126 -
542 4091 568 4140 b.
588 4091 692 4140 debeam
711 4105 726 4141 e
745 4091 827 4142 Codd.
850 4094 905 4142 suis
923 4094 1030 4143 Rosius.
1053 4117 1083 4128 -
1119 4093 1146 4141 7.
1171 4090 1324 4156 cupientem]
1347 4099 1532 4157 cupiditatem

197 4176 237 4226 pr.
268 4162 305 4212 bl.
338 4185 364 4195 -
402 4163 428 4211 a.
461 4162 634 4211 cobortaatur
659 4162 695 4212 ad
713 4162 796 4212 decue.
836 4163 893 4212 ll'ou
912 4165 951 4214 lt:
975 4166 1154 4213 cohortantur.
1190 4163 1233 4210 Ad
1250 4164 1329 4213 decue
1346 4179 1406 4215 oon
1429 4169 1477 4220 lli.
1496 4195 1530 4205 -

197 4235 240 4281 tt).
266 4228 338 4295 quio]
366 4233 434 4295 quod
459 4232 480 4280 l.
515 4258 543 4268 -
584 4232 626 4281 13.
648 4232 717 4293 Quid
744 4234 792 4280 tu?
819 4247 872 4281 non
892 4234 911 4283 1.
933 4261 960 4270 -
1000 4233 1133 4281 Aristoteli
1151 4232 1196 4282 bl:
1224 4233 1379 4284 Aristotelis
1399 4237 1476 4288 Rlli.
1499 4267 1526 4278 -

196 4302 240 4351 17.
261 4301 389 4351 desiderat
417 4301 438 4349 l.
466 4326 497 4336 -
535 4303 578 4350 20.
606 4300 688 4364 quem]
715 4317 793 4364 quom
810 4304 847 4353 lll-
875 4329 905 4338 -
943 4304 1051 4352 timebat
1070 4317 1110 4366 pc.
1129 4302 1166 4353 bl.
1188 4328 1216 4338 -
1255 4302 1316 4352 libet
1338 4304 1485 4358 Victorias
1505 4316 1530 4360 ct

197 4371 344 4421 Lambinus
363 4377 456 4419 contra
476 4371 617 4420 xlzulut.
648 4397 676 4407 -
715 4373 757 4420 at.
776 4374 812 4420 mi
829 4374 914 4423 ltllll:
935 4375 997 4422 mibi
1018 4374 1046 4422 ll.
1078 4397 1108 4408 —
1145 4373 1178 4421 ab
1197 4371 1263 4422 Cod.
1284 4373 1313 4421 in
1334 4387 1394 4438 mg.
1418 4379 1527 4443 Repeti.

198 4442 289 4491 bamb.
324 4466 352 4475 -
389 4439 496 4502 maana]
528 4444 556 4490 in
586 4455 682 4504 maana
708 4442 752 4490 111.
783 4469 813 4478 -
850 4443 894 4492 23.
915 4444 1036 4493 lioecll.
1066 4468 1097 4478 -
1134 4444 1176 4491 27.
1199 4441 1330 4492 Tbolnam
1351 4458 1418 4496 cum
1439 4450 1529 4501 Fasti·

194 4511 308 4575 Capitol.
328 4510 500 4561 Schuetziusa
531 4511 579 4560 tal.
617 4512 683 4560 Nam
702 4511 744 4571 111,
767 4512 876 4561 Talaum
895 4513 952 4571 lili,
973 4514 1070 4563 talem:
1089 4511 1156 4561 Illam
1175 4513 1195 4560 l.
1216 4532 1250 4548 -
1283 4512 1329 4562 118.
1351 4517 1456 4582 πωρον]
1481 4522 1529 4570 tm·

190 4588 313 4646 peratore
337 4583 359 4631 l.
389 4604 421 4615 -
463 4581 493 4641 Q.
523 4578 617 4643 lilium]
638 4583 685 4642 Qu.
707 4581 792 4643 frater
811 4582 830 4630 1.
860 4608 891 4618 —-
928 4584 971 4633 29.
990 4584 1132 4645 probatam
1157 4581 1231 4632 llllll.
1269 4579 1411 4645 (Correxit
1440 4590 1529 4642 bicla-

194 4655 292 4715 spina.)
313 4678 341 4690 -
379 4650 421 4700 ³0.
442 4652 595 4711 reperissent
613 4651 731 4700 malebat
751 4653 898 4701 Ernestius.
921 4678 950 4688 -
976 4654 1019 4703 31.
1040 4652 1132 4703 Malim
1151 4659 1176 4701 et
1193 4665 1226 4700 eo:
1244 4651 1406 4719 Cbeueippo.
1428 4658 1525 4711 01.-

193 4723 236 4772 32.
262 4736 373 4786 paucam
403 4727 433 4769 ut
455 4721 491 4769 ad
520 4719 656 4769 balnearia
685 4722 728 4770 111.
758 4748 785 4758 -
824 4722 868 4771 33.
888 4723 939 4782 ait]
958 4731 987 4773 ut
1007 4725 1029 4773 l.
1053 4747 1082 4759 -
1119 4721 1161 4772 34.
1183 4721 1304 4773 ambulat
1322 4727 1527 4790 (ambulanti)

191 4794 294 4842 uinculo
320 4791 442 4842 addendo
468 4796 531 4839 sunt
547 4790 603 4849 111,
634 4791 859 4842 ambulatiuncula
876 4793 999 4843 addenda
1021 4800 1081 4843 suet
1099 4793 1133 4843 11.
1152 4789 1242 4853 (Corn.
1263 4793 1293 4845 in
1310 4795 1380 4850 Aac,
1399 4801 1477 4863 m)
1494 4826 1527 4839 ..

191 4861 236 4913 tr.
255 4863 338 4912 luctus
356 4862 406 4913 ill.
425 4884 458 4896 -
493 4859 662 4912 uelocitatem
680 4861 731 4912 llll.
