3256 5400
538 259 612 322 Llll.
633 257 688 321 XI.
729 257 790 322 ΕΡ.
810 257 863 321 Μ.
883 257 937 321 22.
963 256 1016 322 28.
1038 259 1090 322 at.
1397 261 1459 325 20³

136 416 313 503 legionibus
339 414 441 501 dequo
461 415 545 500 agris
566 414 758 499 assignandis
779 413 819 480 ab
841 414 984 502 utrisque
1006 419 1161 490 vestrum,
1190 413 1392 481 vehementor
1412 438 1462 482 as«

136 511 265 577 sentior.
314 515 438 596 ltaque,
465 530 537 574 cum
568 510 696 596 qnidam
728 508 768 574 da
797 509 925 594 collegia
953 508 1070 575 normis
1090 509 1245 594 agrariam
1266 514 1459 575 curationem

137 606 336 692 ligurrirent,
359 603 532 670 disturbavi
554 621 622 668 rem
644 616 803 690 totamque
823 603 915 670 vobis
936 604 1089 689 integram
1109 609 1280 670 reservavi.
1323 605 1357 669 si
1382 603 1460 691 quid

136 701 198 766 erit
217 701 370 766 occultius
391 711 437 773 et.
466 711 501 765 ut
521 699 647 772 scribis,
670 700 883 774 reconditam,
906 720 1049 765 meorum
1070 698 1205 786 aliquem
1227 701 1363 776 mittam,
1395 720 1460 786 quo

136 795 259 862 fidelius
280 794 320 860 ad
341 807 372 861 te
392 796 513 859 litterae
535 794 745 879 perferantur.
788 794 892 859 Pridie
913 798 1016 857 Nonas
1037 794 1152 858 lunias.
1469 813 1484 851 a

592 954 691 1016 arn.
735 954 783 1035 (A.
810 956 842 1017 n.
865 954 898 1017 c.
920 951 1006 1035 ιιι.)

525 1069 567 1130 ιι.
590 1067 732 1130 crosno
755 1069 786 1130 s.
807 1069 844 1130 n.
867 1070 906 1129 n.
927 1067 1069 1131 sauro.

225 1190 253 1252 l.
283 1189 360 1252 Cum
388 1184 490 1272 Appio
516 1184 646 1250 Claudio
673 1188 706 1251 C.
732 1190 767 1251 F.
795 1207 916 1251 summa
946 1185 1024 1250 mibi
1050 1185 1250 1252 necessitudo
1280 1197 1327 1253 est
1355 1189 1461 1254 multis

137 1280 207 1346 eius
230 1279 339 1345 oliiciis
366 1287 397 1343 et
422 1283 500 1344 meis
527 1279 644 1344 mutuis
670 1279 847 1345 constituta.
905 1284 981 1345 Peto
1002 1300 1020 1344 a
1046 1288 1077 1345 te
1098 1281 1253 1346 maiorem
1276 1281 1308 1346 in
1330 1282 1459 1348 modum

138 1374 189 1440 vel
210 1372 408 1440 humanitatis
440 1379 513 1438 tuae
533 1373 583 1439 vel
605 1393 673 1438 mea
696 1393 807 1446 causa,
841 1384 875 1438 ut
897 1395 970 1440 eum
992 1372 1176 1440 auctoritate
1198 1382 1266 1446 tna,
1289 1394 1370 1460 quac
1392 1375 1499 1461 plu-1⁰

138 1468 255 1533 rimum
275 1467 374 1541 valet,
406 1474 624 1532 conservatam
652 1467 739 1532 velis.
793 1467 874 1532 Volo
902 1477 949 1544 te,
979 1489 1050 1533 cum
1072 1467 1263 1534 fortissimus
1286 1467 1334 1531 vir
1355 1467 1462 1552 cogni·

138 1562 268 1634 tussis,
306 1561 398 1625 etiam
426 1560 703 1625 clementissimum
725 1560 909 1627 existimari.
961 1568 1074 1646 Magno
1105 1560 1160 1626 tibi
1188 1562 1248 1626 erit
1274 1571 1460 1626 ornamento

139 1653 369 1718 nobilissimum
395 1653 623 1720 adolescentem
653 1653 806 1721 beneficio
838 1663 893 1721 tuo
921 1677 990 1721 esse
1018 1656 1148 1723 salvum.
1206 1654 1302 1720 Cuius
1335 1654 1462 1740 quidem

138 1768 232 1812 causa
254 1746 314 1812 boc
336 1747 448 1812 melior
469 1746 562 1812 debet
583 1769 667 1821 esse,
703 1746 788 1834 quod
817 1747 931 1835 pictate
961 1746 1112 1815 adductus
1139 1759 1270 1836 propter
1292 1748 1388 1835 patris
1409 1767 1462 1813 re·

139 1841 332 1908 stitutionem
362 1862 396 1906 sc
424 1862 496 1906 cum
526 1841 662 1907 Antonio
693 1842 864 1907 coniunxit.
921 1847 953 1908 2.
990 1845 1097 1920 Quare
1127 1842 1185 1908 etsi
1213 1841 1316 1907 minus
1353 1861 1501 1907 veramn

139 1955 263 2001 causam
287 1933 432 2007 babebis,
470 1943 572 1999 tamon
602 1935 652 2000 vel
674 1934 871 2020 probabilem
892 1936 1030 2022 aliquam
1053 1936 1172 2022 poteris
1193 1934 1354 2001 inducere.
1397 1939 1462 2000 Nu-

140 2037 190 2093 tus
217 2039 288 2092 tuus
317 2039 419 2115 potest
446 2028 604 2093 hominem
627 2050 749 2094 summo
772 2029 842 2094 loco
863 2040 986 2105 natum,
1021 2050 1144 2094 summo
1166 2029 1310 2112 ingenio,
1341 2050 1460 2094 sumina

140 2121 274 2194 virtute,
296 2121 559 2187 officiosissimum
581 2131 742 2209 praeterea
764 2134 796 2188 et
816 2123 1046 2208 gratissimum,
1070 2122 1257 2187 incolumem
1280 2122 1313 2186 in
1335 2122 1458 2187 civitate
1503 2185 1506 2191 .

140 2215 288 2280 retinere.
346 2215 438 2292 Quod
460 2227 495 2281 ut
517 2215 626 2291 iacias,
658 2213 701 2280 ita
722 2236 742 2280 a
763 2227 793 2281 te
815 2227 903 2302 peto,
933 2225 967 2282 ut
989 2215 1111 2282 maiore
1132 2213 1237 2282 studio
1259 2215 1398 2301 magisve
1421 2237 1461 2281 ex

140 2308 246 2373 animo
266 2312 374 2394 petere
395 2328 458 2375 non
480 2309 609 2396 possim.
1473 2329 1502 2368 t·

581 2452 699 2514 arna
743 2447 792 2534 (A.
819 2454 852 2516 u.
875 2452 907 2516 c.
928 2449 1013 2535 ιιι.)

524 2566 562 2627 n.
583 2565 733 2629 saurus
756 2565 787 2627 s.
809 2567 847 2627 n.
868 2567 909 2627 av.
932 2564 1127 2629 cvcsnonvv.

228 2687 257 2747 l.
295 2686 358 2747 Nos
386 2679 438 2747 bic
465 2681 605 2747 valemus
627 2691 713 2747 recte
735 2692 783 2756 et,
822 2699 886 2768 quo
907 2681 1020 2747 melius
1042 2683 1220 2756 valeamus.
1257 2698 1386 2769 operam
1408 2681 1463 2747 da·

141 2775 256 2841 bimus.
308 2774 445 2860 Lepidus
477 2775 643 2841 commode
674 2774 766 2840 nobis
792 2776 908 2840 sentire
939 2775 1073 2841 videtur.
1133 2775 1226 2841 Omni
1259 2777 1373 2841 timore
1410 2773 1465 2840 de·

141 2869 246 2957 posito
273 2866 423 2933 debemus
454 2868 553 2934 libere
585 2869 633 2933 rei
660 2867 804 2954 publicae
836 2870 1010 2935 consulere.
1068 2868 1190 2948 Quodsi
1225 2869 1330 2935 omnia
1360 2878 1503 2933 essenttn

142 2962 257 3034 aliena,
281 2968 383 3027 tamen
404 2962 505 3028 tribus
523 2961 615 3028 tantis
634 2962 844 3039 exercitibus,
867 2963 1004 3050 propriis
1025 2963 1072 3028 rei
1093 2962 1254 3050 publicae,
1278 2962 1464 3035 valentibus,

142 3080 290 3144 magnum
319 3059 458 3123 animum
488 3056 605 3121 babere
637 3055 790 3129 debebas,
827 3077 920 3143 quem
950 3066 981 3123 et
1011 3077 1137 3143 semper
1158 3055 1294 3122 habuisti
1330 3068 1362 3122 ct
1383 3077 1466 3121 nunc

144 3154 268 3220 fortuna
289 3152 457 3217 adiuvante
478 3169 594 3234 augere
615 3159 716 3236 potes.
770 3153 800 3215 2.
823 3151 914 3229 Quae
940 3149 997 3215 tibi
1019 3149 1239 3236 superioribus
1262 3150 1374 3215 litteris
1395 3171 1465 3215 mea

143 3269 238 3313 manu
271 3244 397 3332 scripsi,
431 3243 569 3309 terrendi
597 3243 643 3308 tui
672 3263 765 3308 causa
794 3242 937 3309 hominos
965 3243 1147 3330 loquuntur.
1193 3243 1225 3308 Si
1250 3242 1376 3308 frenum
1399 3264 1464 3308 nvo·

144 3340 316 3414 morderis,
337 3356 483 3425 peream,
507 3337 532 3402 si
554 3348 585 3402 te
606 3357 736 3410 omnes,
765 3347 843 3422 quot
864 3345 952 3411 sunt,
975 3344 1139 3402 conantem
1161 3337 1247 3422 loqui
1271 3337 1355 3401 ierre
1377 3345 1504 3420 pote-a

143 3445 227 3500 runt.
269 3439 354 3519 Ego,
390 3431 447 3497 tibi
476 3439 511 3496 ut
537 3442 627 3497 antea
659 3430 789 3516 scripsi,
820 3428 896 3497 dum
917 3430 996 3496 mibi
1017 3441 1087 3498 ate
1109 3430 1231 3496 litterae
1254 3429 1397 3504 veniant,
1433 3427 1466 3493 in

144 3528 230 3595 ltalia
253 3524 412 3592 morabor.
456 3544 520 3591 ux.
541 3525 609 3592 Kal.
631 3529 716 3602 lun,
738 3525 905 3612 Eporedia.

591 3667 701 3730 rmv.
744 3664 794 3750 (A.
820 3668 852 3730 c.
874 3668 906 3730 c.
929 3662 1014 3749 an.)

354 3781 395 3843 ιι.
418 3780 562 3844 cvcano
585 3781 617 3844 e.
638 3783 677 3844 n.
697 3782 735 3843 n.
757 3777 888 3844 nanno
910 3780 989 3842 vm.
1012 3778 1098 3842 cos.
1120 3779 1249 3843 nasvc.

233 3905 262 3965 i.
291 3903 393 3964 Narro
415 3897 487 3964 vibi:
510 3908 601 3963 antea
622 3895 840 3964 subirascebar
860 3896 1004 3962 brevitati
1026 3904 1151 3962 tuarum
1172 3897 1363 3974 litterarum:
1386 3913 1506 3961 nunnae

146 3995 221 4062 mibi
249 3994 367 4079 loquax
397 4010 466 4057 esse
494 3991 623 4070 videon
655 4000 686 4057 te
708 3992 804 4077 igitur
825 3989 982 4056 imitabor.
1032 3993 1135 4068 Quam
1156 3991 1253 4056 multa
1275 4010 1368 4075 quam
1390 4008 1468 4074 pau·

145 4091 206 4154 cisi
237 4093 281 4152 Te
314 4093 400 4150 recte
432 4085 539 4150 valere
568 4106 762 4172 operamque
784 4084 888 4158 dare,
923 4094 960 4150 ut
986 4084 1126 4170 quotidie
1148 4085 1276 4161 melius;
1314 4081 1467 4167 Lepidum

145 4179 312 4248 commode
333 4179 466 4256 sentire;
488 4177 589 4245 tribus
610 4177 803 4245 exercitibus
824 4177 949 4264 quidvis
971 4199 1028 4243 nos
1050 4187 1199 4264 oportere
1221 4176 1390 4241 considere.
1434 4174 1469 4240 si

146 4274 273 4343 timidus
295 4292 415 4346 essem,
437 4281 540 4336 manen
562 4272 622 4338 ista
643 4271 774 4358 epistola
794 4280 837 4336 mt
859 4292 985 4337 omnem
1006 4280 1123 4336 metum
1141 4269 1351 4335 abstersisses.
1394 4267 1467 4341 Sed,

146 4381 181 4437 ut
202 4382 328 4442 mones,
350 4364 475 4430 lrenum
496 4365 668 4442 momordi;
691 4366 805 4430 etenim
822 4369 875 4451 qui
898 4376 928 4429 tc
949 4364 1071 4429 incluso
1092 4385 1218 4428 omnem
1240 4384 1328 4448 spem
1351 4360 1507 4426 habuero
1614 4380 1624 4399 ·

146 4465 207 4530 rim
228 4462 261 4527 ln
283 4471 328 4535 te,
351 4458 428 4545 quid
448 4479 531 4523 nunc
552 4465 663 4545 putas?
691 4459 791 4546 Cupio
813 4459 875 4523 iam
897 4458 1033 4542 vigiliam
1057 4478 1167 4530 meam,
1190 4462 1303 4531 Brute,
1326 4455 1382 4520 tibi
1406 4462 1469 4518 tra·

148 4556 241 4629 dere,
271 4552 327 4618 sed
347 4552 403 4627 ita,
425 4560 460 4617 ut
481 4572 521 4616 ne
542 4552 641 4618 desim
662 4557 853 4617 constantiae
881 4572 981 4617 meae.
1024 4554 1055 4614 2.
1078 4548 1173 4626 Quod
1194 4548 1306 4614 scribis
1328 4547 1469 4612 initalia

217 4761 339 4814 3.wa
357 4759 394 4810 Μ.
422 4784 456 4794 -
492 4761 519 4810 5.
539 4760 692 4809 lonioabl:
715 4761 783 4808 lavata·
802 4760 831 4809 E.
867 4784 896 4795 -
935 4759 978 4809 to.
996 4765 1093 4807 nutans
1110 4763 1196 4818 potest
1214 4755 1251 4807 Μ.
1273 4777 1302 4789 -
1339 4753 1382 4802 ἰή.
1403 4767 1470 4801 eom·

147 4835 222 4884 ovoda
244 4832 320 4882 solta
346 4829 407 4879 Vbs
433 4830 564 4880 wmmode
590 4831 621 4879 da
645 4830 720 4879 nodia
743 4829 801 4879 ΜΕ.
837 4830 891 4879 Sed
917 4829 952 4878 cl.
978 4829 1027 4891 llp.
1052 4827 1095 4877 id.
1114 4823 1143 4890 8.
1164 4827 1190 4876 1.
1214 4846 1242 4859 -·
1278 4824 1322 4873 ³0.
1342 4827 1470 4888 quotquot

147 4911 210 4955 aunt
227 4904 386 4956 Cratander·
407 4920 436 4939 ·-
473 4901 591 4965 poterint
610 4899 647 4951 Μ.
669 4922 700 4936 -
735 4899 781 4952 39.
799 4900 838 4950 aa
856 4899 903 4951 Μι
922 4899 986 4950 mlllv'
1004 4898 1035 4950 ll.
