3256 5400
201 249 263 310 308
662 249 721 309 ΕΡ.
744 251 796 309 All
820 249 857 323 Q.
880 247 1064 311 FRATREM

201 404 304 469 trahas
333 423 368 466 ac
390 402 531 467 demittas
553 403 689 468 animum
712 426 790 468 neve
813 412 842 467 te
865 402 977 476 obrui,
1016 413 1171 491 tamquam
1194 401 1309 475 fluctu,
1338 412 1383 475 sic
1404 410 1521 495 magni-

201 498 307 564 tudine
329 498 445 583 negotii
466 497 563 569 siuas,
589 508 759 584 contraque
782 499 883 581 erigas
905 520 941 561 ac
962 498 1088 562 resistas
1110 498 1175 562 sive
1197 497 1291 560 ctiam
1313 496 1396 561 ultro
1412 512 1524 560 occur-

201 615 251 658 ras
272 593 414 677 negotiis.
454 595 562 676 Neque
585 591 668 656 enim
700 591 853 656 eiusmodi
887 602 1006 677 partem
1037 589 1248 676 reipublicae
1271 591 1369 675 geris,
1406 589 1438 652 in
1461 607 1522 673 qua

199 686 325 752 fortuna
360 684 560 756 dominetur,
594 684 649 748 scd
678 685 710 748 in
743 708 804 772 qua
840 687 1010 771 plurimum
1040 687 1119 749 ratio
1156 686 1254 770 possit
1285 694 1315 748 et
1351 680 1522 766 diligentia.

178 780 322 859 oQuodsi
353 778 408 845 tibi
438 777 556 843 bellum
587 778 714 864 aliquod
745 801 891 864 magnum
914 789 944 843 et
965 779 1175 865 periculosum
1199 775 1425 843 administranti
1449 795 1523 860 pro-

200 885 342 960 rogatum
371 873 539 960 imperium
567 871 724 947 viderem,
761 884 927 938 tremerem
955 873 1076 947 animo,
1113 872 1198 959 quod
1229 872 1340 937 eodem
1379 880 1522 954 tempore

200 992 267 1034 csse
286 969 491 1055 intelligerem
512 966 605 1031 etiarn
627 966 771 1032 fortunae
795 977 980 1053 potestatem
1000 968 1031 1031 in
1047 988 1104 1031 nos
1127 976 1338 1052 prorogatam.
1381 969 1411 1028 5.
1433 967 1523 1026 Nunc

201 1080 276 1130 vero
299 1085 336 1127 ea
358 1084 430 1148 pars
452 1060 510 1126 tibi
532 1061 579 1124 rei
602 1060 744 1146 publicae
766 1063 930 1127 commissa
953 1071 1014 1135 est,
1037 1061 1068 1125 in
1093 1084 1153 1148 qua
1176 1070 1228 1125 aut
1251 1059 1366 1125 nullam
1382 1068 1434 1121 aut
1449 1077 1522 1143 per·

200 1157 346 1240 exiguam
367 1165 487 1242 partem
508 1154 634 1218 fortuna
655 1162 737 1219 tenet
759 1166 790 1220 ct
812 1177 891 1243 quae
914 1155 989 1219 mibi
1010 1165 1073 1219 tota
1096 1156 1128 1219 in
1151 1165 1202 1219 tua
1224 1155 1339 1218 virtute
1363 1175 1398 1217 ac
1413 1150 1523 1216 mode-

167 1268 190 1307 ¹⁰
200 1252 320 1316 ratione
341 1250 437 1315 animi
458 1248 559 1334 posita
580 1269 648 1311 esse
670 1248 822 1319 videatur.
867 1250 985 1324 Nullae,
1015 1259 1048 1315 ut
1071 1250 1200 1334 opinor,
1223 1247 1350 1313 insidias
1372 1247 1520 1316 bostium,

199 1346 314 1410 nullam
337 1343 450 1429 proelii
471 1342 715 1415 dimicationem,
738 1343 853 1409 nullam
876 1343 1083 1408 defectionem
1106 1344 1279 1416 sociorum,
1314 1341 1430 1405 nullam
1453 1339 1523 1402 ino-

199 1439 282 1525 piam
304 1437 448 1523 stipendii
470 1446 522 1501 aut
543 1436 590 1500 rei
617 1435 856 1508 frumentariae,
892 1436 1008 1500 nullam
1031 1436 1216 1500 seditionem
1241 1440 1400 1500 exercitus
1426 1434 1523 1518 perti-

200 1533 379 1607 mescimus;
401 1551 480 1616 quac
502 1550 652 1616 persaepe
675 1528 908 1615 sapientissimis
931 1530 1007 1594 viris
1024 1530 1224 1603 acciderunt,
1246 1539 1296 1604 ut,
1319 1525 1524 1614 quemadmo-

200 1626 274 1692 dum
289 1624 513 1712 gubernatores
535 1623 644 1709 optimi
668 1623 731 1688 vim
754 1624 959 1709 tempestatis,
997 1628 1041 1688 sic
1063 1624 1108 1688 illi
1130 1623 1274 1689 fortunae
1296 1623 1447 1707 impetum
1469 1640 1523 1682 su·

168 1735 312 1806 seperare
333 1740 396 1784 nou
418 1726 554 1804 possent.
598 1716 666 1781 Tibi
689 1717 757 1781 data
781 1725 827 1781 est
848 1738 967 1781 summa
989 1739 1071 1803 pax,
1094 1739 1215 1782 summa
1232 1715 1456 1802 tranquillitas3
1478 1713 1522 1776 ita

201 1822 319 1886 tamen,
356 1820 391 1877 ut
412 1833 447 1875 ea
470 1810 677 1875 dormientem
699 1809 940 1894 gubernatorem
964 1813 1013 1876 vel
1035 1810 1195 1885 obruere,
1228 1810 1404 1895 vigilantem
1427 1808 1521 1874 etiam

148 1942 152 1959 «
201 1904 355 1974 delectare
386 1905 495 1991 possit.
553 1908 582 1967 6.
619 1906 745 1968 Constat
773 1904 857 1968 enim
880 1925 916 1968 ea
937 1906 1100 1989 provincia
1121 1910 1258 1992 primum
1280 1925 1321 1968 ex
1343 1923 1381 1966 eo
1404 1920 1520 1986 genere

200 1999 369 2072 sociorum,
392 1997 478 2084 quod
500 2006 547 2062 cst
569 2017 610 2061 ex
631 1995 792 2062 bominum
815 1999 900 2061 omni
918 2018 1033 2082 genere
1055 1998 1322 2070 humanissimum,
1345 1994 1457 2061 deinde
1480 2015 1519 2057 ex

201 2114 240 2156 eo
263 2113 378 2177 genere
400 2091 535 2164 civium,
559 2089 612 2176 qui
634 2099 705 2163 aut,
732 2089 818 2176 quod
840 2091 997 2176 publicani
1020 2102 1108 2164 sunt,
1131 2113 1189 2156 nos
1211 2111 1331 2156 summa
1352 2087 1521 2152 necessitu-

162 2184 272 2249 audine
294 2183 462 2267 attingunt,
486 2194 554 2257 aut,
577 2183 663 2269 quod
685 2182 728 2246 ita
749 2185 963 2268 negotiantur,
987 2197 1021 2251 ut
1035 2186 1205 2270 locupletes
1224 2185 1301 2258 sint,
1324 2182 1423 2247 nostri
1446 2201 1519 2246 cou-

200 2279 318 2346 sulatus
338 2276 491 2342 beneficio
515 2298 549 2340 se
571 2276 743 2341 incolumes
765 2276 907 2343 fortunas
929 2278 1044 2344 babere
1066 2278 1267 2343 arbitrantur.

283 2377 322 2437 ll.
344 2377 374 2436 7.
396 2408 437 2417 —-
454 2377 519 2445 „At
534 2370 615 2434 enim
631 2370 714 2434 inter
728 2371 784 2435 bos
799 2372 884 2457 ipsos
899 2373 1053 2438 exsistunt
1063 2393 1174 2457 graves
1186 2371 1427 2443 controversiae,
1443 2367 1522 2433 mul-

200 2478 248 2532 tae
270 2473 439 2530 nascuntur
467 2465 623 2539 iniuriae,
659 2486 789 2550 magnae
818 2468 1033 2532 contentiones
1056 2472 1316 2553 consequuntur.”
1340 2503 1379 2511 -
1423 2463 1520 2541 Quasi

201 2581 278 2625 vero
299 2580 359 2644 ego
380 2559 413 2624 id
435 2568 561 2644 putem,
583 2580 646 2623 non
669 2568 698 2623 te
721 2559 911 2647 aliquantum
939 2563 1056 2645 nogotii
1078 2563 1243 2626 sustinere.
1286 2560 1427 2643 intelligo
1449 2579 1520 2644 per-

163 2672 192 2716 as
201 2674 348 2738 magnum
376 2674 444 2717 esse
472 2653 634 2737 negotium
661 2663 691 2717 et
708 2655 852 2720 ‚maximi
883 2655 1021 2730 consilii;
1059 2656 1114 2720 scd
1145 2664 1301 2719 memento
1328 2653 1448 2718 consilii
1470 2671 1520 2715 mc

202 2749 262 2813 boc
284 2748 443 2832 negotium
461 2768 529 2811 esse
545 2746 644 2830 magis
659 2747 816 2833 aliquanto
833 2771 925 2835 quam
941 2749 1084 2813 fortunae
1100 2760 1218 2835 putare.
1262 2748 1347 2826 Quid
1369 2758 1415 2814 est
1437 2745 1520 2810 enim

202 2841 317 2926 negotii
339 2840 499 2905 continere
522 2860 593 2912 cos,
626 2839 740 2925 quibus
772 2843 908 2926 praesis,
938 2843 964 2906 si
997 2852 1027 2906 ιε
1057 2843 1124 2928 ipse
1146 2843 1325 2908 contineas?
1357 2840 1392 2904 ld
1417 2848 1519 2903 autem

201 2937 241 3000 sit
258 2956 404 3019 magnum
432 2943 463 2997 ct
485 2931 607 2996 difficile
630 2933 762 3007 ceteris,
797 2936 875 3000 sicut
904 2947 950 3000 est
972 2936 1200 3000 difficillimum:
1233 2934 1289 3001 tibi
1320 2945 1351 2999 ει
1380 2932 1440 2997 fuit
1461 2931 1520 2997 boc

200 3049 325 3114 semper
346 3027 528 3092 facillimum
551 3036 581 3090 ct
603 3047 679 3090 vero
701 3048 769 3091 csse
792 3027 914 3106 debuit3
947 3030 1036 3093 cuius
1059 3039 1168 3094 natura
1194 3030 1261 3094 talis
1281 3038 1346 3101 est,
1368 3036 1403 3092 ut
1425 3026 1520 3090 etiam

163 3126 267 3185 sosine
289 3120 430 3188 docmina
452 3118 595 3183 videatur
616 3118 777 3184 moderata
793 3143 860 3186 esso
876 3123 1031 3208 potuisse;
1054 3144 1090 3185 ea
1106 3133 1208 3186 autem
1224 3121 1363 3186 adhibita
1378 3119 1519 3184 doctrina

201 3224 263 3289 est,
285 3236 365 3301 quae
388 3214 436 3278 vel
458 3212 689 3278 vitiosissimam
712 3223 853 3279 naturam
876 3217 1022 3281 excolere
1044 3216 1152 3300 possit.
1195 3221 1242 3281 Tu
1264 3237 1335 3280 cum
1357 3212 1519 3299 pecuniae,

200 3328 271 3372 curn
293 3307 459 3391 voluptati,
492 3327 561 3370 cum
592 3311 732 3371 omniurn
755 3329 862 3373 rerum
885 3309 1045 3395 cupiditati
1067 3310 1211 3383 resistes,
1249 3320 1283 3374 ut
1314 3309 1407 3386 facis3
1442 3306 1519 3378 erit,

201 3400 313 3474 credo,
336 3400 527 3484 periculum,
550 3421 588 3463 ne
612 3400 789 3485 improbum
812 3403 1057 3488 negotiatorem,
1080 3405 1185 3488 paullo
1201 3403 1397 3488 cupidiorem
1417 3398 1520 3486 publi-

201 3515 312 3556 canum
334 3493 542 3578 comprimere
565 3514 627 3557 non
650 3495 771 3578 possis!
805 3501 880 3559 Nam
903 3497 1012 3562 Graeci
1031 3497 1156 3584 quidem
1179 3498 1276 3561 sicle
1298 3497 1340 3560 ita
1363 3495 1519 3559 viventem

165 3584 418 3660 asintuebuntur,
448 3595 483 3650 ut
508 3586 663 3672 quendam
686 3609 725 3650 ex
756 3591 911 3655 annalium
940 3592 1093 3655 memoria
1116 3591 1282 3655 autetiam
1305 3589 1343 3654 de
1366 3589 1452 3653 caelo
1476 3586 1520 3650 di·

203 3679 309 3742 vinum
337 3677 494 3744 bominem
526 3680 653 3744 esseio
681 3682 874 3765 provinciam
907 3683 1067 3770 delapsum
1096 3695 1214 3771 putent.
1265 3689 1294 3748 8.
1323 3690 1423 3764 Atque
1446 3681 1522 3746 baec

201 3792 298 3844 nunc,
320 3793 384 3836 non
405 3783 439 3837 ut
461 3772 569 3844 facias,
594 3773 649 3837 scd
670 3782 703 3838 ut
727 3783 756 3837 te
777 3775 881 3841 facere
903 3787 933 3841 et
958 3778 1069 3843 fecisse
1091 3779 1246 3863 gaudeas,
1269 3776 1384 3844 scribo.
1429 3779 1521 3839 Prae·

201 3866 318 3930 clarum
348 3875 394 3929 est
421 3868 503 3931 enim
536 3887 658 3931 summo
690 3888 760 3930 eum
790 3869 923 3955 imperio
945 3871 1042 3936 fuisse
1064 3873 1096 3936 in
1118 3872 1190 3937 Asia
1213 3872 1379 3936 triennium
1399 3869 1464 3941 sic,
1486 3879 1521 3932 ut

203 3959 321 4024 nullum
344 3968 373 4023 te
395 3960 534 4044 signum,
558 3960 641 4023 nulla
662 3960 802 4045 pictura,
825 3963 943 4027 nullum
965 3987 1034 4039 vas,
1057 3965 1140 4030 nulla
1162 3966 1277 4040 vestis,
1299 3965 1418 4029 nullum
1436 3984 1520 4026 man-

166 4053 334 4138 tocipium,
357 4053 440 4118 nulla
461 4053 562 4117 forma
580 4053 778 4139 cuiusquam,
801 4057 883 4120 nulla
898 4058 1040 4122 condicio
1060 4059 1210 4144 pecuniae
1234 4092 1271 4102 —
1295 4055 1408 4144 quibus
1424 4055 1520 4120 rebus

203 4144 340 4210 abundat
358 4146 416 4210 ista
438 4146 598 4233 provincia
620 4182 660 4192 —
682 4145 721 4210 ab
744 4169 863 4214 summa
882 4151 1058 4236 integritate
1080 4152 1329 4238 continentiaque
1344 4149 1519 4215 deduxerit

203 4244 234 4303 9.
258 4239 341 4316 Quid
363 4249 465 4304 autern
489 4240 622 4325 reperiri
644 4251 705 4304 tam
728 4242 877 4307 eximium
901 4256 953 4309 aut
975 4257 1034 4310 tam
1058 4245 1265 4330 expetendum
1287 4253 1403 4330 potest,
1427 4264 1519 4329 quam

203 4333 295 4397 istam
317 4336 480 4406 virtutem,
514 4333 759 4398 moderationem
781 4337 889 4411 animi,
923 4341 1158 4425 temperantiam
1180 4361 1242 4404 non
1265 4339 1360 4404 latere
1382 4337 1413 4400 in
1436 4347 1519 4400 tenc·

204 4424 270 4491 bris
291 4447 394 4511 neque
416 4447 484 4491 esse
505 4425 658 4502 abditam,
695 4427 750 4492 scd
772 4429 802 4492 in
825 4430 893 4495 luce
915 4427 1021 4507 Asiae,
1054 4433 1086 4497 in
1116 4433 1214 4498 oculis
1236 4431 1426 4498 clarissimae
1447 4449 1521 4515 pro·

270 4649 301 4699 1.
327 4661 359 4696 oc
376 4647 443 4696 utu:
472 4655 518 4695 out
538 4647 580 4695 llf.
602 4673 632 4682 -
680 4650 706 4698 9.
727 4658 812 4700 teneat
831 4653 987 4703 Lambinus.
1021 4681 1049 4690 -
1094 4655 1136 4704 rt.
1155 4656 1418 4718 impetumsortunoe
1437 4653 1460 4702 l.
1486 4676 1521 4687 -

208 4718 250 4766 16.
276 4716 315 4766 vel
343 4723 498 4778 suspectum
524 4717 655 4766 Ernestio.
689 4718 739 4781 (vel
757 4722 862 4772 obruere
886 4725 926 4772 cel
943 4725 1094 4788 uigilantem
1113 4723 1146 4783 l.)
1166 4749 1196 4760 -
1234 4721 1521 4787 19.eo]omnt1.-

207 4787 251 4836 ⁴26.
269 4789 401 4852 negotium
419 4799 469 4835 erse
485 4786 554 4835 Mu:
582 4801 633 4836 erra
651 4792 782 4852 negotium
801 4791 844 4842 lu.
867 4817 895 4827 -
933 4794 977 4844 bt).
996 4809 1054 4844 vere
1073 4796 1102 4845 R.
1125 4818 1152 4828 -
1190 4795 1233 4843 31.
1254 4795 1367 4846 oceolm
1383 4795 1424 4854 11,
1442 4793 1522 4844 ottol-
1569 4820 1571 4824 »

208 4857 259 4905 lere
278 4857 299 4906 l.
323 4881 349 4892 -
388 4857 431 4906 32.
451 4857 724 4919 tumuoluptotitom
744 4861 765 4908 1.
787 4884 815 4898 -
851 4863 895 4913 35.
914 4860 955 4925 de]
974 4877 987 4914 ε
1006 4864 1027 4912 l.
1047 4886 1080 4901 -
1115 4864 1159 4914 dl.
1178 4879 1197 4915 o
1216 4865 1247 4915 u.
