3256 5400
196 213 259 277 330
698 207 833 271 1⁴².de
855 205 1029 270 arsscuu

192 389 262 434 esse
283 368 415 434 minoris
435 365 484 430 his
504 359 699 444 consulibus:
722 384 857 450 quorum
879 383 957 450 ergo
976 384 1032 450 spe
1048 360 1196 429 audiendi
1216 362 1335 449 aliquid
1349 372 1381 430 et
1398 383 1529 450 coguo-

193 461 298 527 secndi
325 459 424 527 nostri
450 468 617 544 apparatus
645 457 783 524 maximo
812 456 907 523 imbri
936 461 1072 544 Capuam
1103 461 1175 522 veui
1196 457 1300 542 pridie
1325 462 1453 533 Nonas,
1488 465 1529 523 ut

193 577 280 621 eram
301 555 414 620 iussus.
460 552 510 618 llli
541 561 644 636 summ
672 550 812 617 nondum
832 560 997 627 venerant,
1035 550 1089 616 sed
1111 558 1201 615 erant
1221 552 1361 627 venturi,
1387 552 1524 624 inanes,

193 648 346 734 imparati.
389 650 510 713 Cnaeus
531 654 635 711 autem
656 647 808 711 Luceriae
829 644 992 710 dicebatur
1011 666 1081 710 esse
1099 653 1131 711 et
1148 643 1237 709 adire
1254 645 1402 712 cohortes
1419 646 1527 732 legio-

169 764 268 807 onum
295 747 506 816 Attianorum,
542 761 606 806 non
633 740 893 806 firmissimarum.
951 739 1100 806 atillam
1120 760 1216 805 ruere
1237 741 1379 807 nuntiant
1401 751 1434 806 et
1454 745 1524 807 iam

193 837 317 922 iamque
345 836 476 910 adesse,
513 855 577 899 non
608 842 645 899 ut
676 855 803 899 manum
833 843 980 899 conserat
993 870 1041 927 '—
1063 833 1190 919 quicum
1212 839 1317 899 enim?
1339 865 1379 879 ·-
1403 834 1461 900 sed
1484 843 1525 899 ut

192 927 296 1013 lugam
325 928 521 995 intercludat.
564 932 594 992 2.
624 932 692 1012 Ego
720 937 825 992 autem
852 928 885 992 in
911 927 998 993 Italia
1027 939 1084 993 καὶ
1105 936 1356 994 συναποθανεῖν.
1399 933 1523 994 Necte

191 1022 223 1088 id
245 1023 385 1090 consulo.
429 1023 484 1087 Sin
512 1029 618 1097 extra,
650 1020 726 1108 quid
748 1027 830 1105 agot
871 1020 1130 1086 admonendum
1152 1020 1268 1096 hiems,
1290 1022 1432 1095 lictores,
1457 1020 1521 1084 im·

191 1116 317 1201 providi
338 1124 370 1181 et
390 1116 581 1202 negligentes
610 1115 724 1194 duces;
761 1113 927 1199 adingam
950 1115 1094 1181 hortator
1114 1115 1249 1180 amicitia
1272 1117 1380 1188 Gnaei,
1419 1135 1521 1180 causa

156 1208 365 1284 ssbonorum‚
398 1209 560 1296 turpitudo
587 1208 795 1294 coniungendi
819 1229 889 1275 cum
921 1216 1070 1296 tyrannm
1107 1209 1161 1294 qui
1183 1207 1326 1295 quidem,
1359 1208 1520 1273 incertum

191 1312 254 1378 est,
286 1303 482 1369 Phalarimne
510 1324 549 1367 an
580 1303 772 1368 Pisistratum
800 1302 841 1366 sit
868 1301 1057 1367 imitaturus.
1099 1306 1185 1367 Haec
1206 1302 1300 1368 velim
1322 1302 1462 1386 explices
1487 1310 1522 1365 et

191 1417 241 1461 me
262 1397 351 1462 iuves
373 1397 518 1472 consilio,
541 1396 598 1461 etsi
620 1404 650 1460 te
671 1397 775 1482 ipsum
796 1395 865 1459 istic
887 1395 948 1460 iam
972 1395 1074 1460 calere
1090 1406 1178 1481 puto.
1220 1394 1283 1461 Sed
1299 1403 1400 1460 tamen
1416 1417 1520 1482 quan·

190 1499 257 1557 tum
281 1491 412 1576 poteris.
464 1495 531 1575 Ego
560 1489 691 1577 siquid
721 1489 772 1554 htc
797 1487 891 1553 hodie
919 1490 994 1555 novi
1016 1509 1175 1574 cognoro,
1209 1489 1298 1554 scies.
1340 1494 1405 1554 lans
1429 1489 1520 1554 enim

190 1584 323 1651 aderunt
344 1584 487 1650 consules
508 1583 548 1649 ad
569 1604 641 1649 suas
662 1589 775 1649 Nonas.
818 1588 900 1649 Tuas
922 1583 1062 1669 quotidie
1083 1583 1202 1650 litteras
1223 1583 1423 1669 exspectabo.
1467 1583 1520 1649 Ad

155 1678 387 1754 abraamem,
416 1681 642 1764 compotens,
669 1676 834 1742 rescribes.
876 1677 1024 1743 Mulieres
1046 1686 1078 1742 et
1089 1676 1267 1743 Cicerones
1288 1676 1319 1741 in
1343 1676 1520 1743 Formiano

191 1771 315 1858 reliqui.

656 1895 739 1992 tm·
776 1891 825 1978 (A.
848 1895 880 1958 U.
903 1895 936 1959 C.
956 1888 1043 1977 705.)

654 2026 805 2102 ⁴CICERO
838 2027 984 2090 ATTICO
1011 2027 1044 2090 S.

277 2156 306 2221 l.
327 2159 374 2220 Ile
401 2153 490 2219 malis
518 2154 634 2219 nostris
662 2162 696 2219 tu
723 2155 811 2239 prius
839 2154 928 2221 audis
959 2176 1053 2242 quam
1080 2174 1151 2240 ego.
1203 2156 1287 2220 lstim
1322 2155 1406 2219 enim
1428 2175 1518 2220 ema·

151 2256 274 2314 sonant.
317 2248 395 2313 Boni
423 2258 525 2313 autem
555 2248 627 2313 hinc
655 2249 742 2334 quod
771 2258 952 2335 exspectes,
974 2249 1051 2314 nihil
1084 2259 1142 2314 est.
1198 2248 1277 2316 Veni
1307 2250 1443 2333 Capuam
1472 2248 1518 2314 ad

191 2349 293 2407 Nonas
322 2340 423 2417 Febr..
450 2341 491 2406 ita
524 2351 559 2406 ut
585 2342 741 2407 iusserant
769 2343 924 2408 consules.
976 2348 1024 2409 Eo
1053 2342 1104 2408 die
1131 2342 1280 2407 Lentulus
1302 2342 1387 2406 venit
1416 2363 1516 2419 sero:

190 2439 268 2502 alter
294 2435 403 2500 consul
431 2433 560 2500 omnino
589 2456 653 2498 non
681 2446 811 2501 venerat
838 2456 898 2501 vn.
927 2436 1009 2501 ldus.
1066 2440 1113 2501 Eo
1142 2437 1224 2500 enim
1251 2434 1302 2499 die
1324 2456 1384 2519 ego
1406 2438 1515 2521 Capua

190 2530 318 2596 discessi
351 2539 382 2594 et
408 2528 506 2592 mansi
534 2527 668 2593 Calibus.
724 2528 800 2595 lude
821 2529 876 2594 has
898 2530 1016 2595 litteras
1038 2530 1189 2614 postridie
1210 2538 1279 2594 ante
1305 2528 1407 2593 lucem
1429 2528 1515 2595 dedi.

190 2628 283 2698 llaec,
307 2627 428 2709 Capuae
441 2621 516 2686 dum
535 2621 590 2696 lui,
612 2622 762 2706 cognovi:
789 2623 864 2688 nihil
880 2623 912 2688 in
927 2623 1117 2698 consulibus,
1140 2624 1259 2689 nullum
1274 2643 1406 2708 usquam
1427 2622 1516 2687 dele-

152 2726 285 2786 asctum.
337 2721 399 2780 Nec
429 2715 511 2779 enim
540 2715 771 2800 conquisitores
793 2733 1084 2801 φαινονιροσωπεῐν
1104 2717 1233 2791 audent,
1263 2736 1333 2781 cnm
1356 2717 1408 2782 ille
1432 2717 1516 2781 adsit

190 2820 312 2885 contra,
341 2817 448 2874 noster
475 2808 539 2873 dux
562 2829 715 2893 nusquam
737 2809 792 2884 sit,
823 2810 899 2875 nihil
929 2821 1016 2897 agat:
1048 2831 1107 2876 neo
1128 2811 1253 2876 nomina
1275 2809 1359 2876 daut.
1401 2809 1515 2876 Deficit

190 2905 273 2969 enim
296 2924 358 2968 non
387 2903 528 2967 voluntas
557 2901 612 2966 sed
643 2923 724 2987 spes.
767 2907 888 2969 Cnaeus
910 2915 1014 2969 autem
1040 2915 1209 2970 noster-
1232 2923 1341 2969 orem
1363 2905 1513 2969 miseram

191 3006 222 3063 et
243 2995 473 3062 incredibilem!
497 3031 536 3043 -
558 3006 593 3060 ut
615 3004 698 3060 totus
719 2996 816 3061 iacetl
849 3002 917 3062 Non
938 2998 1059 3064 animus
1082 3008 1144 3073 est,
1166 3020 1229 3063 non
1246 2998 1424 3073 consilium.
1447 3018 1514 3064 uon

191 3091 315 3176 copiae,
343 3111 407 3155 non
428 3088 597 3173 diligentia.
651 3090 770 3155 blittam
793 3091 859 3166 illa,
881 3091 988 3177 lugam
1010 3092 1049 3157 ab
1071 3090 1151 3158 urbe
1173 3092 1399 3177 turpissimam,
1429 3090 1515 3156 timi-

152 3184 333 3249 sndissimas
360 3183 393 3248 in
421 3182 545 3268 oppidis
573 3184 751 3256 contiones,
785 3184 1012 3269 ignorationem
1042 3207 1104 3251 non
1133 3185 1236 3251 solum
1262 3184 1432 3249 adversarii
1454 3183 1513 3248 sed

190 3278 284 3343 etiam
306 3298 433 3342 suarum
463 3276 634 3362 copiarum.
678 3281 708 3342 2.
729 3281 798 3342 Hoc
819 3278 994 3345 cuiusmodi
1017 3285 1085 3344 estl
1107 3299 1169 3344 vn.
1192 3277 1236 3342 ld.
1258 3276 1350 3343 Febr.
1372 3282 1511 3363 Capuam

192 3375 224 3438 C.
247 3370 370 3436 Cassius
391 3370 535 3435 tribunus
556 3370 597 3456 pl.
619 3371 722 3445 vonit,
759 3372 861 3437 attulit
888 3373 1033 3438 mandata
1064 3372 1103 3438 ad
1134 3371 1294 3444 consules,
1325 3380 1360 3435 ut
1379 3377 1513 3436 Romam

191 3465 350 3537 venirent,
373 3465 536 3548 pecuniam
558 3463 597 3528 do
619 3465 774 3529 sanctiore
796 3467 919 3532 aerario
938 3467 1112 3541 auferrent,
1135 3465 1237 3531 statim
1253 3464 1384 3529 exirent.
1427 3463 1512 3529 Urbe

191 3559 314 3632 relicta,
345 3557 490 3622 redeant:
525 3578 588 3643 quo
614 3558 794 3643 praesidio?
825 3560 945 3626 Deinde
968 3569 1097 3626 exeant:
1121 3561 1191 3646 quis
1213 3559 1314 3624 sinatl
1344 3558 1458 3625 Consul
1481 3559 1514 3624 ei

157 3651 369 3736 asrescripsit.
402 3662 438 3716 ut
463 3650 552 3736 prius
580 3651 647 3737 ipse
675 3651 708 3716 in
736 3653 893 3719 Picenum.
951 3659 990 3721 At
1019 3654 1095 3720 illud
1123 3663 1222 3719 totum
1252 3662 1320 3717 erat
1347 3653 1513 3729 amissum:

192 3742 311 3810 sciebat
331 3765 423 3809 nemo
444 3756 570 3829 praeter
591 3767 640 3809 me
663 3767 704 3810 ex
724 3746 836 3813 litteris
859 3748 1050 3814 Dolabellae.
1099 3747 1176 3812 Mihi
1198 3745 1329 3812 dubium
1350 3766 1412 3811 non
1434 3753 1512 3820 erat,

192 3839 270 3926 quin
300 3838 353 3903 ille
380 3838 442 3903 iam
471 3839 596 3924 iamque
625 3839 708 3905 loret
734 3841 768 3906 in
789 3843 915 3928 hpulia,
943 3848 1063 3911 Cnaeus
1085 3851 1192 3907 noster
1212 3842 1246 3907 in
1267 3840 1350 3906 navi.
1391 3840 1421 3905 3.
1442 3843 1513 3925 Ego

260 4048 287 4098 1.
315 4060 376 4111 erpo
403 4047 442 4096 Y:
472 4060 518 4112 epo
542 4047 639 4098 hllllll.
689 4047 746 4099 Cir.
774 4050 849 4113 Vlrg.
877 4050 947 4102 Aen.
972 4051 1005 4110 3,
1037 4051 1099 4101 370.
1132 4075 1163 4086 -
1207 4051 1333 4101 ανάίννιάί
1357 4049 1457 4112 aliqum
1488 4055 1514 4100 st

192 4117 271 4168 znss:
297 4117 421 4167 audiendi
448 4123 472 4167 ct
496 4118 547 4166 llll.
579 4143 612 4152 -
649 4119 674 4169 3.
703 4127 806 4180 cutm,
834 4121 863 4169 s‘d
880 4129 938 4184 cst,
963 4121 1061 4181 Nostis,
1088 4123 1205 4171 νονιάννι
1226 4135 1281 4182 mg.
1306 4119 1456 4170 Cratandri.
1480 4142 1513 4156 ·-

191 4189 218 4238 5.
245 4183 425 4250 Attianorum]
456 4188 584 4237 itinerum
608 4203 649 4252 pr.
674 4189 720 4252 Μ,
750 4193 874 4241 itinerum
897 4192 907 4240 l
935 4197 962 4242 et
988 4205 1057 4241 corr.
1077 4192 1121 4247 Μ,
1148 4192 1294 4240 vicinorum
1311 4190 1343 4241 R.
1381 4188 1516 4250 (Correxit

191 4255 349 4319 Victorius.)
383 4280 409 4291 -
447 4257 474 4306 'l-
500 4259 564 4323 ttspu
588 4259 621 4309 ll.
659 4285 686 4296 -
737 4260 763 4312 8.
783 4259 948 4325 mouendam]
967 4275 1007 4312 ms
1024 4263 1139 4311 amdam
1158 4275 1197 4324 pr.
1223 4262 1261 4311 Μ.
1288 4284 1321 4295 -·
1359 4260 1402 4309 12.
1421 4272 1515 4309 corcrs

191 4327 224 4377 ll.
245 4352 276 4364 -
313 4327 356 4377 ¹5.
376 4327 501 4377 raesides
519 4328 541 4376 l.
561 4351 592 4366 -
628 4329 670 4379 19.
691 4327 747 4393 epo]
765 4345 814 4380 uos
834 4332 854 4380 l.
875 4353 907 4370 -
925 4334 1001 4383 lsts'm
1018 4332 1184 4382 Lambinus:
1204 4332 1287 4380 lstssm
1306 4343 1347 4393 pr.
1366 4329 1411 4386 Μ,
1431 4329 1515 4379 Istinc

192 4397 440 4448 atheromata.
478 4395 532 4448 Cir.
553 4398 632 4448 Hand
651 4399 731 4449 Tura.
752 4401 800 4449 lll.
821 4415 847 4464 p.
867 4402 930 4452 433.
950 4425 983 4438 -
1018 4409 1107 4452 omont
1125 4415 1165 4463 pr.
1184 4400 1221 4451 Μ.
1242 4426 1274 4437 -
1297 4401 1342 4450 23.
1362 4399 1452 4448 celibis
1470 4413 1514 4461 pr.

191 4467 229 4519 Μ.
251 4492 281 4505 -
318 4468 362 4517 25.
382 4468 451 4516 adsit
469 4475 579 4528 contro,
598 4476 686 4519 noster
705 4470 841 4520 Orellius:
861 4473 897 4521 od
913 4486 940 4523 ss
956 4479 1050 4522 contro
1067 4485 1141 4535 quan
1158 4478 1247 4520 noster
1264 4469 1344 4527 Mul.
1364 4470 1433 4519 odsit
1451 4482 1516 4520 coss·

192 4545 252 4597 tro:
281 4552 338 4588 cum
355 4544 444 4586 noster
462 4536 500 4597 ll,
530 4540 616 4598 adsit,
641 4546 734 4590 contro
752 4547 839 4610 noster
859 4541 1026 4592 Schuetztus.
1045 4543 1128 4600 (udus
1146 4545 1297 4590 correctum
1317 4541 1346 4589 in
1363 4540 1425 4588 Asc.
1445 4553 1514 4602 pr.,

191 4621 250 4658 casn
267 4621 316 4672 pro
333 4621 407 4672 poem
424 4611 465 4656 est
483 4607 510 4656 in
528 4607 709 4665 bisuntinus.)
729 4637 758 4648 -
796 4611 839 4661 29.
858 4612 939 4662 Mitto
956 4613 1032 4662 ittam
1048 4612 1080 4662 R.
1103 4637 1132 4650 -
1153 4612 1197 4662 31.
1218 4607 1281 4672 rra]
1302 4609 1416 4673 Septimo
1433 4609 1458 4658 l.
1480 4633 1513 4647 ·-

191 4679 236 4729 33.
255 4679 378 4745 opimant
396 4676 435 4727 Μ.
457 4701 484 4712 -
522 4681 633 4728 scirem.
671 4680 735 4730 Urbs
752 4681 843 4731 relicto
860 4683 969 4733 redeunt
987 4683 1028 4732 ll:
1059 4684 1161 4733 astreas
1178 4681 1240 4731 urbs
1258 4680 1360 4731 relicto.
1396 4680 1516 4730 lisdsum

191 4747 237 4799 lll-
258 4774 287 4786 -
316 4747 381 4868 134.
399 4748 472 4798 nost
488 4748 625 4800 consulere.
645 4751 750 4814 scripsit
767 4750 815 4813 Μ,
843 4752 916 4803 duat
933 4753 1081 4804 cosmam?
1109 4752 1213 4815 scripsit
1231 4750 1264 4801 ll.
1293 4773 1325 4786 -
1361 4749 1406 4800 37.
1423 4757 1516 4801 ssostss·

191 4819 300 4884 arpalo
332 4853 339 4868 .
