3256 5400
624 258 777 324 amm.
817 236 1005 324 unsa
1427 265 1468 329 ιι

144 411 203 479 tibi
223 411 353 478 οδιίιιιι
375 412 507 499 prodire
527 434 663 501 possem.
717 419 856 482 Camena
876 418 974 501 Lepta
995 415 1082 481 venit
1101 415 1244 505 mihique
1264 418 1419 487 nuntiavit
1438 428 1472 486 te

143 506 205 572 ὶιιιιι
225 516 329 573 casua
348 515 618 593 praetergressum
647 529 728 575 esse.
785 505 955 575 Confestim
976 509 1119 575 leonium
1140 512 1223 578 veni.
1275 516 1387 581 Cetera
1407 514 1471 579 iam

144 598 203 666 tibi
222 611 298 667 nota
318 609 401 667 sunt.
444 606 491 666 bn
512 620 574 685 ego
595 601 652 667 tibi
674 599 802 667 obviam
823 619 887 665 non
904 600 1091 686 prodirem?
1113 604 1251 690 primam
1264 608 1367 695 Appio
1380 608 1472 676 Clau-

144 693 221 760 diet
253 693 369 760 deinde
389 693 597 780 imperatori?
627 694 742 760 deinde
774 715 864 759 mors
895 695 1075 761 maiorum?
1105 696 1236 775 deinde,
1269 700 1356 788 quod
1378 708 1473 788 eaput

143 796 205 861 eet,
226 787 350 852 amico?
382 807 454 852 mm
474 788 508 853 in
527 787 589 854 isto
610 810 727 874 genere
752 787 852 853 multo
871 787 965 852 etiam
988 787 1185 857 ambitiosius
1205 792 1312 860 lacere
1332 794 1495 870 soleam,s

142 900 238 967 quam
259 880 361 946 honos
388 901 478 946 meus
504 890 537 946 at
568 882 702 968 dignitas
729 880 875 967 postulat
926 881 988 946 Sed
1017 881 1095 948 haec
1119 882 1279 954 hactenns.
1328 891 1360 954 5.
1391 886 1472 954 illud

141 973 225 1039 idem
245 973 398 1039 Pausania
424 974 548 1039 dicebat
574 985 605 1042 te
638 975 770 1040 dixisse:
812 973 973 1051 „Quiduil
1003 975 1123 1061 Appius
1150 980 1299 1054 Lentulo,
1321 980 1472 1046 Lentulus

141 1066 244 1153 Appio
264 1067 419 1153 processit
441 1068 584 1145 obviam,
607 1069 719 1135 Cicero
738 1066 840 1153 Appio
855 1067 1005 1133 noluitl”
1038 1072 1182 1148 Quaeso,
1204 1074 1340 1140 etiamne
1362 1084 1396 1140 tu
1415 1074 1472 1141 has

142 1160 292 1245 ineptias,
322 1159 418 1226 homo
442 1196 481 1209 -
503 1183 573 1227 mea
595 1161 748 1227 sententia
770 1195 810 1207 -
832 1181 954 1226 summa
975 1161 1160 1248 prudentia,
1182 1166 1280 1232 multa
1300 1167 1396 1233 etiam
1413 1167 1473 1234 dn·

141 1253 257 1329 ctrina,
279 1253 417 1339 plurime
437 1276 546 1322 mrum
564 1278 639 1330 usn,
662 1254 743 1320 addo
761 1252 986 1328 urbanitatem,
1008 1276 1089 1341 qaae
1111 1266 1160 1323 ast
1180 1258 1301 1335 virtus,
1323 1269 1359 1326 ut
1373 1259 1509 1327 Stoicita

142 1347 316 1412 rectissime
346 1356 475 1433 putant,
506 1349 603 1415 ullam
631 1349 825 1435 Appietatem
856 1355 911 1412 aut
933 1348 1151 1415 Lentulitatem
1180 1352 1288 1418 valere
1312 1353 1396 1441 apud
1416 1370 1470 1419 mo

141 1432 212 1526 plus
235 1461 330 1526 quam
361 1451 550 1531 ornamenta·
563 1443 688 1508 virtutis
717 1442 904 1507 existimas?
934 1446 1011 1508 Cum
1039 1465 1076 1508 ea
1108 1455 1295 1512 consecutus
1331 1445 1471 1513 nondam

141 1554 243 1608 marn,
271 1555 352 1621 quae
377 1543 450 1600 sunt
480 1535 643 1601 bominum
676 1534 879 1621 opinionibus
907 1536 1116 1621 amplissima,
1151 1549 1254 1604 mmen
1277 1541 1335 1606 ista
1365 1548 1470 1606 vestra

142 1628 269 1693 nomina
293 1648 453 1715 nunquam
474 1650 545 1695 sum
569 1629 753 1706 admiratns;
786 1628 873 1693 viros
895 1649 967 1703 eos,
1005 1631 1060 1717 qui
1083 1653 1120 1697 ea
1142 1632 1234 1698 vobis
1252 1633 1469 1720 reliquissent,

141 1740 272 1805 magnos
292 1720 481 1787 arbitrabar.
535 1727 647 1789 Postea
660 1744 748 1788 ,vero
770 1742 865 1809 quam
885 1722 928 1787 ita
950 1733 982 1787 et
1003 1724 1073 1810 cepi
1094 1734 1126 1790 et
1149 1727 1234 1811 gessi
1257 1728 1394 1792 maxima
1412 1726 1508 1791 im-ss

140 1815 248 1902 peria,
283 1814 414 1882 etmihi
434 1814 511 1881 nihil
533 1838 637 1904 neque
656 1815 696 1881 ad
718 1816 871 1882 bonorem
894 1838 997 1904 nequa
1025 1817 1065 1883 ad
1090 1820 1225 1904 gloriam
1243 1819 1470 1908 acquirendum

140 1917 301 1996 putarem,
332 1909 532 1995 superiorem
559 1910 686 1998 quidem
714 1930 894 1996 nunquam,
928 1911 982 1976 sed
1012 1933 1122 1997 parem
1147 1913 1239 1980 vobis
1268 1937 1319 1981 me
1345 1913 1470 2001 sperari

142 2024 211 2069 esse
234 2001 361 2069 iactum.
403 2006 468 2068 Nec
488 2004 669 2070 mehercule
690 2003 782 2069 aliter
812 2003 875 2068 vidi
905 2005 1087 2071 existimare
1108 2007 1158 2073 vel
1189 2012 1243 2075 Cn.
1266 2007 1469 2094 Pompeium,

140 2116 236 2183 qnam
255 2094 424 2171 omnihus,
445 2097 499 2184 qui
520 2118 660 2186 unquam
682 2097 825 2170 luerunt,
853 2096 903 2161 vel
926 2103 959 2162 P.
976 2099 1158 2175 Lentulum,
1192 2121 1285 2187 quem
1308 2099 1470 2186 mihiipsi

142 2199 310 2276 antepono.
353 2194 400 2255 Tu
421 2189 557 2257 sialiter
570 2191 748 2266 existimas,
769 2190 846 2255 nihil
868 2190 1011 2267 errabis,
1034 2192 1062 2256 si
1082 2194 1187 2279 paullo
1205 2193 1402 2280 diligentius,
1424 2202 1508 2269 utra

140 2282 216 2371 quid
239 2281 281 2347 ait
300 2285 464 2367 edyssam,
497 2285 574 2372 quid
593 2285 636 2351 sit
654 2283 822 2357 nobilitas,
849 2283 1021 2369 intelligas,
1046 2285 1284 2361 Athenodorus,
1314 2286 1471 2353 Sandonis

143 2376 243 2451 lilius,
266 2376 403 2465 quidde
427 2378 476 2445 his
496 2378 593 2445 rebus
613 2379 712 2452 dicat,
734 2377 915 2443 attenderis.
958 2383 989 2443 6.
1012 2378 1091 2453 Sed,
1113 2387 1149 2445 ut
1172 2379 1212 2446 ad
1233 2401 1302 2445 ram
1324 2378 1469 2455 redeam,

140 2490 191 2537 me
214 2468 272 2536 tibi
293 2492 357 2536 non
375 2471 511 2537 amictrm
531 2472 646 2548 modo,
669 2492 781 2538 rerum
811 2470 904 2535 etiam
932 2470 1156 2537 amicissimum
1181 2471 1343 2538 existimes
1364 2472 1470 2538 velim.

140 2562 286 2629 Proiecto
304 2562 452 2629 omnihus
473 2565 584 2631 officiis
608 2564 856 2638 meisetliciam,
878 2564 977 2630 atita
1000 2585 1070 2629 csse
1093 2586 1169 2631 vere
1193 2565 1297 2651 possis
1318 2565 1470 2632 iudicare.

141 2662 188 2723 l'u
209 2665 315 2722 autem
342 2657 370 2723 si
402 2656 442 2722 id
459 2657 544 2744 agis,
580 2667 617 2724 nt
636 2658 741 2724 minus
758 2678 828 2722 mea
854 2677 965 2730 eausa,
1003 2657 1078 2723 dum
1101 2678 1163 2743 ego
1190 2657 1323 2733 absum,
1352 2657 1508 2724 deberent

141 2749 298 2826 ridearis,
318 2770 413 2838 quam
431 2770 493 2837 ego
512 2761 564 2818 tua
585 2750 775 2826 laborarim,
796 2748 902 2822 libero
924 2760 955 2815 te
976 2750 1036 2816 ista
1056 2772 1151 2818 caua:

562 2928 603 2941 -
632 2927 671 2940 -
699 2891 777 2975 πάρ’
799 2891 912 2976 ἔμοιγε
931 2901 988 2956 κα1
1009 2891 1107 2958 ἄλλοι

394 2992 431 3053 o'l
445 2998 485 3053 κέ
500 3013 541 3071 με
567 2986 758 3073 τιμήσουσι,
786 2985 935 3071 μάλιστα
959 2990 995 3051 δὲ
1017 2997 1153 3071 μητίετα
1175 2988 1268 3063 Ζεύς.

142 3123 177 3190 Si
196 3133 302 3191 autem
320 3133 433 3191 natura
451 3146 487 3190 es
512 3126 694 3208 φιλὰιτιος,
716 3124 794 3191 illud
816 3146 879 3191 non
900 3124 1061 3212 perficies,
1085 3146 1150 3213 quo
1170 3126 1274 3192 minus
1300 3134 1354 3191 tua
1377 3146 1470 3192 causa

143 3216 254 3298 velim3
275 3216 337 3285 boc
357 3240 548 3306 assequere,
569 3227 620 3292 ut,
643 3239 736 3306 φιιιιι
753 3219 786 3283 in
811 3227 933 3304 partem
955 3228 989 3285 tu
1017 3219 1168 3305 accipias,
1190 3219 1295 3286 minus
1317 3219 1508 3286 laborem„

143 3314 230 3377 liaec
247 3313 287 3379 ad
308 3322 340 3379 te
359 3312 472 3400 scripsi
493 3312 640 3388 liberius,
672 3312 772 3377 fretus
794 3312 986 3378 conscientia
1011 3312 1106 3377 officii
1133 3312 1196 3377 mei
1217 3310 1471 3378 benevolentiae

140 3424 221 3493 que,
244 3426 341 3494 quam
361 3427 381 3472 a
400 3426 452 3472 me
472 3415 561 3473 certo
583 3406 701 3472 iudicio
722 3414 909 3491 susceptam,
931 3405 1036 3492 quoad
1050 3415 1085 3472 tu
1106 3406 1205 3482 voles,
1221 3405 1428 3473 conservabo.

609 3568 689 3629 uu.
733 3563 782 3649 (A.
808 3567 841 3630 e.
864 3566 897 3630 o.
919 3565 1005 3649 ros.)

527 3678 670 3745 stesso
693 3681 725 3742 s.
747 3681 785 3742 n.
807 3680 866 3742 aa.
888 3679 1082 3744 runcano,

228 3814 257 3874 1.
280 3807 366 3883 Etsi,
400 3817 549 3896 quantum
579 3828 619 3872 ex
647 3806 710 3872 tuis
737 3805 850 3870 litteris
882 3805 1059 3892 intelligere
1093 3806 1203 3893 potui,
1238 3805 1400 3882 videbam,
1438 3816 1507 3883 tea

140 3902 219 3966 hanc
240 3902 424 3988 epistolam,
461 3923 532 3967 cum
559 3901 599 3966 ad
619 3898 731 3966 urbem
761 3920 862 3973 esses,
899 3921 968 3965 esse
989 3901 1162 3976 lecturum,
1195 3900 1383 3986 refrigerato
1407 3901 1469 3966 iam

140 3995 300 4060 levissimo
322 4016 468 4060 sermone
490 3994 652 4059 hominum
675 3992 935 4080 provincialium,
974 4004 1097 4067 tamen,
1129 4016 1200 4059 cum
1223 4003 1257 4059 tu
1280 4005 1342 4059 tam
1365 3995 1471 4061 multis

140 4087 246 4152 verbis
262 4088 300 4152 ad
324 4110 374 4154 me
395 4089 435 4153 de
457 4086 676 4174 improborum
698 4087 841 4152 oratione
873 4086 1071 4172 scripsisses,
1104 4087 1279 4153 laciendum
1308 4088 1384 4152 mihi
1413 4108 1472 4174 pu-

140 4181 218 4256 tavi,
241 4189 277 4246 ut
295 4182 357 4247 tuis
378 4182 490 4247 litteris
508 4181 597 4247 brevi
623 4180 859 4267 responderem.
902 4184 933 4244 2.
956 4178 1019 4244 Sed
1039 4179 1139 4266 prima
1156 4180 1220 4246 duo
1237 4181 1337 4266 capita
1355 4182 1472 4267 episto-

139 4275 188 4340 lae
208 4284 281 4341 tuac
303 4276 394 4341 tacita
415 4273 491 4340 mibi
514 4274 747 4362 quodammodo
770 4272 976 4361 relinquenda
998 4283 1085 4352 sunt;
1124 4274 1201 4340 nihil
1232 4273 1316 4339 enim
1338 4274 1508 4350 habentus

208 4492 236 4543 3.
253 4494 369 4556 primum
385 4493 458 4556 opud
476 4491 586 4543 Claudio
604 4491 642 4559 bl.
658 4515 688 4528 -
715 4493 742 4542 1.
762 4494 880 4555 dantque,
895 4491 964 4554 paod
983 4497 1094 4542 auctora
1112 4492 1236 4543 Ernestio
1249 4493 1417 4543 Schuetzius.
1437 4514 1469 4528 ·-

140 4562 167 4614 5.
186 4563 292 4622 emico,
313 4576 371 4613 cosa
387 4562 428 4613 V:
460 4564 545 4613 amiso
562 4562 608 4618 ld,
627 4563 727 4621 nmmo,
745 4562 900 4624 praeanttm
917 4575 975 4610 mm
994 4561 1027 4610 s.
1047 4585 1079 4597 -
1106 4563 1190 4613 samse
1209 4562 1272 4613 seb.
1295 4587 1325 4598 -
1353 4563 1469 4612 ’1.Ραυ·

140 4633 276 4685 toas'ehl:
295 4633 444 4683 menies
462 4633 492 4683 ll.
514 4655 544 4668 -
570 4633 660 4695 Quid?
680 4632 838 4682 Lambinus.
859 4632 932 4680 Fort.
952 4630 1044 4692 Quid?
1067 4631 1223 4684 ι1.Οι.-
1255 4634 1299 4682 111.
1317 4630 1470 4682 urbanitate

142 4701 223 4752 11.-
260 4699 300 4765 st]
320 4710 344 4753 et
362 4702 399 4753 hl.
421 4729 452 4739 -
489 4702 533 4754 13.
553 4709 612 4752 erut
629 4701 666 4753 hl.
689 4728 716 4738 -
746 4702 789 4752 to.
809 4700 916 4752 saell:
936 4713 988 4750 assa
1007 4700 1038 4750 E.
1060 4725 1089 4737 —
1119 4704 1162 4753 ts.
1181 4702 1327 4765 reipublic
1345 4701 1469 4751 tentatum

140 4772 229 4823 111-
244 4773 290 4823 20.
308 4780 356 4834 at,
375 4773 445 4837 ,aeid
460 4775 496 4823 stt
513 4768 620 4838 ἑξοχή,
646 4772 709 4837 qaae
725 4773 759 4822 att
778 4769 929 4838 aalyssssa,
957 4771 1090 4835 tetelltpee
1117 4772 1230 4822 hacona.
1258 4785 1299 4835 pr.
1320 4771 1468 4820 lamb.-

140 4841 183 4892 111.
202 4843 274 4908 allici
313 4844 376 4893 nasta
393 4842 441 4893 hle
458 4845 521 4894 mab
540 4844 631 4908 emetis
649 4840 680 4891 ll·
702 4866 730 4878 -
768 4843 813 4893 25.
833 4842 923 4891 obrom
941 4838 981 4890 N:
1000 4840 1084 4891 obsim
1102 4840 1161 4893 llll.
1181 4868 1213 4880 -
1250 4841 1295 4893 i'l.
1314 4856 1374 4907 παρ
1393 4854 1469 4907 epea

142 4911 176 4962 11.
198 4937 228 4948 -
260 4914 306 4966 29.
326 4912 374 4964 Sta
391 4912 472 4965 llart.
492 4913 557 4976 Lag.
578 4938 607 4950 -
634 4911 678 4963 ³5.
698 4909 767 4977 seat]
785 4918 815 4962 ot
833 4913 857 4961 at
875 4910 911 4963 ll.
