<?xml version="1.0" encoding="UTF-8"?>
<!DOCTYPE html PUBLIC "-//W3C//DTD XHTML 1.0 Transitional//EN"
    "http://www.w3.org/TR/xhtml1/DTD/xhtml1-transitional.dtd">
<html xmlns="http://www.w3.org/1999/xhtml" xml:lang="en" lang="en">
 <head>
  <title>
</title>
<meta http-equiv="Content-Type" content="text/html;charset=utf-8" />
  <meta name='ocr-system' content='tesseract 3.04.00' />
  <meta name='ocr-capabilities' content='ocr_page ocr_carea ocr_par ocr_line ocrx_word'/>
</head>
<body>
  <div class='ocr_page' id='page_1' title='image "./operaquaesupers06halmgoog_0237.png"; bbox 0 0 3256 5400; ppageno 0'>
   <div class='ocr_carea' id='block_1_1' title="bbox 608 238 1459 303">
    <p class='ocr_par' dir='ltr' id='par_1_1' title="bbox 608 238 1459 303">
     <span class='ocr_line' id='line_1_1' title="bbox 608 238 1459 303; baseline 0 -1"><span class='ocrx_word' id='word_1_1' title='bbox 608 238 682 302; x_wconf 78' lang='lat' dir='ltr'>un.</span> <span class='ocrx_word' id='word_1_2' title='bbox 703 239 744 301; x_wconf 86' lang='lat' dir='ltr'>X.</span> <span class='ocrx_word' id='word_1_3' title='bbox 785 239 845 301; x_wconf 82' lang='grc' dir='ltr'>ΕΡ.</span> <span class='ocrx_word' id='word_1_4' title='bbox 865 241 896 303; x_wconf 80' lang='lat' dir='ltr'>l.</span> <span class='ocrx_word' id='word_1_5' title='bbox 919 239 949 300; x_wconf 87' lang='grc'>5.</span> <span class='ocrx_word' id='word_1_6' title='bbox 970 238 1001 300; x_wconf 83' lang='grc'>6.</span> <span class='ocrx_word' id='word_1_7' title='bbox 1400 242 1459 302; x_wconf 82' lang='grc'>167</span> 
     </span>
    </p>
   </div>
   <div class='ocr_carea' id='block_1_2' title="bbox 90 387 1496 1783">
    <p class='ocr_par' dir='ltr' id='par_1_2' title="bbox 90 387 1496 1783">
     <span class='ocr_line' id='line_1_2' title="bbox 145 387 1459 478; baseline 0.005 -26"><span class='ocrx_word' id='word_1_8' title='bbox 145 387 319 454; x_wconf 78' lang='lat' dir='ltr'><strong>accedebat.</strong></span> <span class='ocrx_word' id='word_1_9' title='bbox 378 388 484 477; x_wconf 83' lang='lat' dir='ltr'>ltaque</span> <span class='ocrx_word' id='word_1_10' title='bbox 512 402 543 456; x_wconf 91' lang='lat' dir='ltr'>te</span> <span class='ocrx_word' id='word_1_11' title='bbox 569 414 633 458; x_wconf 92' lang='lat' dir='ltr'>non</span> <span class='ocrx_word' id='word_1_12' title='bbox 660 394 770 459; x_wconf 92' lang='lat' dir='ltr'>bortor</span> <span class='ocrx_word' id='word_1_13' title='bbox 791 394 912 467; x_wconf 89' lang='lat' dir='ltr'>solum,</span> <span class='ocrx_word' id='word_1_14' title='bbox 949 394 992 456; x_wconf 90' lang='lat' dir='ltr'>mi</span> <span class='ocrx_word' id='word_1_15' title='bbox 1015 395 1145 468; x_wconf 80' lang='lat' dir='ltr'>Plance,</span> <span class='ocrx_word' id='word_1_16' title='bbox 1178 393 1233 458; x_wconf 90' lang='lat' dir='ltr'>scd</span> <span class='ocrx_word' id='word_1_17' title='bbox 1255 394 1344 478; x_wconf 90' lang='lat' dir='ltr'>plane</span> <span class='ocrx_word' id='word_1_18' title='bbox 1366 395 1459 460; x_wconf 89' lang='lat' dir='ltr'>etiam</span> 
     </span>
     <span class='ocr_line' id='line_1_3' title="bbox 146 483 1459 574; baseline 0.004 -27"><span class='ocrx_word' id='word_1_19' title='bbox 146 503 222 556; x_wconf 88' lang='lat' dir='ltr'>oro,</span> <span class='ocrx_word' id='word_1_20' title='bbox 254 483 341 569; x_wconf 91' lang='lat' dir='ltr'>quod</span> <span class='ocrx_word' id='word_1_21' title='bbox 362 484 422 548; x_wconf 87' lang='lat' dir='ltr'>leci</span> <span class='ocrx_word' id='word_1_22' title='bbox 451 485 488 549; x_wconf 88' lang='lat' dir='ltr'>iis</span> <span class='ocrx_word' id='word_1_23' title='bbox 511 486 638 559; x_wconf 87' lang='lat' dir='ltr'>litteris,</span> <span class='ocrx_word' id='word_1_24' title='bbox 675 487 789 574; x_wconf 91' lang='lat' dir='ltr'>quibus</span> <span class='ocrx_word' id='word_1_25' title='bbox 811 495 844 550; x_wconf 93' lang='lat' dir='ltr'>tu</span> <span class='ocrx_word' id='word_1_26' title='bbox 866 487 1087 551; x_wconf 84' lang='lat' dir='ltr'>humanissime</span> <span class='ocrx_word' id='word_1_27' title='bbox 1112 487 1317 573; x_wconf 89' lang='lat' dir='ltr'>respondisti,</span> <span class='ocrx_word' id='word_1_28' title='bbox 1342 497 1374 551; x_wconf 91' lang='lat' dir='ltr'>ut</span> <span class='ocrx_word' id='word_1_29' title='bbox 1397 495 1459 552; x_wconf 88' lang='lat' dir='ltr'>tola</span> 
     </span>
     <span class='ocr_line' id='line_1_4' title="bbox 144 577 1459 666; baseline 0.004 -26"><span class='ocrx_word' id='word_1_30' title='bbox 144 587 248 640; x_wconf 87' lang='lat' dir='ltr'>mente</span> <span class='ocrx_word' id='word_1_31' title='bbox 276 577 424 664; x_wconf 88' lang='lat' dir='ltr'>omnique</span> <span class='ocrx_word' id='word_1_32' title='bbox 457 580 553 643; x_wconf 92' lang='lat' dir='ltr'>animi</span> <span class='ocrx_word' id='word_1_33' title='bbox 581 581 697 666; x_wconf 91' lang='lat' dir='ltr'>impetu</span> <span class='ocrx_word' id='word_1_34' title='bbox 730 581 761 644; x_wconf 93' lang='lat' dir='ltr'>in</span> <span class='ocrx_word' id='word_1_35' title='bbox 790 601 857 644; x_wconf 91' lang='lat' dir='ltr'>rem</span> <span class='ocrx_word' id='word_1_36' title='bbox 891 579 1048 664; x_wconf 80' lang='lat' dir='ltr'>publicam</span> <span class='ocrx_word' id='word_1_37' title='bbox 1075 580 1244 644; x_wconf 81' lang='lat' dir='ltr'><strong>incumbas.</strong></span> <span class='ocrx_word' id='word_1_38' title='bbox 1297 581 1377 645; x_wconf 82' lang='lat' dir='ltr'>llibil</span> <span class='ocrx_word' id='word_1_39' title='bbox 1399 589 1459 655; x_wconf 90' lang='lat' dir='ltr'>cst,</span> 
     </span>
     <span class='ocr_line' id='line_1_5' title="bbox 145 669 1461 760; baseline 0.005 -27"><span class='ocrx_word' id='word_1_40' title='bbox 145 670 229 756; x_wconf 94' lang='lat' dir='ltr'>quod</span> <span class='ocrx_word' id='word_1_41' title='bbox 252 669 307 734; x_wconf 89' lang='lat' dir='ltr'>tibi</span> <span class='ocrx_word' id='word_1_42' title='bbox 330 673 441 736; x_wconf 89' lang='lat' dir='ltr'>maiori</span> <span class='ocrx_word' id='word_1_43' title='bbox 463 672 577 738; x_wconf 79' lang='lat' dir='ltr'>fructui</span> <span class='ocrx_word' id='word_1_44' title='bbox 601 674 779 760; x_wconf 80' lang='lat' dir='ltr'>gloriaeque</span> <span class='ocrx_word' id='word_1_45' title='bbox 802 695 869 738; x_wconf 89' lang='lat' dir='ltr'>esse</span> <span class='ocrx_word' id='word_1_46' title='bbox 891 673 1003 758; x_wconf 86' lang='lat' dir='ltr'>possit;</span> <span class='ocrx_word' id='word_1_47' title='bbox 1028 695 1085 737; x_wconf 92' lang='lat' dir='ltr'>nec</span> <span class='ocrx_word' id='word_1_48' title='bbox 1107 674 1276 759; x_wconf 85' lang='lat' dir='ltr'>quidquam</span> <span class='ocrx_word' id='word_1_49' title='bbox 1298 694 1339 736; x_wconf 85' lang='lat' dir='ltr'>ex</span> <span class='ocrx_word' id='word_1_50' title='bbox 1361 673 1461 739; x_wconf 90' lang='lat' dir='ltr'>omni·</span> 
     </span>
     <span class='ocr_line' id='line_1_6' title="bbox 145 762 1484 854; baseline 0.001 -28"><span class='ocrx_word' id='word_1_51' title='bbox 145 762 203 826; x_wconf 91' lang='lat' dir='ltr'>bus</span> <span class='ocrx_word' id='word_1_52' title='bbox 224 763 319 828; x_wconf 93' lang='lat' dir='ltr'>rebus</span> <span class='ocrx_word' id='word_1_53' title='bbox 342 764 483 830; x_wconf 90' lang='lat' dir='ltr'>humanis</span> <span class='ocrx_word' id='word_1_54' title='bbox 505 776 553 830; x_wconf 88' lang='lat' dir='ltr'>est</span> <span class='ocrx_word' id='word_1_55' title='bbox 580 768 769 852; x_wconf 89' lang='lat' dir='ltr'>praeclarius</span> <span class='ocrx_word' id='word_1_56' title='bbox 797 776 852 831; x_wconf 91' lang='lat' dir='ltr'>aut</span> <span class='ocrx_word' id='word_1_57' title='bbox 872 768 1078 852; x_wconf 80' lang='lat' dir='ltr'>praestantius</span> <span class='ocrx_word' id='word_1_58' title='bbox 1103 790 1196 854; x_wconf 92' lang='lat' dir='ltr'>quam</span> <span class='ocrx_word' id='word_1_59' title='bbox 1218 767 1257 832; x_wconf 91' lang='lat' dir='ltr'>de</span> <span class='ocrx_word' id='word_1_60' title='bbox 1278 788 1313 830; x_wconf 90' lang='lat' dir='ltr'>re</span> <span class='ocrx_word' id='word_1_61' title='bbox 1336 765 1484 852; x_wconf 77' lang='lat' dir='ltr'>publicas</span> 
     </span>
     <span class='ocr_line' id='line_1_7' title="bbox 145 855 1461 945; baseline 0.005 -27"><span class='ocrx_word' id='word_1_62' title='bbox 145 855 222 919; x_wconf 88' lang='lat' dir='ltr'>benc</span> <span class='ocrx_word' id='word_1_63' title='bbox 245 859 370 922; x_wconf 89' lang='lat' dir='ltr'>mereri.</span> <span class='ocrx_word' id='word_1_64' title='bbox 413 861 443 923; x_wconf 89' lang='lat'>3.</span> <span class='ocrx_word' id='word_1_65' title='bbox 466 859 573 924; x_wconf 70' lang='lat' dir='ltr'>Adbuc</span> <span class='ocrx_word' id='word_1_66' title='bbox 595 860 676 923; x_wconf 92' lang='lat' dir='ltr'>enim</span> <span class='ocrx_word' id='word_1_67' title='bbox 694 860 863 944; x_wconf 87' lang='lat' dir='ltr'>—patitur</span> <span class='ocrx_word' id='word_1_68' title='bbox 885 868 937 923; x_wconf 92' lang='lat' dir='ltr'>tua</span> <span class='ocrx_word' id='word_1_69' title='bbox 960 881 1078 923; x_wconf 85' lang='lat' dir='ltr'>summa</span> <span class='ocrx_word' id='word_1_70' title='bbox 1094 859 1266 924; x_wconf 88' lang='lat' dir='ltr'>humanitas</span> <span class='ocrx_word' id='word_1_71' title='bbox 1288 868 1319 923; x_wconf 92' lang='lat' dir='ltr'>et</span> <span class='ocrx_word' id='word_1_72' title='bbox 1340 860 1461 945; x_wconf 88' lang='lat' dir='ltr'>sapien-</span> 
     </span>
     <span class='ocr_line' id='line_1_8' title="bbox 145 950 1460 1037; baseline 0.006 -25"><span class='ocrx_word' id='word_1_73' title='bbox 145 950 185 1013; x_wconf 88' lang='lat' dir='ltr'>tia</span> <span class='ocrx_word' id='word_1_74' title='bbox 213 972 278 1023; x_wconf 91' lang='lat' dir='ltr'>me,</span> <span class='ocrx_word' id='word_1_75' title='bbox 313 952 398 1036; x_wconf 93' lang='lat' dir='ltr'>quod</span> <span class='ocrx_word' id='word_1_76' title='bbox 420 953 566 1025; x_wconf 90' lang='lat' dir='ltr'>sentiam,</span> <span class='ocrx_word' id='word_1_77' title='bbox 604 952 701 1017; x_wconf 90' lang='lat' dir='ltr'>libere</span> <span class='ocrx_word' id='word_1_78' title='bbox 724 952 827 1018; x_wconf 88' lang='lat' dir='ltr'>dicere</span> <span class='ocrx_word' id='word_1_79' title='bbox 850 990 889 1001; x_wconf 90' lang='lat'>—</span> <span class='ocrx_word' id='word_1_80' title='bbox 912 953 1035 1017; x_wconf 83' lang='lat' dir='ltr'>fortuna</span> <span class='ocrx_word' id='word_1_81' title='bbox 1064 954 1251 1037; x_wconf 85' lang='lat' dir='ltr'>sullraganle</span> <span class='ocrx_word' id='word_1_82' title='bbox 1274 954 1387 1018; x_wconf 90' lang='lat' dir='ltr'>videris</span> <span class='ocrx_word' id='word_1_83' title='bbox 1409 976 1460 1020; x_wconf 88' lang='lat' dir='ltr'>res</span> 
     </span>
     <span class='ocr_line' id='line_1_9' title="bbox 90 1042 1459 1132; baseline 0.006 -26"><span class='ocrx_word' id='word_1_84' title='bbox 90 1042 94 1048; x_wconf 79' lang='grc'><strong>’</strong></span> <span class='ocrx_word' id='word_1_85' title='bbox 145 1044 296 1108; x_wconf 82' lang='lat' dir='ltr'>maximas</span> <span class='ocrx_word' id='word_1_86' title='bbox 317 1056 517 1117; x_wconf 86' lang='lat' dir='ltr'>consecutus:</span> <span class='ocrx_word' id='word_1_87' title='bbox 540 1045 627 1131; x_wconf 93' lang='lat' dir='ltr'>quod</span> <span class='ocrx_word' id='word_1_88' title='bbox 645 1068 834 1132; x_wconf 89' lang='lat' dir='ltr'>quamquam</span> <span class='ocrx_word' id='word_1_89' title='bbox 856 1047 922 1111; x_wconf 89' lang='lat' dir='ltr'>sine</span> <span class='ocrx_word' id='word_1_90' title='bbox 944 1047 1058 1110; x_wconf 80' lang='lat' dir='ltr'>virtute</span> <span class='ocrx_word' id='word_1_91' title='bbox 1081 1067 1142 1109; x_wconf 91' lang='lat' dir='ltr'>non</span> <span class='ocrx_word' id='word_1_92' title='bbox 1166 1054 1334 1130; x_wconf 86' lang='lat' dir='ltr'>potuisses,</span> <span class='ocrx_word' id='word_1_93' title='bbox 1358 1060 1459 1114; x_wconf 90' lang='lat' dir='ltr'>tamen</span> 
     </span>
     <span class='ocr_line' id='line_1_10' title="bbox 144 1138 1460 1225; baseline 0.005 -25"><span class='ocrx_word' id='word_1_94' title='bbox 144 1158 185 1200; x_wconf 81' lang='lat' dir='ltr'>cx</span> <span class='ocrx_word' id='word_1_95' title='bbox 207 1138 341 1202; x_wconf 80' lang='lat' dir='ltr'>maxima</span> <span class='ocrx_word' id='word_1_96' title='bbox 364 1149 451 1222; x_wconf 90' lang='lat' dir='ltr'>parte</span> <span class='ocrx_word' id='word_1_97' title='bbox 473 1161 525 1211; x_wconf 90' lang='lat' dir='ltr'>ea,</span> <span class='ocrx_word' id='word_1_98' title='bbox 549 1160 628 1225; x_wconf 91' lang='lat' dir='ltr'>quae</span> <span class='ocrx_word' id='word_1_99' title='bbox 650 1160 684 1203; x_wconf 91' lang='lat' dir='ltr'>es</span> <span class='ocrx_word' id='word_1_100' title='bbox 705 1139 850 1224; x_wconf 87' lang='lat' dir='ltr'>adeptus,</span> <span class='ocrx_word' id='word_1_101' title='bbox 873 1139 1016 1203; x_wconf 90' lang='lat' dir='ltr'>lortunae</span> <span class='ocrx_word' id='word_1_102' title='bbox 1037 1139 1293 1225; x_wconf 78' lang='lat' dir='ltr'>temporibusque</span> <span class='ocrx_word' id='word_1_103' title='bbox 1317 1141 1460 1207; x_wconf 90' lang='lat' dir='ltr'>tribuun-</span> 
     </span>
     <span class='ocr_line' id='line_1_11' title="bbox 145 1231 1496 1319; baseline 0.005 -25"><span class='ocrx_word' id='word_1_104' title='bbox 145 1241 211 1295; x_wconf 89' lang='lat' dir='ltr'>tur:</span> <span class='ocrx_word' id='word_1_105' title='bbox 236 1231 283 1295; x_wconf 91' lang='lat' dir='ltr'>bis</span> <span class='ocrx_word' id='word_1_106' title='bbox 304 1232 499 1317; x_wconf 81' lang='lat' dir='ltr'>temporibus</span> <span class='ocrx_word' id='word_1_107' title='bbox 520 1233 709 1298; x_wconf 84' lang='lat' dir='ltr'>difficillimis</span> <span class='ocrx_word' id='word_1_108' title='bbox 732 1233 778 1297; x_wconf 89' lang='lat' dir='ltr'>roi</span> <span class='ocrx_word' id='word_1_109' title='bbox 801 1233 942 1318; x_wconf 88' lang='lat' dir='ltr'>publicae</span> <span class='ocrx_word' id='word_1_110' title='bbox 958 1232 1108 1319; x_wconf 92' lang='lat' dir='ltr'>quidquid</span> <span class='ocrx_word' id='word_1_111' title='bbox 1123 1232 1323 1305; x_wconf 87' lang='lat' dir='ltr'>subveneris,</span> <span class='ocrx_word' id='word_1_112' title='bbox 1346 1235 1378 1299; x_wconf 93' lang='lat' dir='ltr'>id</span> <span class='ocrx_word' id='word_1_113' title='bbox 1399 1237 1460 1302; x_wconf 90' lang='lat' dir='ltr'>erit</span> <span class='ocrx_word' id='word_1_114' title='bbox 1472 1257 1496 1294; x_wconf 83' lang='grc' dir='ltr'>ιο</span> 
     </span>
     <span class='ocr_line' id='line_1_12' title="bbox 145 1326 1459 1412; baseline 0.006 -26"><span class='ocrx_word' id='word_1_115' title='bbox 145 1334 243 1388; x_wconf 88' lang='lat' dir='ltr'>totum</span> <span class='ocrx_word' id='word_1_116' title='bbox 277 1335 309 1390; x_wconf 90' lang='lat' dir='ltr'>ot</span> <span class='ocrx_word' id='word_1_117' title='bbox 339 1328 503 1412; x_wconf 91' lang='lat' dir='ltr'>proprium</span> <span class='ocrx_word' id='word_1_118' title='bbox 537 1337 633 1391; x_wconf 91' lang='lat' dir='ltr'>tuurn.</span> <span class='ocrx_word' id='word_1_119' title='bbox 687 1326 872 1391; x_wconf 84' lang='lat' dir='ltr'>Incredibile</span> <span class='ocrx_word' id='word_1_120' title='bbox 906 1336 953 1391; x_wconf 90' lang='lat' dir='ltr'>est</span> <span class='ocrx_word' id='word_1_121' title='bbox 974 1327 1112 1391; x_wconf 89' lang='lat' dir='ltr'>omnium</span> <span class='ocrx_word' id='word_1_122' title='bbox 1134 1326 1264 1399; x_wconf 85' lang='lat' dir='ltr'>civium,</span> <span class='ocrx_word' id='word_1_123' title='bbox 1287 1327 1459 1394; x_wconf 87' lang='lat' dir='ltr'>latronibus</span> 
     </span>
     <span class='ocr_line' id='line_1_13' title="bbox 146 1418 1458 1506; baseline 0.005 -27"><span class='ocrx_word' id='word_1_124' title='bbox 146 1418 298 1502; x_wconf 84' lang='lat' dir='ltr'>exceptis,</span> <span class='ocrx_word' id='word_1_125' title='bbox 328 1418 435 1485; x_wconf 90' lang='lat' dir='ltr'>odium</span> <span class='ocrx_word' id='word_1_126' title='bbox 464 1421 496 1485; x_wconf 92' lang='lat' dir='ltr'>in</span> <span class='ocrx_word' id='word_1_127' title='bbox 528 1420 714 1495; x_wconf 76' lang='lat' dir='ltr'>Antonium3</span> <span class='ocrx_word' id='word_1_128' title='bbox 752 1441 861 1504; x_wconf 88' lang='lat' dir='ltr'>magna</span> <span class='ocrx_word' id='word_1_129' title='bbox 894 1441 965 1506; x_wconf 88' lang='lat' dir='ltr'>spes</span> <span class='ocrx_word' id='word_1_130' title='bbox 997 1420 1029 1484; x_wconf 91' lang='lat' dir='ltr'>in</span> <span class='ocrx_word' id='word_1_131' title='bbox 1057 1429 1086 1482; x_wconf 90' lang='lat' dir='ltr'>te</span> <span class='ocrx_word' id='word_1_132' title='bbox 1116 1419 1201 1483; x_wconf 91' lang='lat' dir='ltr'>etin</span> <span class='ocrx_word' id='word_1_133' title='bbox 1223 1431 1278 1484; x_wconf 88' lang='lat' dir='ltr'>tuo</span> <span class='ocrx_word' id='word_1_134' title='bbox 1300 1421 1458 1495; x_wconf 87' lang='lat' dir='ltr'>exercitu,</span> 
     </span>
     <span class='ocr_line' id='line_1_14' title="bbox 144 1512 1459 1599; baseline 0.005 -27"><span class='ocrx_word' id='word_1_135' title='bbox 144 1531 254 1593; x_wconf 86' lang='lat' dir='ltr'>magna</span> <span class='ocrx_word' id='word_1_136' title='bbox 283 1514 484 1598; x_wconf 76' lang='lat' dir='ltr'>exspectatio·</span> <span class='ocrx_word' id='word_1_137' title='bbox 542 1515 654 1586; x_wconf 90' lang='lat' dir='ltr'>Cuius,</span> <span class='ocrx_word' id='word_1_138' title='bbox 691 1534 750 1599; x_wconf 84' lang='lat' dir='ltr'>per</span> <span class='ocrx_word' id='word_1_139' title='bbox 771 1512 861 1577; x_wconf 91' lang='lat' dir='ltr'>deosl</span> <span class='ocrx_word' id='word_1_140' title='bbox 897 1513 1014 1598; x_wconf 90' lang='lat' dir='ltr'>gratiae</span> <span class='ocrx_word' id='word_1_141' title='bbox 1036 1513 1217 1597; x_wconf 81' lang='lat' dir='ltr'>gloriaeque</span> <span class='ocrx_word' id='word_1_142' title='bbox 1240 1533 1313 1576; x_wconf 86' lang='lat' dir='ltr'>cave</span> <span class='ocrx_word' id='word_1_143' title='bbox 1337 1521 1459 1597; x_wconf 85' lang='lat' dir='ltr'>tempus</span> 
     </span>
     <span class='ocr_line' id='line_1_15' title="bbox 145 1603 1460 1682; baseline 0.005 -16"><span class='ocrx_word' id='word_1_144' title='bbox 145 1603 273 1669; x_wconf 90' lang='lat' dir='ltr'>amittas.</span> <span class='ocrx_word' id='word_1_145' title='bbox 324 1607 375 1670; x_wconf 86' lang='lat' dir='ltr'>Sic</span> <span class='ocrx_word' id='word_1_146' title='bbox 395 1628 525 1679; x_wconf 88' lang='lat' dir='ltr'>moneo,</span> <span class='ocrx_word' id='word_1_147' title='bbox 563 1616 598 1672; x_wconf 92' lang='lat' dir='ltr'>ut</span> <span class='ocrx_word' id='word_1_148' title='bbox 619 1606 733 1680; x_wconf 88' lang='lat' dir='ltr'>lilium;</span> <span class='ocrx_word' id='word_1_149' title='bbox 767 1607 812 1671; x_wconf 92' lang='lat' dir='ltr'>sic</span> <span class='ocrx_word' id='word_1_150' title='bbox 832 1606 940 1679; x_wconf 87' lang='lat' dir='ltr'>laveo,</span> <span class='ocrx_word' id='word_1_151' title='bbox 966 1614 1001 1672; x_wconf 93' lang='lat' dir='ltr'>ut</span> <span class='ocrx_word' id='word_1_152' title='bbox 1023 1606 1119 1682; x_wconf 87' lang='lat' dir='ltr'>mibi;</span> <span class='ocrx_word' id='word_1_153' title='bbox 1152 1605 1197 1670; x_wconf 89' lang='lat' dir='ltr'>sic</span> <span class='ocrx_word' id='word_1_154' title='bbox 1219 1604 1349 1678; x_wconf 91' lang='lat' dir='ltr'>hortor,</span> <span class='ocrx_word' id='word_1_155' title='bbox 1372 1615 1460 1672; x_wconf 90' lang='lat' dir='ltr'>utet</span> 
     </span>
     <span class='ocr_line' id='line_1_16' title="bbox 145 1699 1496 1783; baseline 0.006 -20"><span class='ocrx_word' id='word_1_156' title='bbox 145 1717 203 1782; x_wconf 91' lang='lat' dir='ltr'>pro</span> <span class='ocrx_word' id='word_1_157' title='bbox 225 1699 324 1783; x_wconf 84' lang='lat' dir='ltr'>patria</span> <span class='ocrx_word' id='word_1_158' title='bbox 346 1709 377 1764; x_wconf 88' lang='lat' dir='ltr'>et</span> <span class='ocrx_word' id='word_1_159' title='bbox 398 1700 631 1765; x_wconf 88' lang='lat' dir='ltr'>amicissimum.</span> <span class='ocrx_word' id='word_1_160' title='bbox 1471 1719 1496 1757; x_wconf 71' lang='lat'>¹³</span> 
     </span>
    </p>
   </div>
   <div class='ocr_carea' id='block_1_3' title="bbox 627 1920 972 2006">
    <p class='ocr_par' dir='ltr' id='par_1_3' title="bbox 627 1920 972 2006">
     <span class='ocr_line' id='line_1_17' title="bbox 627 1920 972 2006; baseline 0.006 -21"><span class='ocrx_word' id='word_1_161' title='bbox 627 1927 673 1988; x_wconf 82' lang='lat' dir='ltr'>u.</span> <span class='ocrx_word' id='word_1_162' title='bbox 704 1922 752 2005; x_wconf 78' lang='lat' dir='ltr'>(A.</span> <span class='ocrx_word' id='word_1_163' title='bbox 778 1925 809 1988; x_wconf 88' lang='lat' dir='ltr'>u</span> <span class='ocrx_word' id='word_1_164' title='bbox 833 1925 864 1987; x_wconf 88' lang='lat' dir='ltr'>c.</span> <span class='ocrx_word' id='word_1_165' title='bbox 887 1920 972 2006; x_wconf 84' lang='lat'><strong>711.)</strong></span> 
     </span>
    </p>
   </div>
   <div class='ocr_carea' id='block_1_4' title="bbox 636 2063 963 2130">
    <p class='ocr_par' dir='ltr' id='par_1_4' title="bbox 636 2063 963 2130">
     <span class='ocr_line' id='line_1_18' title="bbox 636 2063 963 2130; baseline -0.015 0"><span class='ocrx_word' id='word_1_166' title='bbox 636 2065 778 2130; x_wconf 85' lang='lat' dir='ltr'><strong>CICERO</strong></span> <span class='ocrx_word' id='word_1_167' title='bbox 800 2063 963 2128; x_wconf 80' lang='lat' dir='ltr'>PLANCO.</span> 
     </span>
    </p>
   </div>
   <div class='ocr_carea' id='block_1_5' title="bbox 123 2182 1496 3203">
    <p class='ocr_par' dir='ltr' id='par_1_5' title="bbox 123 2182 1496 3203">
     <span class='ocr_line' id='line_1_19' title="bbox 230 2182 1457 2268; baseline 0.006 -24"><span class='ocrx_word' id='word_1_168' title='bbox 230 2184 258 2244; x_wconf 93' lang='lat' dir='ltr'>l.</span> <span class='ocrx_word' id='word_1_169' title='bbox 280 2183 369 2257; x_wconf 88' lang='lat' dir='ltr'>Quae</span> <span class='ocrx_word' id='word_1_170' title='bbox 391 2182 512 2247; x_wconf 91' lang='lat' dir='ltr'>locutus</span> <span class='ocrx_word' id='word_1_171' title='bbox 534 2192 581 2248; x_wconf 89' lang='lat' dir='ltr'>est</span> <span class='ocrx_word' id='word_1_172' title='bbox 602 2185 735 2249; x_wconf 90' lang='lat' dir='ltr'>Furnius</span> <span class='ocrx_word' id='word_1_173' title='bbox 757 2192 864 2249; x_wconf 87' lang='lat' dir='ltr'>noster</span> <span class='ocrx_word' id='word_1_174' title='bbox 885 2183 923 2248; x_wconf 89' lang='lat' dir='ltr'>de</span> <span class='ocrx_word' id='word_1_175' title='bbox 945 2183 1051 2248; x_wconf 91' lang='lat' dir='ltr'>animo</span> <span class='ocrx_word' id='word_1_176' title='bbox 1072 2191 1127 2248; x_wconf 93' lang='lat' dir='ltr'>tuo</span> <span class='ocrx_word' id='word_1_177' title='bbox 1148 2183 1179 2248; x_wconf 90' lang='lat' dir='ltr'>in</span> <span class='ocrx_word' id='word_1_178' title='bbox 1201 2204 1269 2249; x_wconf 87' lang='lat' dir='ltr'>rem</span> <span class='ocrx_word' id='word_1_179' title='bbox 1291 2183 1457 2268; x_wconf 89' lang='lat' dir='ltr'>publicam,</span> 
     </span>
     <span class='ocr_line' id='line_1_20' title="bbox 143 2276 1458 2363; baseline 0.002 -23"><span class='ocrx_word' id='word_1_180' title='bbox 143 2297 180 2340; x_wconf 91' lang='lat' dir='ltr'>ea</span> <span class='ocrx_word' id='word_1_181' title='bbox 212 2276 385 2359; x_wconf 89' lang='lat' dir='ltr'>gratissima</span> <span class='ocrx_word' id='word_1_182' title='bbox 415 2276 540 2341; x_wconf 89' lang='lat' dir='ltr'>luerunt</span> <span class='ocrx_word' id='word_1_183' title='bbox 571 2279 691 2342; x_wconf 89' lang='lat' dir='ltr'>senatui</span> <span class='ocrx_word' id='word_1_184' title='bbox 723 2277 903 2363; x_wconf 89' lang='lat' dir='ltr'>populoque</span> <span class='ocrx_word' id='word_1_185' title='bbox 936 2282 1075 2341; x_wconf 84' lang='lat' dir='ltr'>llomauo</span> <span class='ocrx_word' id='word_1_186' title='bbox 1110 2276 1343 2362; x_wconf 90' lang='lat' dir='ltr'>probatissima;</span> <span class='ocrx_word' id='word_1_187' title='bbox 1378 2299 1458 2363; x_wconf 90' lang='lat' dir='ltr'>quae</span> 
     </span>
     <span class='ocr_line' id='line_1_21' title="bbox 144 2370 1495 2456; baseline 0.003 -23"><span class='ocrx_word' id='word_1_188' title='bbox 144 2379 245 2433; x_wconf 90' lang='lat' dir='ltr'>autem</span> <span class='ocrx_word' id='word_1_189' title='bbox 267 2371 414 2434; x_wconf 89' lang='lat' dir='ltr'>recitatae</span> <span class='ocrx_word' id='word_1_190' title='bbox 436 2370 558 2435; x_wconf 88' lang='lat' dir='ltr'>litterae</span> <span class='ocrx_word' id='word_1_191' title='bbox 578 2382 648 2436; x_wconf 91' lang='lat' dir='ltr'>sunt</span> <span class='ocrx_word' id='word_1_192' title='bbox 675 2372 846 2444; x_wconf 79' lang='lat' dir='ltr'>insanam,</span> <span class='ocrx_word' id='word_1_193' title='bbox 870 2390 1064 2456; x_wconf 88' lang='lat' dir='ltr'>nequaquam</span> <span class='ocrx_word' id='word_1_194' title='bbox 1080 2371 1256 2435; x_wconf 89' lang='lat' dir='ltr'>consentire</span> <span class='ocrx_word' id='word_1_195' title='bbox 1271 2392 1342 2435; x_wconf 90' lang='lat' dir='ltr'>cum</span> <span class='ocrx_word' id='word_1_196' title='bbox 1352 2372 1495 2437; x_wconf 74' lang='lat' dir='ltr'>ruratio</span> 
     </span>
     <span class='ocr_line' id='line_1_22' title="bbox 143 2462 1459 2548; baseline 0.004 -22"><span class='ocrx_word' id='word_1_197' title='bbox 143 2462 284 2526; x_wconf 88' lang='lat' dir='ltr'>oratione</span> <span class='ocrx_word' id='word_1_198' title='bbox 306 2468 390 2526; x_wconf 88' lang='lat' dir='ltr'>visae</span> <span class='ocrx_word' id='word_1_199' title='bbox 412 2475 492 2530; x_wconf 91' lang='lat' dir='ltr'>sunt.</span> <span class='ocrx_word' id='word_1_200' title='bbox 535 2465 621 2528; x_wconf 86' lang='lat' dir='ltr'>Pacis</span> <span class='ocrx_word' id='word_1_201' title='bbox 643 2473 726 2528; x_wconf 85' lang='lat' dir='ltr'>enim</span> <span class='ocrx_word' id='word_1_202' title='bbox 747 2474 857 2528; x_wconf 88' lang='lat' dir='ltr'>auctor</span> <span class='ocrx_word' id='word_1_203' title='bbox 878 2484 967 2537; x_wconf 89' lang='lat' dir='ltr'>eras,</span> <span class='ocrx_word' id='word_1_204' title='bbox 989 2484 1061 2528; x_wconf 91' lang='lat' dir='ltr'>curn</span> <span class='ocrx_word' id='word_1_205' title='bbox 1082 2464 1201 2548; x_wconf 78' lang='lat' dir='ltr'>collega</span> <span class='ocrx_word' id='word_1_206' title='bbox 1221 2475 1306 2538; x_wconf 92' lang='lat' dir='ltr'>tuus,</span> <span class='ocrx_word' id='word_1_207' title='bbox 1329 2466 1379 2529; x_wconf 90' lang='lat' dir='ltr'>vir</span> <span class='ocrx_word' id='word_1_208' title='bbox 1398 2467 1459 2531; x_wconf 88' lang='lat' dir='ltr'>cla-</span> 
     </span>
     <span class='ocr_line' id='line_1_23' title="bbox 143 2555 1459 2643; baseline 0.001 -23"><span class='ocrx_word' id='word_1_209' title='bbox 143 2555 302 2629; x_wconf 78' lang='lat' dir='ltr'>tissimus,</span> <span class='ocrx_word' id='word_1_210' title='bbox 332 2579 349 2620; x_wconf 89' lang='lat' dir='ltr'>a</span> <span class='ocrx_word' id='word_1_211' title='bbox 371 2557 558 2623; x_wconf 79' lang='lat' dir='ltr'>foedissimis</span> <span class='ocrx_word' id='word_1_212' title='bbox 580 2557 752 2623; x_wconf 86' lang='lat' dir='ltr'>latronibus</span> <span class='ocrx_word' id='word_1_213' title='bbox 773 2555 987 2630; x_wconf 88' lang='lat' dir='ltr'>obsideretur;</span> <span class='ocrx_word' id='word_1_214' title='bbox 1009 2555 1064 2641; x_wconf 89' lang='lat' dir='ltr'>qui</span> <span class='ocrx_word' id='word_1_215' title='bbox 1085 2565 1139 2619; x_wconf 90' lang='lat' dir='ltr'>aut</span> <span class='ocrx_word' id='word_1_216' title='bbox 1158 2557 1268 2641; x_wconf 89' lang='lat' dir='ltr'>positis</span> <span class='ocrx_word' id='word_1_217' title='bbox 1289 2557 1384 2621; x_wconf 89' lang='lat' dir='ltr'>armis</span> <span class='ocrx_word' id='word_1_218' title='bbox 1404 2578 1459 2643; x_wconf 94' lang='lat' dir='ltr'>pa·</span> 
     </span>
     <span class='ocr_line' id='line_1_24' title="bbox 142 2647 1458 2736; baseline 0.001 -22"><span class='ocrx_word' id='word_1_219' title='bbox 142 2671 209 2714; x_wconf 88' lang='lat' dir='ltr'>cem</span> <span class='ocrx_word' id='word_1_220' title='bbox 232 2658 339 2733; x_wconf 87' lang='lat' dir='ltr'>petere</span> <span class='ocrx_word' id='word_1_221' title='bbox 361 2649 491 2721; x_wconf 90' lang='lat' dir='ltr'>debent,</span> <span class='ocrx_word' id='word_1_222' title='bbox 513 2662 581 2724; x_wconf 85' lang='lat' dir='ltr'>aut,</span> <span class='ocrx_word' id='word_1_223' title='bbox 617 2652 644 2715; x_wconf 91' lang='lat' dir='ltr'>si</span> <span class='ocrx_word' id='word_1_224' title='bbox 666 2658 837 2736; x_wconf 86' lang='lat' dir='ltr'>pugnantes</span> <span class='ocrx_word' id='word_1_225' title='bbox 859 2669 928 2712; x_wconf 88' lang='lat' dir='ltr'>cam</span> <span class='ocrx_word' id='word_1_226' title='bbox 949 2647 1123 2732; x_wconf 90' lang='lat' dir='ltr'>postulant,</span> <span class='ocrx_word' id='word_1_227' title='bbox 1145 2649 1275 2714; x_wconf 84' lang='lat' dir='ltr'>victoria</span> <span class='ocrx_word' id='word_1_228' title='bbox 1296 2670 1373 2735; x_wconf 80' lang='lat' dir='ltr'>pax,</span> <span class='ocrx_word' id='word_1_229' title='bbox 1396 2671 1458 2715; x_wconf 91' lang='lat' dir='ltr'>non</span> 
     </span>
     <span class='ocr_line' id='line_1_25' title="bbox 123 2740 1457 2831; baseline 0.001 -25"><span class='ocrx_word' id='word_1_230' title='bbox 123 2742 283 2831; x_wconf 64' lang='lat' dir='ltr'>⁶pactione</span> <span class='ocrx_word' id='word_1_231' title='bbox 312 2743 460 2827; x_wconf 92' lang='lat' dir='ltr'>parienda</span> <span class='ocrx_word' id='word_1_232' title='bbox 488 2755 545 2809; x_wconf 92' lang='lat' dir='ltr'>est.</span> <span class='ocrx_word' id='word_1_233' title='bbox 603 2743 664 2808; x_wconf 90' lang='lat' dir='ltr'>Sed</span> <span class='ocrx_word' id='word_1_234' title='bbox 692 2742 729 2807; x_wconf 92' lang='lat' dir='ltr'>de</span> <span class='ocrx_word' id='word_1_235' title='bbox 752 2763 826 2828; x_wconf 87' lang='lat' dir='ltr'>pace</span> <span class='ocrx_word' id='word_1_236' title='bbox 848 2742 968 2806; x_wconf 90' lang='lat' dir='ltr'>litterae</span> <span class='ocrx_word' id='word_1_237' title='bbox 996 2740 1045 2805; x_wconf 85' lang='lat' dir='ltr'>vel</span> <span class='ocrx_word' id='word_1_238' title='bbox 1068 2741 1177 2827; x_wconf 91' lang='lat' dir='ltr'>Lepidi</span> <span class='ocrx_word' id='word_1_239' title='bbox 1199 2743 1248 2807; x_wconf 88' lang='lat' dir='ltr'>vel</span> <span class='ocrx_word' id='word_1_240' title='bbox 1271 2751 1341 2808; x_wconf 89' lang='lat' dir='ltr'>tuae</span> <span class='ocrx_word' id='word_1_241' title='bbox 1363 2764 1457 2829; x_wconf 89' lang='lat' dir='ltr'>quam</span> 
     </span>
     <span class='ocr_line' id='line_1_26' title="bbox 143 2834 1496 2922; baseline 0.001 -24"><span class='ocrx_word' id='word_1_242' title='bbox 143 2836 174 2899; x_wconf 93' lang='lat' dir='ltr'>in</span> <span class='ocrx_word' id='word_1_243' title='bbox 196 2844 315 2920; x_wconf 91' lang='lat' dir='ltr'>partem</span> <span class='ocrx_word' id='word_1_244' title='bbox 337 2845 481 2922; x_wconf 87' lang='lat' dir='ltr'>acceptae</span> <span class='ocrx_word' id='word_1_245' title='bbox 510 2837 587 2910; x_wconf 91' lang='lat' dir='ltr'>sint,</span> <span class='ocrx_word' id='word_1_246' title='bbox 619 2857 658 2900; x_wconf 77' lang='lat' dir='ltr'>ex</span> <span class='ocrx_word' id='word_1_247' title='bbox 680 2837 750 2899; x_wconf 85' lang='lat' dir='ltr'>viro</span> <span class='ocrx_word' id='word_1_248' title='bbox 773 2836 908 2920; x_wconf 89' lang='lat' dir='ltr'>optimo,</span> <span class='ocrx_word' id='word_1_249' title='bbox 942 2834 1036 2899; x_wconf 87' lang='lat' dir='ltr'>lratre</span> <span class='ocrx_word' id='word_1_250' title='bbox 1069 2844 1142 2907; x_wconf 90' lang='lat' dir='ltr'>tuo,</span> <span class='ocrx_word' id='word_1_251' title='bbox 1172 2843 1203 2898; x_wconf 91' lang='lat' dir='ltr'>et</span> <span class='ocrx_word' id='word_1_252' title='bbox 1224 2856 1265 2900; x_wconf 79' lang='lat' dir='ltr'>cx</span> <span class='ocrx_word' id='word_1_253' title='bbox 1287 2840 1320 2902; x_wconf 85' lang='lat' dir='ltr'>C.</span> <span class='ocrx_word' id='word_1_254' title='bbox 1342 2837 1457 2901; x_wconf 90' lang='lat' dir='ltr'>Furnio</span> <span class='ocrx_word' id='word_1_255' title='bbox 1468 2854 1496 2896; x_wconf 74' lang='lat'>2⁵</span> 
     </span>
     <span class='ocr_line' id='line_1_27' title="bbox 141 2928 1460 3014; baseline 0.002 -23"><span class='ocrx_word' id='word_1_256' title='bbox 141 2929 259 3014; x_wconf 90' lang='lat' dir='ltr'>poteris</span> <span class='ocrx_word' id='word_1_257' title='bbox 280 2949 479 3013; x_wconf 87' lang='lat' dir='ltr'>cognoscere.</span> <span class='ocrx_word' id='word_1_258' title='bbox 523 2935 553 2995; x_wconf 77' lang='lat'>2.</span> <span class='ocrx_word' id='word_1_259' title='bbox 575 2935 625 2995; x_wconf 86' lang='lat' dir='ltr'>Me</span> <span class='ocrx_word' id='word_1_260' title='bbox 646 2938 750 2993; x_wconf 88' lang='lat' dir='ltr'>autem</span> <span class='ocrx_word' id='word_1_261' title='bbox 766 2928 888 3014; x_wconf 86' lang='lat' dir='ltr'>impulit</span> <span class='ocrx_word' id='word_1_262' title='bbox 903 2928 947 2992; x_wconf 88' lang='lat' dir='ltr'>tui</span> <span class='ocrx_word' id='word_1_263' title='bbox 968 2928 1093 3000; x_wconf 89' lang='lat' dir='ltr'>caritas,</span> <span class='ocrx_word' id='word_1_264' title='bbox 1115 2934 1167 2999; x_wconf 88' lang='lat' dir='ltr'>ut,</span> <span class='ocrx_word' id='word_1_265' title='bbox 1190 2948 1378 3014; x_wconf 89' lang='lat' dir='ltr'>quamquam</span> <span class='ocrx_word' id='word_1_266' title='bbox 1401 2949 1460 2994; x_wconf 85' lang='lat' dir='ltr'>nec</span> 
     </span>
     <span class='ocr_line' id='line_1_28' title="bbox 142 3020 1458 3109; baseline 0.001 -24"><span class='ocrx_word' id='word_1_267' title='bbox 142 3021 198 3086; x_wconf 91' lang='lat' dir='ltr'>tibi</span> <span class='ocrx_word' id='word_1_268' title='bbox 225 3023 285 3109; x_wconf 91' lang='lat' dir='ltr'>ipsi</span> <span class='ocrx_word' id='word_1_269' title='bbox 314 3024 477 3088; x_wconf 90' lang='lat' dir='ltr'>consilium</span> <span class='ocrx_word' id='word_1_270' title='bbox 513 3023 636 3088; x_wconf 90' lang='lat' dir='ltr'>deesset</span> <span class='ocrx_word' id='word_1_271' title='bbox 661 3033 692 3087; x_wconf 93' lang='lat' dir='ltr'>et</span> <span class='ocrx_word' id='word_1_272' title='bbox 724 3022 831 3086; x_wconf 89' lang='lat' dir='ltr'>lratris</span> <span class='ocrx_word' id='word_1_273' title='bbox 861 3021 1030 3106; x_wconf 88' lang='lat' dir='ltr'>Furniiquc</span> <span class='ocrx_word' id='word_1_274' title='bbox 1059 3020 1275 3085; x_wconf 88' lang='lat' dir='ltr'>benevolentia</span> <span class='ocrx_word' id='word_1_275' title='bbox 1298 3020 1458 3108; x_wconf 86' lang='lat' dir='ltr'>fidelisque</span> 
     </span>
     <span class='ocr_line' id='line_1_29' title="bbox 142 3115 1460 3203; baseline 0 -23"><span class='ocrx_word' id='word_1_276' title='bbox 142 3115 306 3201; x_wconf 88' lang='lat' dir='ltr'>prudentia</span> <span class='ocrx_word' id='word_1_277' title='bbox 329 3116 385 3180; x_wconf 91' lang='lat' dir='ltr'>tibi</span> <span class='ocrx_word' id='word_1_278' title='bbox 407 3127 531 3203; x_wconf 88' lang='lat' dir='ltr'>praesto</span> <span class='ocrx_word' id='word_1_279' title='bbox 553 3128 635 3183; x_wconf 88' lang='lat' dir='ltr'>esset</span> <span class='ocrx_word' id='word_1_280' title='bbox 662 3117 781 3189; x_wconf 86' lang='lat' dir='ltr'>lutura,</span> <span class='ocrx_word' id='word_1_281' title='bbox 814 3115 927 3179; x_wconf 88' lang='lat' dir='ltr'>vellem</span> <span class='ocrx_word' id='word_1_282' title='bbox 957 3124 1059 3178; x_wconf 89' lang='lat' dir='ltr'>tamen</span> <span class='ocrx_word' id='word_1_283' title='bbox 1088 3135 1175 3178; x_wconf 91' lang='lat' dir='ltr'>meae</span> <span class='ocrx_word' id='word_1_284' title='bbox 1205 3135 1330 3200; x_wconf 90' lang='lat' dir='ltr'>quoquc</span> <span class='ocrx_word' id='word_1_285' title='bbox 1352 3125 1460 3180; x_wconf 91' lang='lat' dir='ltr'>aucto-</span> 
     </span>
    </p>
   </div>
   <div class='ocr_carea' id='block_1_6' title="bbox 141 3215 1497 4419">
    <p class='ocr_par' dir='ltr' id='par_1_6' title="bbox 141 3215 1497 4419">
     <span class='ocr_line' id='line_1_30' title="bbox 142 3215 1459 3304; baseline 0.002 -26"><span class='ocrx_word' id='word_1_286' title='bbox 142 3215 242 3280; x_wconf 86' lang='lat' dir='ltr'>ritatis</span> <span class='ocrx_word' id='word_1_287' title='bbox 275 3237 335 3301; x_wconf 87' lang='lat' dir='ltr'>pro</span> <span class='ocrx_word' id='word_1_288' title='bbox 376 3219 520 3304; x_wconf 92' lang='lat' dir='ltr'>plurimis</span> <span class='ocrx_word' id='word_1_289' title='bbox 559 3219 673 3284; x_wconf 91' lang='lat' dir='ltr'>nostris</span> <span class='ocrx_word' id='word_1_290' title='bbox 722 3215 1001 3282; x_wconf 88' lang='lat' dir='ltr'>necessitudinibus</span> <span class='ocrx_word' id='word_1_291' title='bbox 1029 3227 1229 3302; x_wconf 91' lang='lat' dir='ltr'>pracceptum</span> <span class='ocrx_word' id='word_1_292' title='bbox 1264 3216 1303 3280; x_wconf 90' lang='lat' dir='ltr'>ad</span> <span class='ocrx_word' id='word_1_293' title='bbox 1337 3225 1366 3279; x_wconf 88' lang='lat' dir='ltr'>le</span> <span class='ocrx_word' id='word_1_294' title='bbox 1402 3216 1459 3280; x_wconf 93' lang='lat' dir='ltr'>ali·</span> 
     </span>
     <span class='ocr_line' id='line_1_31' title="bbox 142 3308 1496 3397; baseline 0.003 -25"><span class='ocrx_word' id='word_1_295' title='bbox 142 3308 226 3394; x_wconf 93' lang='lat' dir='ltr'>quod</span> <span class='ocrx_word' id='word_1_296' title='bbox 248 3312 425 3397; x_wconf 89' lang='lat' dir='ltr'>pervenire.</span> <span class='ocrx_word' id='word_1_297' title='bbox 469 3313 569 3378; x_wconf 86' lang='lat' dir='ltr'>Crede</span> <span class='ocrx_word' id='word_1_298' title='bbox 590 3313 687 3397; x_wconf 87' lang='lat' dir='ltr'>igitur</span> <span class='ocrx_word' id='word_1_299' title='bbox 707 3311 800 3385; x_wconf 86' lang='lat' dir='ltr'>mibi,</span> <span class='ocrx_word' id='word_1_300' title='bbox 826 3309 946 3383; x_wconf 85' lang='lat' dir='ltr'>Plance,</span> <span class='ocrx_word' id='word_1_301' title='bbox 968 3330 1092 3382; x_wconf 85' lang='lat' dir='ltr'>omnes,</span> <span class='ocrx_word' id='word_1_302' title='bbox 1114 3330 1194 3393; x_wconf 90' lang='lat' dir='ltr'>quos</span> <span class='ocrx_word' id='word_1_303' title='bbox 1216 3309 1317 3373; x_wconf 92' lang='lat' dir='ltr'>adbuc</span> <span class='ocrx_word' id='word_1_304' title='bbox 1342 3311 1496 3395; x_wconf 75' lang='lat' dir='ltr'>gradusso</span> 
     </span>
     <span class='ocr_line' id='line_1_32' title="bbox 142 3401 1460 3488; baseline 0.004 -24"><span class='ocrx_word' id='word_1_305' title='bbox 142 3401 299 3486; x_wconf 88' lang='lat' dir='ltr'>dignitatis</span> <span class='ocrx_word' id='word_1_306' title='bbox 321 3415 505 3470; x_wconf 89' lang='lat' dir='ltr'>consecutus</span> <span class='ocrx_word' id='word_1_307' title='bbox 527 3407 569 3470; x_wconf 91' lang='lat' dir='ltr'>sis</span> <span class='ocrx_word' id='word_1_308' title='bbox 592 3443 630 3455; x_wconf 98' lang='lat'>—</span> <span class='ocrx_word' id='word_1_309' title='bbox 654 3427 688 3470; x_wconf 91' lang='lat' dir='ltr'>es</span> <span class='ocrx_word' id='word_1_310' title='bbox 709 3415 813 3470; x_wconf 89' lang='lat' dir='ltr'>autem</span> <span class='ocrx_word' id='word_1_311' title='bbox 835 3403 964 3487; x_wconf 90' lang='lat' dir='ltr'>adeptus</span> <span class='ocrx_word' id='word_1_312' title='bbox 982 3403 1189 3488; x_wconf 90' lang='lat' dir='ltr'>amplissimos</span> <span class='ocrx_word' id='word_1_313' title='bbox 1212 3435 1267 3475; x_wconf 90' lang='lat'>-‚</span> <span class='ocrx_word' id='word_1_314' title='bbox 1290 3424 1345 3467; x_wconf 91' lang='lat' dir='ltr'>eos</span> <span class='ocrx_word' id='word_1_315' title='bbox 1360 3405 1460 3470; x_wconf 93' lang='lat' dir='ltr'>bono-</span> 
     </span>
     <span class='ocr_line' id='line_1_33' title="bbox 141 3496 1459 3582; baseline 0.002 -23"><span class='ocrx_word' id='word_1_316' title='bbox 141 3517 211 3559; x_wconf 91' lang='lat' dir='ltr'>rum</span> <span class='ocrx_word' id='word_1_317' title='bbox 240 3497 391 3563; x_wconf 82' lang='lat' dir='ltr'>vocabula</span> <span class='ocrx_word' id='word_1_318' title='bbox 420 3499 599 3572; x_wconf 89' lang='lat' dir='ltr'>babituros,</span> <span class='ocrx_word' id='word_1_319' title='bbox 632 3520 695 3563; x_wconf 93' lang='lat' dir='ltr'>non</span> <span class='ocrx_word' id='word_1_320' title='bbox 728 3497 887 3582; x_wconf 88' lang='lat' dir='ltr'>dignitatis</span> <span class='ocrx_word' id='word_1_321' title='bbox 908 3496 1056 3580; x_wconf 90' lang='lat' dir='ltr'>insignia,</span> <span class='ocrx_word' id='word_1_322' title='bbox 1089 3496 1150 3559; x_wconf 92' lang='lat' dir='ltr'>nisi</span> <span class='ocrx_word' id='word_1_323' title='bbox 1172 3505 1201 3561; x_wconf 88' lang='lat' dir='ltr'>le</span> <span class='ocrx_word' id='word_1_324' title='bbox 1222 3516 1293 3560; x_wconf 91' lang='lat' dir='ltr'>curn</span> <span class='ocrx_word' id='word_1_325' title='bbox 1316 3496 1459 3561; x_wconf 89' lang='lat' dir='ltr'>libertale</span> 
     </span>
     <span class='ocr_line' id='line_1_34' title="bbox 141 3589 1458 3674; baseline 0.002 -22"><span class='ocrx_word' id='word_1_326' title='bbox 141 3589 249 3673; x_wconf 95' lang='lat' dir='ltr'>populi</span> <span class='ocrx_word' id='word_1_327' title='bbox 285 3592 415 3656; x_wconf 86' lang='lat' dir='ltr'>Romani</span> <span class='ocrx_word' id='word_1_328' title='bbox 447 3601 477 3657; x_wconf 92' lang='lat' dir='ltr'>et</span> <span class='ocrx_word' id='word_1_329' title='bbox 508 3614 579 3657; x_wconf 91' lang='lat' dir='ltr'>cum</span> <span class='ocrx_word' id='word_1_330' title='bbox 612 3600 736 3657; x_wconf 90' lang='lat' dir='ltr'>senatus</span> <span class='ocrx_word' id='word_1_331' title='bbox 766 3590 950 3655; x_wconf 90' lang='lat' dir='ltr'>auctoritate</span> <span class='ocrx_word' id='word_1_332' title='bbox 982 3589 1193 3653; x_wconf 79' lang='lat' dir='ltr'>coniunxeris.</span> <span class='ocrx_word' id='word_1_333' title='bbox 1251 3589 1386 3674; x_wconf 89' lang='lat' dir='ltr'>Seiunge</span> <span class='ocrx_word' id='word_1_334' title='bbox 1412 3602 1458 3666; x_wconf 87' lang='lat' dir='ltr'>te,</span> 
     </span>
     <span class='ocr_line' id='line_1_35' title="bbox 142 3682 1460 3770; baseline 0.002 -25"><span class='ocrx_word' id='word_1_335' title='bbox 142 3703 275 3768; x_wconf 89' lang='lat' dir='ltr'>quaeso,</span> <span class='ocrx_word' id='word_1_336' title='bbox 299 3685 465 3770; x_wconf 89' lang='lat' dir='ltr'>aliquando</span> <span class='ocrx_word' id='word_1_337' title='bbox 487 3685 526 3750; x_wconf 95' lang='lat' dir='ltr'>ab</span> <span class='ocrx_word' id='word_1_338' title='bbox 548 3685 603 3759; x_wconf 85' lang='lat' dir='ltr'>iis,</span> <span class='ocrx_word' id='word_1_339' title='bbox 636 3707 707 3750; x_wconf 91' lang='lat' dir='ltr'>curn</span> <span class='ocrx_word' id='word_1_340' title='bbox 730 3684 851 3770; x_wconf 55' lang='lat' dir='ltr'>quibus¹</span> <span class='ocrx_word' id='word_1_341' title='bbox 868 3695 898 3749; x_wconf 92' lang='lat' dir='ltr'>tc</span> <span class='ocrx_word' id='word_1_342' title='bbox 920 3704 983 3747; x_wconf 90' lang='lat' dir='ltr'>nou</span> <span class='ocrx_word' id='word_1_343' title='bbox 1004 3691 1092 3746; x_wconf 90' lang='lat' dir='ltr'>tuum</span> <span class='ocrx_word' id='word_1_344' title='bbox 1115 3682 1281 3750; x_wconf 88' lang='lat' dir='ltr'>iudicium,</span> <span class='ocrx_word' id='word_1_345' title='bbox 1303 3682 1359 3747; x_wconf 91' lang='lat' dir='ltr'>sed</span> <span class='ocrx_word' id='word_1_346' title='bbox 1383 3692 1460 3748; x_wconf 90' lang='lat' dir='ltr'>tern-</span> 
     </span>
     <span class='ocr_line' id='line_1_36' title="bbox 141 3775 1497 3864; baseline 0.003 -26"><span class='ocrx_word' id='word_1_347' title='bbox 141 3795 255 3860; x_wconf 92' lang='lat' dir='ltr'>porum</span> <span class='ocrx_word' id='word_1_348' title='bbox 277 3777 376 3842; x_wconf 88' lang='lat' dir='ltr'>vincla</span> <span class='ocrx_word' id='word_1_349' title='bbox 398 3780 638 3844; x_wconf 82' lang='lat' dir='ltr'>coniunxerunt.</span> <span class='ocrx_word' id='word_1_350' title='bbox 683 3783 712 3843; x_wconf 88' lang='grc'>3.</span> <span class='ocrx_word' id='word_1_351' title='bbox 735 3778 919 3864; x_wconf 85' lang='lat' dir='ltr'>Complures</span> <span class='ocrx_word' id='word_1_352' title='bbox 933 3777 965 3840; x_wconf 92' lang='lat' dir='ltr'>in</span> <span class='ocrx_word' id='word_1_353' title='bbox 986 3775 1224 3861; x_wconf 85' lang='lat' dir='ltr'>perturbatione</span> <span class='ocrx_word' id='word_1_354' title='bbox 1245 3775 1293 3839; x_wconf 89' lang='lat' dir='ltr'>rei</span> <span class='ocrx_word' id='word_1_355' title='bbox 1316 3775 1497 3862; x_wconf 77' lang='lat' dir='ltr'>publicaesa</span> 
     </span>
     <span class='ocr_line' id='line_1_37' title="bbox 141 3868 1460 3958; baseline 0.004 -27"><span class='ocrx_word' id='word_1_356' title='bbox 141 3870 284 3934; x_wconf 89' lang='lat' dir='ltr'>consules</span> <span class='ocrx_word' id='word_1_357' title='bbox 306 3871 393 3944; x_wconf 93' lang='lat' dir='ltr'>dicti,</span> <span class='ocrx_word' id='word_1_358' title='bbox 424 3894 559 3958; x_wconf 88' lang='lat' dir='ltr'>quorum</span> <span class='ocrx_word' id='word_1_359' title='bbox 580 3893 675 3937; x_wconf 91' lang='lat' dir='ltr'>nemo</span> <span class='ocrx_word' id='word_1_360' title='bbox 697 3871 871 3937; x_wconf 86' lang='lat' dir='ltr'>consularis</span> <span class='ocrx_word' id='word_1_361' title='bbox 895 3869 1036 3942; x_wconf 90' lang='lat' dir='ltr'>babitus,</span> <span class='ocrx_word' id='word_1_362' title='bbox 1058 3869 1119 3933; x_wconf 91' lang='lat' dir='ltr'>nisi</span> <span class='ocrx_word' id='word_1_363' title='bbox 1141 3868 1194 3953; x_wconf 92' lang='lat' dir='ltr'>qui</span> <span class='ocrx_word' id='word_1_364' title='bbox 1215 3870 1320 3934; x_wconf 90' lang='lat' dir='ltr'>animo</span> <span class='ocrx_word' id='word_1_365' title='bbox 1342 3871 1460 3937; x_wconf 85' lang='lat' dir='ltr'>exstitit</span> 
     </span>
     <span class='ocr_line' id='line_1_38' title="bbox 142 3960 1459 4050; baseline 0.005 -26"><span class='ocrx_word' id='word_1_366' title='bbox 142 3960 173 4025; x_wconf 93' lang='lat' dir='ltr'>in</span> <span class='ocrx_word' id='word_1_367' title='bbox 195 3982 263 4027; x_wconf 89' lang='lat' dir='ltr'>rem</span> <span class='ocrx_word' id='word_1_368' title='bbox 291 3964 445 4049; x_wconf 89' lang='lat' dir='ltr'>publicam</span> <span class='ocrx_word' id='word_1_369' title='bbox 474 3965 640 4030; x_wconf 88' lang='lat' dir='ltr'>consulari.</span> <span class='ocrx_word' id='word_1_370' title='bbox 689 3965 794 4030; x_wconf 90' lang='lat' dir='ltr'>Talem</span> <span class='ocrx_word' id='word_1_371' title='bbox 817 3963 914 4046; x_wconf 88' lang='lat' dir='ltr'>igitur</span> <span class='ocrx_word' id='word_1_372' title='bbox 935 3973 964 4028; x_wconf 91' lang='lat' dir='ltr'>tc</span> <span class='ocrx_word' id='word_1_373' title='bbox 987 3983 1055 4025; x_wconf 88' lang='lat' dir='ltr'>esse</span> <span class='ocrx_word' id='word_1_374' title='bbox 1077 3970 1218 4046; x_wconf 90' lang='lat' dir='ltr'>oportet,</span> <span class='ocrx_word' id='word_1_375' title='bbox 1247 3964 1299 4048; x_wconf 91' lang='lat' dir='ltr'>qui</span> <span class='ocrx_word' id='word_1_376' title='bbox 1320 3965 1459 4050; x_wconf 86' lang='lat' dir='ltr'>primum</span> 
     </span>
     <span class='ocr_line' id='line_1_39' title="bbox 141 4054 1459 4142; baseline 0.006 -26"><span class='ocrx_word' id='word_1_377' title='bbox 141 4062 171 4117; x_wconf 89' lang='lat' dir='ltr'>tc</span> <span class='ocrx_word' id='word_1_378' title='bbox 204 4054 243 4117; x_wconf 91' lang='lat' dir='ltr'>ab</span> <span class='ocrx_word' id='word_1_379' title='bbox 272 4056 440 4142; x_wconf 92' lang='lat' dir='ltr'>impiorum</span> <span class='ocrx_word' id='word_1_380' title='bbox 476 4059 592 4123; x_wconf 89' lang='lat' dir='ltr'>civium</span> <span class='ocrx_word' id='word_1_381' title='bbox 626 4058 670 4122; x_wconf 92' lang='lat' dir='ltr'>tui</span> <span class='ocrx_word' id='word_1_382' title='bbox 693 4057 973 4121; x_wconf 90' lang='lat' dir='ltr'>dissimillimorum</span> <span class='ocrx_word' id='word_1_383' title='bbox 995 4055 1142 4120; x_wconf 88' lang='lat' dir='ltr'>societate</span> <span class='ocrx_word' id='word_1_384' title='bbox 1165 4055 1323 4139; x_wconf 86' lang='lat' dir='ltr'>seiungas;</span> <span class='ocrx_word' id='word_1_385' title='bbox 1346 4059 1459 4124; x_wconf 89' lang='lat' dir='ltr'>deinde</span> 
     </span>
     <span class='ocr_line' id='line_1_40' title="bbox 141 4148 1458 4236; baseline 0.005 -27"><span class='ocrx_word' id='word_1_386' title='bbox 141 4153 171 4210; x_wconf 89' lang='lat' dir='ltr'>tc</span> <span class='ocrx_word' id='word_1_387' title='bbox 203 4150 324 4214; x_wconf 89' lang='lat' dir='ltr'>senatui</span> <span class='ocrx_word' id='word_1_388' title='bbox 358 4150 511 4236; x_wconf 91' lang='lat' dir='ltr'>bonisque</span> <span class='ocrx_word' id='word_1_389' title='bbox 547 4151 690 4216; x_wconf 90' lang='lat' dir='ltr'>omnibus</span> <span class='ocrx_word' id='word_1_390' title='bbox 727 4159 909 4223; x_wconf 86' lang='lat' dir='ltr'>auctorem,</span> <span class='ocrx_word' id='word_1_391' title='bbox 940 4149 1128 4235; x_wconf 89' lang='lat' dir='ltr'>principem,</span> <span class='ocrx_word' id='word_1_392' title='bbox 1156 4148 1266 4212; x_wconf 87' lang='lat' dir='ltr'>ducem</span> <span class='ocrx_word' id='word_1_393' title='bbox 1290 4150 1458 4235; x_wconf 87' lang='lat' dir='ltr'>praebeas;</span> 
     </span>
     <span class='ocr_line' id='line_1_41' title="bbox 141 4241 1496 4330; baseline 0.003 -26"><span class='ocrx_word' id='word_1_394' title='bbox 141 4248 317 4324; x_wconf 90' lang='lat' dir='ltr'>poslrcm0,</span> <span class='ocrx_word' id='word_1_395' title='bbox 345 4254 382 4310; x_wconf 92' lang='lat' dir='ltr'>ut</span> <span class='ocrx_word' id='word_1_396' title='bbox 408 4266 517 4330; x_wconf 88' lang='lat' dir='ltr'>pacem</span> <span class='ocrx_word' id='word_1_397' title='bbox 549 4266 617 4308; x_wconf 91' lang='lat' dir='ltr'>esse</span> <span class='ocrx_word' id='word_1_398' title='bbox 649 4243 768 4309; x_wconf 89' lang='lat' dir='ltr'>iudices</span> <span class='ocrx_word' id='word_1_399' title='bbox 798 4264 859 4307; x_wconf 93' lang='lat' dir='ltr'>non</span> <span class='ocrx_word' id='word_1_400' title='bbox 882 4242 913 4305; x_wconf 89' lang='lat' dir='ltr'>in</span> <span class='ocrx_word' id='word_1_401' title='bbox 936 4242 1030 4305; x_wconf 91' lang='lat' dir='ltr'>armis</span> <span class='ocrx_word' id='word_1_402' title='bbox 1053 4241 1178 4327; x_wconf 85' lang='lat' dir='ltr'>positis,</span> <span class='ocrx_word' id='word_1_403' title='bbox 1206 4241 1261 4305; x_wconf 92' lang='lat' dir='ltr'>sed</span> <span class='ocrx_word' id='word_1_404' title='bbox 1283 4243 1314 4307; x_wconf 90' lang='lat' dir='ltr'>iu</span> <span class='ocrx_word' id='word_1_405' title='bbox 1336 4243 1496 4309; x_wconf 75' lang='lat' dir='ltr'>abiectoao</span> 
     </span>
     <span class='ocr_line' id='line_1_42' title="bbox 141 4334 1459 4419; baseline 0.005 -24"><span class='ocrx_word' id='word_1_406' title='bbox 141 4353 300 4401; x_wconf 90' lang='lat' dir='ltr'>armorum</span> <span class='ocrx_word' id='word_1_407' title='bbox 323 4346 354 4402; x_wconf 91' lang='lat' dir='ltr'>et</span> <span class='ocrx_word' id='word_1_408' title='bbox 375 4339 534 4404; x_wconf 84' lang='lat' dir='ltr'>servitutis</span> <span class='ocrx_word' id='word_1_409' title='bbox 555 4346 649 4402; x_wconf 88' lang='lat' dir='ltr'>metu.</span> <span class='ocrx_word' id='word_1_410' title='bbox 703 4339 787 4401; x_wconf 90' lang='lat' dir='ltr'>llaec</span> <span class='ocrx_word' id='word_1_411' title='bbox 809 4336 835 4400; x_wconf 91' lang='lat' dir='ltr'>si</span> <span class='ocrx_word' id='word_1_412' title='bbox 857 4345 889 4399; x_wconf 90' lang='lat' dir='ltr'>et</span> <span class='ocrx_word' id='word_1_413' title='bbox 909 4355 982 4419; x_wconf 91' lang='lat' dir='ltr'>agcs</span> <span class='ocrx_word' id='word_1_414' title='bbox 1004 4342 1035 4398; x_wconf 92' lang='lat' dir='ltr'>et</span> <span class='ocrx_word' id='word_1_415' title='bbox 1056 4334 1187 4405; x_wconf 87' lang='lat' dir='ltr'>senties,</span> <span class='ocrx_word' id='word_1_416' title='bbox 1225 4343 1289 4399; x_wconf 92' lang='lat' dir='ltr'>tum</span> <span class='ocrx_word' id='word_1_417' title='bbox 1311 4336 1374 4401; x_wconf 87' lang='lat' dir='ltr'>eris</span> <span class='ocrx_word' id='word_1_418' title='bbox 1396 4358 1459 4402; x_wconf 93' lang='lat' dir='ltr'>non</span> 
     </span>
    </p>
   </div>
   <div class='ocr_carea' id='block_1_7' title="bbox 142 4579 1459 4854">
    <p class='ocr_par' dir='ltr' id='par_1_7' title="bbox 142 4579 1459 4854">
     <span class='ocr_line' id='line_1_43' title="bbox 212 4579 1457 4645; baseline 0 -14"><span class='ocrx_word' id='word_1_419' title='bbox 212 4582 239 4632; x_wconf 72' lang='lat' dir='ltr'>P.</span> <span class='ocrx_word' id='word_1_420' title='bbox 258 4586 291 4633; x_wconf 79' lang='lat' dir='ltr'>os</span> <span class='ocrx_word' id='word_1_421' title='bbox 319 4587 360 4636; x_wconf 84' lang='lat' dir='ltr'>N:</span> <span class='ocrx_word' id='word_1_422' title='bbox 389 4587 429 4634; x_wconf 80' lang='lat' dir='ltr'>lu‘c</span> <span class='ocrx_word' id='word_1_423' title='bbox 452 4585 511 4635; x_wconf 76' lang='grc' dir='ltr'>ΜΕ.</span> <span class='ocrx_word' id='word_1_424' title='bbox 539 4610 567 4622; x_wconf 93' lang='lat'>-</span> <span class='ocrx_word' id='word_1_425' title='bbox 605 4583 631 4634; x_wconf 84' lang='grc'>3.</span> <span class='ocrx_word' id='word_1_426' title='bbox 658 4598 715 4645; x_wconf 83' lang='lat' dir='ltr'>rep.</span> <span class='ocrx_word' id='word_1_427' title='bbox 735 4582 772 4631; x_wconf 85' lang='lat' dir='ltr'>bl.</span> <span class='ocrx_word' id='word_1_428' title='bbox 806 4605 837 4617; x_wconf 92' lang='lat'><em>-</em></span> <span class='ocrx_word' id='word_1_429' title='bbox 881 4581 909 4630; x_wconf 81' lang='lat' dir='ltr'>o.</span> <span class='ocrx_word' id='word_1_430' title='bbox 936 4579 980 4630; x_wconf 90' lang='lat' dir='ltr'>Sic</span> <span class='ocrx_word' id='word_1_431' title='bbox 998 4580 1170 4630; x_wconf 80' lang='lat' dir='ltr'>distlnximns</span> <span class='ocrx_word' id='word_1_432' title='bbox 1192 4585 1301 4628; x_wconf 85' lang='lat' dir='ltr'>anctore</span> <span class='ocrx_word' id='word_1_433' title='bbox 1321 4580 1457 4630; x_wconf 82' lang='lat' dir='ltr'>victorio:</span> 
     </span>
     <span class='ocr_line' id='line_1_44' title="bbox 142 4650 1459 4717; baseline -0.005 -11"><span class='ocrx_word' id='word_1_434' title='bbox 142 4651 228 4706; x_wconf 75' lang='lat' dir='ltr'>labec</span> <span class='ocrx_word' id='word_1_435' title='bbox 255 4656 323 4703; x_wconf 80' lang='lat' dir='ltr'>enim</span> <span class='ocrx_word' id='word_1_436' title='bbox 349 4659 452 4717; x_wconf 77' lang='lat' dir='ltr'>patitur</span> <span class='ocrx_word' id='word_1_437' title='bbox 469 4681 480 4691; x_wconf 96' lang='lat'>·</span> <span class='ocrx_word' id='word_1_438' title='bbox 497 4680 508 4690; x_wconf 91' lang='lat'>·</span> <span class='ocrx_word' id='word_1_439' title='bbox 526 4656 618 4704; x_wconf 79' lang='lat' dir='ltr'>dicere.</span> <span class='ocrx_word' id='word_1_440' title='bbox 664 4655 785 4704; x_wconf 80' lang='lat' dir='ltr'>Fortuna</span> <span class='ocrx_word' id='word_1_441' title='bbox 811 4651 840 4699; x_wconf 78' lang='lat' dir='ltr'>ll.</span> <span class='ocrx_word' id='word_1_442' title='bbox 871 4676 899 4687; x_wconf 93' lang='lat'>-</span> <span class='ocrx_word' id='word_1_443' title='bbox 946 4652 988 4700; x_wconf 87' lang='lat' dir='ltr'>tl.</span> <span class='ocrx_word' id='word_1_444' title='bbox 1007 4652 1144 4711; x_wconf 82' lang='lat' dir='ltr'>proprium</span> <span class='ocrx_word' id='word_1_445' title='bbox 1163 4650 1204 4698; x_wconf 80' lang='lat' dir='ltr'>bl:</span> <span class='ocrx_word' id='word_1_446' title='bbox 1223 4651 1330 4711; x_wconf 81' lang='lat' dir='ltr'>proprie</span> <span class='ocrx_word' id='word_1_447' title='bbox 1348 4658 1459 4700; x_wconf 80' lang='lat' dir='ltr'>arrctore</span> 
     </span>
     <span class='ocr_line' id='line_1_45' title="bbox 143 4716 1457 4788; baseline -0.005 -13"><span class='ocrx_word' id='word_1_448' title='bbox 143 4724 273 4775; x_wconf 76' lang='lat' dir='ltr'>lambino</span> <span class='ocrx_word' id='word_1_449' title='bbox 293 4725 322 4773; x_wconf 83' lang='grc' dir='ltr'>Ε.</span> <span class='ocrx_word' id='word_1_450' title='bbox 344 4751 373 4761; x_wconf 94' lang='grc'>-</span> <span class='ocrx_word' id='word_1_451' title='bbox 410 4726 455 4773; x_wconf 74' lang='lat'>22.</span> <span class='ocrx_word' id='word_1_452' title='bbox 475 4731 522 4774; x_wconf 78' lang='lat' dir='ltr'>ortt</span> <span class='ocrx_word' id='word_1_453' title='bbox 538 4726 622 4788; x_wconf 79' lang='lat' dir='ltr'>possit</span> <span class='ocrx_word' id='word_1_454' title='bbox 639 4726 674 4773; x_wconf 76' lang='lat' dir='ltr'>cis</span> <span class='ocrx_word' id='word_1_455' title='bbox 691 4724 774 4771; x_wconf 71' lang='lat' dir='ltr'>armis</span> <span class='ocrx_word' id='word_1_456' title='bbox 791 4721 827 4768; x_wconf 81' lang='lat' dir='ltr'>ll.</span> <span class='ocrx_word' id='word_1_457' title='bbox 848 4744 881 4753; x_wconf 92' lang='lat'>-—</span> <span class='ocrx_word' id='word_1_458' title='bbox 916 4721 959 4770; x_wconf 76' lang='grc'>30.</span> <span class='ocrx_word' id='word_1_459' title='bbox 979 4721 1063 4776; x_wconf 71' lang='lat' dir='ltr'>milet,</span> <span class='ocrx_word' id='word_1_460' title='bbox 1082 4723 1119 4767; x_wconf 80' lang='lat' dir='ltr'>mi</span> <span class='ocrx_word' id='word_1_461' title='bbox 1138 4720 1234 4768; x_wconf 82' lang='lat' dir='ltr'>Plance</span> <span class='ocrx_word' id='word_1_462' title='bbox 1254 4716 1409 4770; x_wconf 83' lang='lat' dir='ltr'>Lambinus.</span> <span class='ocrx_word' id='word_1_463' title='bbox 1424 4742 1457 4757; x_wconf 90' lang='lat'>-</span> 
     </span>
     <span class='ocr_line' id='line_1_46' title="bbox 142 4788 1457 4854; baseline -0.003 -8"><span class='ocrx_word' id='word_1_464' title='bbox 142 4796 185 4846; x_wconf 68' lang='lat'>32.</span> <span class='ocrx_word' id='word_1_465' title='bbox 205 4802 286 4844; x_wconf 82' lang='lat' dir='ltr'>tecum</span> <span class='ocrx_word' id='word_1_466' title='bbox 304 4795 447 4844; x_wconf 78' lang='lat' dir='ltr'>libertatem</span> <span class='ocrx_word' id='word_1_467' title='bbox 465 4795 502 4843; x_wconf 87' lang='lat' dir='ltr'>M.</span> <span class='ocrx_word' id='word_1_468' title='bbox 530 4818 560 4831; x_wconf 94' lang='lat'>-</span> <span class='ocrx_word' id='word_1_469' title='bbox 596 4794 639 4844; x_wconf 70' lang='grc'>34.</span> <span class='ocrx_word' id='word_1_470' title='bbox 659 4790 703 4854; x_wconf 72' lang='lat' dir='ltr'>tta]</span> <span class='ocrx_word' id='word_1_471' title='bbox 721 4792 760 4839; x_wconf 77' lang='lat' dir='ltr'>bis</span> <span class='ocrx_word' id='word_1_472' title='bbox 779 4789 817 4840; x_wconf 84' lang='lat' dir='ltr'>M.</span> <span class='ocrx_word' id='word_1_473' title='bbox 843 4815 874 4824; x_wconf 98' lang='lat'>-</span> <span class='ocrx_word' id='word_1_474' title='bbox 912 4790 956 4840; x_wconf 82' lang='lat'>37.</span> <span class='ocrx_word' id='word_1_475' title='bbox 975 4789 1107 4840; x_wconf 74' lang='lat' dir='ltr'>consulari</span> <span class='ocrx_word' id='word_1_476' title='bbox 1124 4802 1186 4839; x_wconf 89' lang='lat' dir='ltr'>cum</span> <span class='ocrx_word' id='word_1_477' title='bbox 1205 4788 1289 4839; x_wconf 74' lang='lat' dir='ltr'>codd.</span> <span class='ocrx_word' id='word_1_478' title='bbox 1308 4790 1373 4854; x_wconf 86' lang='lat' dir='ltr'>aliq.</span> <span class='ocrx_word' id='word_1_479' title='bbox 1394 4790 1457 4841; x_wconf 78' lang='lat' dir='ltr'>Cra·</span> 
     </span>
    </p>
   </div>
   <div class='ocr_carea' id='block_1_8' title="bbox 143 4856 958 4916">
    <p class='ocr_par' dir='ltr' id='par_1_8' title="bbox 143 4856 958 4916">
     <span class='ocr_line' id='line_1_47' title="bbox 143 4856 958 4916; baseline -0.005 -2"><span class='ocrx_word' id='word_1_480' title='bbox 143 4866 250 4916; x_wconf 84' lang='lat' dir='ltr'>landet:</span> <span class='ocrx_word' id='word_1_481' title='bbox 268 4865 412 4914; x_wconf 76' lang='lat' dir='ltr'>consularis</span> <span class='ocrx_word' id='word_1_482' title='bbox 429 4865 489 4915; x_wconf 78' lang='lat' dir='ltr'>bill.</span> <span class='ocrx_word' id='word_1_483' title='bbox 509 4890 542 4899; x_wconf 94' lang='lat'>-</span> <span class='ocrx_word' id='word_1_484' title='bbox 577 4864 621 4915; x_wconf 81' lang='grc'>39.</span> <span class='ocrx_word' id='word_1_485' title='bbox 641 4871 666 4915; x_wconf 82' lang='lat' dir='ltr'>tc</span> <span class='ocrx_word' id='word_1_486' title='bbox 683 4861 836 4912; x_wconf 80' lang='lat' dir='ltr'>Manutius:</span> <span class='ocrx_word' id='word_1_487' title='bbox 856 4865 881 4909; x_wconf 84' lang='lat' dir='ltr'>ct</span> <span class='ocrx_word' id='word_1_488' title='bbox 899 4856 958 4910; x_wconf 79' lang='lat' dir='ltr'>Mu.</span> 
     </span>
    </p>
   </div>
   <div class='ocr_carea' id='block_1_9' title="bbox 0 0 1632 5400">
    <p class='ocr_par' dir='ltr' id='par_1_9' title="bbox 0 0 1632 5400">
     <span class='ocr_line' id='line_1_48' title="bbox 0 0 1632 5400; baseline 0 0"><span class='ocrx_word' id='word_1_489' title='bbox 0 0 1632 5400; x_wconf 95' lang='lat' dir='ltr'> </span> 
     </span>
    </p>
   </div>
  </div>
 </body>
</html>
