<?xml version="1.0" encoding="UTF-8"?>
<!DOCTYPE html PUBLIC "-//W3C//DTD XHTML 1.0 Transitional//EN"
    "http://www.w3.org/TR/xhtml1/DTD/xhtml1-transitional.dtd">
<html xmlns="http://www.w3.org/1999/xhtml" xml:lang="en" lang="en">
 <head>
  <title>
</title>
<meta http-equiv="Content-Type" content="text/html;charset=utf-8" />
  <meta name='ocr-system' content='tesseract 3.04.00' />
  <meta name='ocr-capabilities' content='ocr_page ocr_carea ocr_par ocr_line ocrx_word'/>
</head>
<body>
  <div class='ocr_page' id='page_1' title='image "./operaquaesupers06halmgoog_0328.png"; bbox 0 0 3256 5400; ppageno 0'>
   <div class='ocr_carea' id='block_1_1' title="bbox 184 244 1066 312">
    <p class='ocr_par' dir='ltr' id='par_1_1' title="bbox 184 244 1066 312">
     <span class='ocr_line' id='line_1_1' title="bbox 184 244 1066 312; baseline 0.005 -4"><span class='ocrx_word' id='word_1_1' title='bbox 184 245 246 308; x_wconf 70' lang='lat'>258</span> <span class='ocrx_word' id='word_1_2' title='bbox 602 244 878 308; x_wconf 71' lang='lat' dir='ltr'>emerebantur</span> <span class='ocrx_word' id='word_1_3' title='bbox 900 247 951 307; x_wconf 76' lang='lat' dir='ltr'>tt)</span> <span class='ocrx_word' id='word_1_4' title='bbox 974 247 1066 312; x_wconf 72' lang='grc' dir='ltr'><strong>ΕΔΜ.</strong></span> 
     </span>
    </p>
   </div>
   <div class='ocr_carea' id='block_1_2' title="bbox 183 400 1505 563">
    <p class='ocr_par' dir='ltr' id='par_1_2' title="bbox 183 400 1505 563">
     <span class='ocr_line' id='line_1_2' title="bbox 183 400 1505 489; baseline -0.001 -20"><span class='ocrx_word' id='word_1_5' title='bbox 183 416 218 470; x_wconf 92' lang='lat' dir='ltr'>ut</span> <span class='ocrx_word' id='word_1_6' title='bbox 248 403 374 475; x_wconf 85' lang='lat' dir='ltr'>babeas,</span> <span class='ocrx_word' id='word_1_7' title='bbox 412 423 476 489; x_wconf 86' lang='lat' dir='ltr'>quo</span> <span class='ocrx_word' id='word_1_8' title='bbox 515 423 574 467; x_wconf 89' lang='lat' dir='ltr'>me.</span> <span class='ocrx_word' id='word_1_9' title='bbox 633 407 677 466; x_wconf 87' lang='lat' dir='ltr'>lta</span> <span class='ocrx_word' id='word_1_10' title='bbox 708 422 852 486; x_wconf 90' lang='lat' dir='ltr'>maguum</span> <span class='ocrx_word' id='word_1_11' title='bbox 891 400 1075 465; x_wconf 89' lang='lat' dir='ltr'>benolicium</span> <span class='ocrx_word' id='word_1_12' title='bbox 1113 412 1199 466; x_wconf 91' lang='lat' dir='ltr'>tuum</span> <span class='ocrx_word' id='word_1_13' title='bbox 1235 423 1348 485; x_wconf 92' lang='lat' dir='ltr'>magno</span> <span class='ocrx_word' id='word_1_14' title='bbox 1378 403 1505 468; x_wconf 90' lang='lat' dir='ltr'>cumulo</span> 
     </span>
     <span class='ocr_line' id='line_1_3' title="bbox 183 520 319 563; baseline -0.015 -1"><span class='ocrx_word' id='word_1_15' title='bbox 183 520 319 563; x_wconf 83' lang='lat' dir='ltr'>auxeris.</span> 
     </span>
    </p>
   </div>
   <div class='ocr_carea' id='block_1_3' title="bbox 510 634 1172 822">
    <p class='ocr_par' dir='ltr' id='par_1_3' title="bbox 510 634 1172 822">
     <span class='ocr_line' id='line_1_4' title="bbox 522 634 1056 722; baseline 0.002 -24"><span class='ocrx_word' id='word_1_16' title='bbox 522 715 526 722; x_wconf 21' lang='lat'><strong>¹</strong></span> <span class='ocrx_word' id='word_1_17' title='bbox 633 638 746 699; x_wconf 76' lang='lat' dir='ltr'>crui.</span> <span class='ocrx_word' id='word_1_18' title='bbox 788 634 836 718; x_wconf 77' lang='lat' dir='ltr'>(n.</span> <span class='ocrx_word' id='word_1_19' title='bbox 863 638 894 699; x_wconf 86' lang='lat' dir='ltr'>u</span> <span class='ocrx_word' id='word_1_20' title='bbox 917 638 948 700; x_wconf 91' lang='lat' dir='ltr'>c.</span> <span class='ocrx_word' id='word_1_21' title='bbox 971 635 1056 719; x_wconf 78' lang='lat' dir='ltr'>roe.)</span> 
     </span>
     <span class='ocr_line' id='line_1_5' title="bbox 510 758 1172 822; baseline 0.002 -1"><span class='ocrx_word' id='word_1_22' title='bbox 510 760 551 821; x_wconf 84' lang='lat' dir='ltr'>u.</span> <span class='ocrx_word' id='word_1_23' title='bbox 574 758 716 822; x_wconf 79' lang='lat' dir='ltr'>emeno</span> <span class='ocrx_word' id='word_1_24' title='bbox 740 760 770 821; x_wconf 94' lang='lat' dir='ltr'>s.</span> <span class='ocrx_word' id='word_1_25' title='bbox 792 761 830 819; x_wconf 91' lang='lat' dir='ltr'>n.</span> <span class='ocrx_word' id='word_1_26' title='bbox 852 759 885 820; x_wconf 82' lang='lat' dir='ltr'>r.</span> <span class='ocrx_word' id='word_1_27' title='bbox 908 758 1011 820; x_wconf 85' lang='lat' dir='ltr'>suro</span> <span class='ocrx_word' id='word_1_28' title='bbox 1033 758 1172 822; x_wconf 79' lang='lat' dir='ltr'>nnorn.</span> 
     </span>
    </p>
   </div>
   <div class='ocr_carea' id='block_1_4' title="bbox 147 885 1511 2282">
    <p class='ocr_par' dir='ltr' id='par_1_4' title="bbox 160 885 1511 1350">
     <span class='ocr_line' id='line_1_6' title="bbox 160 885 1506 974; baseline 0.007 -25"><span class='ocrx_word' id='word_1_29' title='bbox 160 909 173 949; x_wconf 78' lang='lat' dir='ltr'>s</span> <span class='ocrx_word' id='word_1_30' title='bbox 268 895 296 954; x_wconf 88' lang='lat'>1.</span> <span class='ocrx_word' id='word_1_31' title='bbox 333 895 402 954; x_wconf 92' lang='lat' dir='ltr'>Non</span> <span class='ocrx_word' id='word_1_32' title='bbox 423 891 530 974; x_wconf 86' lang='lat' dir='ltr'>putavi</span> <span class='ocrx_word' id='word_1_33' title='bbox 562 885 632 950; x_wconf 88' lang='lat' dir='ltr'>[ieri</span> <span class='ocrx_word' id='word_1_34' title='bbox 663 907 773 971; x_wconf 90' lang='lat' dir='ltr'>posse,</span> <span class='ocrx_word' id='word_1_35' title='bbox 797 896 830 952; x_wconf 92' lang='lat' dir='ltr'>ut</span> <span class='ocrx_word' id='word_1_36' title='bbox 851 885 928 950; x_wconf 89' lang='lat' dir='ltr'>mibi</span> <span class='ocrx_word' id='word_1_37' title='bbox 951 885 1046 950; x_wconf 87' lang='lat' dir='ltr'>verba</span> <span class='ocrx_word' id='word_1_38' title='bbox 1072 886 1234 967; x_wconf 86' lang='lat' dir='ltr'>deessent;</span> <span class='ocrx_word' id='word_1_39' title='bbox 1268 891 1324 956; x_wconf 91' lang='lat' dir='ltr'>sed</span> <span class='ocrx_word' id='word_1_40' title='bbox 1342 901 1446 957; x_wconf 90' lang='lat' dir='ltr'>tamen</span> <span class='ocrx_word' id='word_1_41' title='bbox 1473 895 1506 958; x_wconf 95' lang='lat' dir='ltr'>in</span> 
     </span>
     <span class='ocr_line' id='line_1_7' title="bbox 183 978 1505 1070; baseline 0 -20"><span class='ocrx_word' id='word_1_42' title='bbox 183 990 223 1050; x_wconf 94' lang='grc' dir='ltr'>Μ.</span> <span class='ocrx_word' id='word_1_43' title='bbox 245 985 361 1049; x_wconf 84' lang='lat' dir='ltr'><strong>Laenio</strong></span> <span class='ocrx_word' id='word_1_44' title='bbox 378 981 626 1046; x_wconf 88' lang='lat' dir='ltr'>commendando</span> <span class='ocrx_word' id='word_1_45' title='bbox 642 981 762 1044; x_wconf 90' lang='lat' dir='ltr'>desunt.</span> <span class='ocrx_word' id='word_1_46' title='bbox 805 983 913 1064; x_wconf 89' lang='lat' dir='ltr'>ltaque</span> <span class='ocrx_word' id='word_1_47' title='bbox 932 1000 999 1043; x_wconf 89' lang='lat' dir='ltr'>rem</span> <span class='ocrx_word' id='word_1_48' title='bbox 1015 978 1071 1043; x_wconf 92' lang='lat' dir='ltr'>tibi</span> <span class='ocrx_word' id='word_1_49' title='bbox 1091 1001 1247 1066; x_wconf 78' lang='lat' dir='ltr'><strong>exponam</strong></span> <span class='ocrx_word' id='word_1_50' title='bbox 1265 985 1373 1070; x_wconf 90' lang='lat' dir='ltr'>paucis</span> <span class='ocrx_word' id='word_1_51' title='bbox 1387 985 1505 1061; x_wconf 86' lang='lat' dir='ltr'>verbis,</span> 
     </span>
     <span class='ocr_line' id='line_1_8' title="bbox 182 1073 1507 1161; baseline 0.001 -17"><span class='ocrx_word' id='word_1_52' title='bbox 182 1078 237 1143; x_wconf 85' lang='lat' dir='ltr'>sed</span> <span class='ocrx_word' id='word_1_53' title='bbox 263 1088 383 1152; x_wconf 90' lang='lat' dir='ltr'>tamen,</span> <span class='ocrx_word' id='word_1_54' title='bbox 412 1087 446 1141; x_wconf 92' lang='lat' dir='ltr'>ut</span> <span class='ocrx_word' id='word_1_55' title='bbox 477 1077 568 1161; x_wconf 91' lang='lat' dir='ltr'>plane</span> <span class='ocrx_word' id='word_1_56' title='bbox 598 1075 777 1160; x_wconf 78' lang='lat' dir='ltr'>perspicere</span> <span class='ocrx_word' id='word_1_57' title='bbox 808 1073 910 1158; x_wconf 90' lang='lat' dir='ltr'>possis</span> <span class='ocrx_word' id='word_1_58' title='bbox 941 1073 1129 1137; x_wconf 89' lang='lat' dir='ltr'>voluntatem</span> <span class='ocrx_word' id='word_1_59' title='bbox 1156 1097 1268 1141; x_wconf 88' lang='lat' dir='ltr'>meam.</span> <span class='ocrx_word' id='word_1_60' title='bbox 1317 1079 1507 1144; x_wconf 84' lang='lat' dir='ltr'>Incredibile</span> 
     </span>
     <span class='ocr_line' id='line_1_9' title="bbox 183 1166 1511 1257; baseline 0.001 -20"><span class='ocrx_word' id='word_1_61' title='bbox 183 1183 245 1246; x_wconf 86' lang='lat' dir='ltr'>est,</span> <span class='ocrx_word' id='word_1_62' title='bbox 282 1171 388 1257; x_wconf 89' lang='lat' dir='ltr'>quanti</span> <span class='ocrx_word' id='word_1_63' title='bbox 417 1170 566 1234; x_wconf 88' lang='lat' dir='ltr'>iaciamus</span> <span class='ocrx_word' id='word_1_64' title='bbox 589 1179 620 1233; x_wconf 86' lang='lat' dir='ltr'>et</span> <span class='ocrx_word' id='word_1_65' title='bbox 649 1189 709 1252; x_wconf 87' lang='lat' dir='ltr'>ego</span> <span class='ocrx_word' id='word_1_66' title='bbox 731 1177 761 1231; x_wconf 85' lang='lat' dir='ltr'>et</span> <span class='ocrx_word' id='word_1_67' title='bbox 792 1166 890 1230; x_wconf 86' lang='lat' dir='ltr'>irater</span> <span class='ocrx_word' id='word_1_68' title='bbox 910 1187 1019 1238; x_wconf 90' lang='lat' dir='ltr'>meus,</span> <span class='ocrx_word' id='word_1_69' title='bbox 1057 1167 1110 1252; x_wconf 91' lang='lat' dir='ltr'>qui</span> <span class='ocrx_word' id='word_1_70' title='bbox 1134 1168 1210 1234; x_wconf 89' lang='lat' dir='ltr'>mibi</span> <span class='ocrx_word' id='word_1_71' title='bbox 1235 1172 1416 1238; x_wconf 81' lang='lat' dir='ltr'>carissimus</span> <span class='ocrx_word' id='word_1_72' title='bbox 1439 1183 1511 1247; x_wconf 79' lang='lat' dir='ltr'>est,</span> 
     </span>
     <span class='ocr_line' id='line_1_10' title="bbox 184 1259 1506 1350; baseline 0.002 -21"><span class='ocrx_word' id='word_1_73' title='bbox 184 1270 225 1331; x_wconf 88' lang='lat' dir='ltr'>ll.</span> <span class='ocrx_word' id='word_1_74' title='bbox 242 1265 401 1329; x_wconf 90' lang='lat' dir='ltr'>Laenium.</span> <span class='ocrx_word' id='word_1_75' title='bbox 456 1263 489 1328; x_wconf 98' lang='lat' dir='ltr'>ld</span> <span class='ocrx_word' id='word_1_76' title='bbox 512 1262 545 1326; x_wconf 85' lang='lat' dir='ltr'>lit</span> <span class='ocrx_word' id='word_1_77' title='bbox 566 1284 637 1327; x_wconf 80' lang='lat' dir='ltr'>cunr</span> <span class='ocrx_word' id='word_1_78' title='bbox 659 1261 801 1347; x_wconf 91' lang='lat' dir='ltr'>plurimis</span> <span class='ocrx_word' id='word_1_79' title='bbox 823 1264 891 1324; x_wconf 90' lang='lat' dir='ltr'>eius</span> <span class='ocrx_word' id='word_1_80' title='bbox 914 1259 1039 1332; x_wconf 79' lang='lat' dir='ltr'>officiiS,</span> <span class='ocrx_word' id='word_1_81' title='bbox 1063 1271 1128 1325; x_wconf 90' lang='lat' dir='ltr'>tum</span> <span class='ocrx_word' id='word_1_82' title='bbox 1155 1285 1275 1329; x_wconf 90' lang='lat' dir='ltr'>summa</span> <span class='ocrx_word' id='word_1_83' title='bbox 1292 1266 1449 1350; x_wconf 77' lang='lat' dir='ltr'>probitate</span> <span class='ocrx_word' id='word_1_84' title='bbox 1474 1278 1506 1332; x_wconf 90' lang='lat' dir='ltr'>et</span> 
     </span>
    </p>

    <p class='ocr_par' dir='ltr' id='par_1_5' title="bbox 148 1353 1507 1818">
     <span class='ocr_line' id='line_1_11' title="bbox 148 1353 1507 1446; baseline 0.002 -24"><span class='ocrx_word' id='word_1_85' title='bbox 148 1377 173 1415; x_wconf 75' lang='grc' dir='ltr'>ιο</span> <span class='ocrx_word' id='word_1_86' title='bbox 183 1359 334 1444; x_wconf 86' lang='lat' dir='ltr'>singulari</span> <span class='ocrx_word' id='word_1_87' title='bbox 359 1357 521 1421; x_wconf 90' lang='lat' dir='ltr'>modestia.</span> <span class='ocrx_word' id='word_1_88' title='bbox 570 1360 649 1419; x_wconf 88' lang='lat' dir='ltr'>Eum</span> <span class='ocrx_word' id='word_1_89' title='bbox 683 1374 742 1438; x_wconf 90' lang='lat' dir='ltr'>ego</span> <span class='ocrx_word' id='word_1_90' title='bbox 768 1376 785 1418; x_wconf 88' lang='lat' dir='ltr'>a</span> <span class='ocrx_word' id='word_1_91' title='bbox 814 1375 864 1417; x_wconf 89' lang='lat' dir='ltr'>me</span> <span class='ocrx_word' id='word_1_92' title='bbox 888 1353 1089 1418; x_wconf 87' lang='lat' dir='ltr'>invitissimus</span> <span class='ocrx_word' id='word_1_93' title='bbox 1119 1355 1240 1432; x_wconf 90' lang='lat' dir='ltr'>dimisi,</span> <span class='ocrx_word' id='word_1_94' title='bbox 1277 1381 1348 1424; x_wconf 91' lang='lat' dir='ltr'>cum</span> <span class='ocrx_word' id='word_1_95' title='bbox 1374 1370 1507 1446; x_wconf 90' lang='lat' dir='ltr'>propter</span> 
     </span>
     <span class='ocr_line' id='line_1_12' title="bbox 183 1448 1505 1533; baseline 0.001 -16"><span class='ocrx_word' id='word_1_96' title='bbox 183 1453 424 1518; x_wconf 70' lang='lat' dir='ltr'>familiaritatem</span> <span class='ocrx_word' id='word_1_97' title='bbox 446 1460 478 1514; x_wconf 91' lang='lat' dir='ltr'>et</span> <span class='ocrx_word' id='word_1_98' title='bbox 498 1448 731 1514; x_wconf 85' lang='lat' dir='ltr'>consuetudinis</span> <span class='ocrx_word' id='word_1_99' title='bbox 752 1448 950 1519; x_wconf 85' lang='lat' dir='ltr'>suavitatem,</span> <span class='ocrx_word' id='word_1_100' title='bbox 974 1455 1040 1510; x_wconf 91' lang='lat' dir='ltr'>tum</span> <span class='ocrx_word' id='word_1_101' title='bbox 1062 1449 1146 1533; x_wconf 86' lang='lat' dir='ltr'>quod</span> <span class='ocrx_word' id='word_1_102' title='bbox 1177 1451 1310 1517; x_wconf 92' lang='lat' dir='ltr'>consilio</span> <span class='ocrx_word' id='word_1_103' title='bbox 1331 1453 1399 1517; x_wconf 93' lang='lat' dir='ltr'>eius</span> <span class='ocrx_word' id='word_1_104' title='bbox 1422 1452 1505 1518; x_wconf 90' lang='lat' dir='ltr'>lideli</span> 
     </span>
     <span class='ocr_line' id='line_1_13' title="bbox 182 1541 1506 1629; baseline 0 -17"><span class='ocrx_word' id='word_1_105' title='bbox 182 1568 219 1612; x_wconf 91' lang='lat' dir='ltr'>ac</span> <span class='ocrx_word' id='word_1_106' title='bbox 245 1546 329 1611; x_wconf 91' lang='lat' dir='ltr'>bono</span> <span class='ocrx_word' id='word_1_107' title='bbox 355 1544 498 1610; x_wconf 85' lang='lat' dir='ltr'>lubenter</span> <span class='ocrx_word' id='word_1_108' title='bbox 522 1543 643 1608; x_wconf 85' lang='lat' dir='ltr'>utebar.</span> <span class='ocrx_word' id='word_1_109' title='bbox 686 1546 716 1605; x_wconf 77' lang='lat'>2.</span> <span class='ocrx_word' id='word_1_110' title='bbox 740 1541 802 1606; x_wconf 86' lang='lat' dir='ltr'>Sed</span> <span class='ocrx_word' id='word_1_111' title='bbox 821 1562 951 1613; x_wconf 87' lang='lat' dir='ltr'>vereor,</span> <span class='ocrx_word' id='word_1_112' title='bbox 974 1561 1014 1604; x_wconf 93' lang='lat' dir='ltr'>ue</span> <span class='ocrx_word' id='word_1_113' title='bbox 1040 1541 1101 1604; x_wconf 90' lang='lat' dir='ltr'>iam</span> <span class='ocrx_word' id='word_1_114' title='bbox 1120 1564 1285 1629; x_wconf 83' lang='lat' dir='ltr'>superesse</span> <span class='ocrx_word' id='word_1_115' title='bbox 1307 1545 1384 1611; x_wconf 92' lang='lat' dir='ltr'>mibi</span> <span class='ocrx_word' id='word_1_116' title='bbox 1407 1546 1506 1612; x_wconf 82' lang='lat' dir='ltr'>verba</span> 
     </span>
     <span class='ocr_line' id='line_1_14' title="bbox 183 1633 1507 1726; baseline 0 -21"><span class='ocrx_word' id='word_1_117' title='bbox 183 1652 288 1726; x_wconf 90' lang='lat' dir='ltr'>putes,</span> <span class='ocrx_word' id='word_1_118' title='bbox 322 1659 403 1725; x_wconf 85' lang='lat' dir='ltr'>quae</span> <span class='ocrx_word' id='word_1_119' title='bbox 421 1638 562 1702; x_wconf 87' lang='lat' dir='ltr'>dixeram</span> <span class='ocrx_word' id='word_1_120' title='bbox 590 1635 744 1700; x_wconf 79' lang='lat' dir='ltr'>defutura.</span> <span class='ocrx_word' id='word_1_121' title='bbox 788 1633 978 1700; x_wconf 88' lang='lat' dir='ltr'>Commendo</span> <span class='ocrx_word' id='word_1_122' title='bbox 1008 1634 1063 1699; x_wconf 93' lang='lat' dir='ltr'>tibi</span> <span class='ocrx_word' id='word_1_123' title='bbox 1089 1635 1266 1711; x_wconf 91' lang='lat' dir='ltr'>bominem,</span> <span class='ocrx_word' id='word_1_124' title='bbox 1288 1638 1369 1703; x_wconf 90' lang='lat' dir='ltr'>sicut</span> <span class='ocrx_word' id='word_1_125' title='bbox 1390 1640 1507 1705; x_wconf 90' lang='lat' dir='ltr'>intelli-</span> 
     </span>
     <span class='ocr_line' id='line_1_15' title="bbox 182 1727 1506 1818; baseline 0 -20"><span class='ocrx_word' id='word_1_126' title='bbox 182 1738 229 1818; x_wconf 90' lang='lat' dir='ltr'>gis</span> <span class='ocrx_word' id='word_1_127' title='bbox 252 1753 318 1803; x_wconf 89' lang='lat' dir='ltr'>me,</span> <span class='ocrx_word' id='word_1_128' title='bbox 341 1730 461 1816; x_wconf 90' lang='lat' dir='ltr'>dequo</span> <span class='ocrx_word' id='word_1_129' title='bbox 484 1752 520 1794; x_wconf 90' lang='lat' dir='ltr'>ea</span> <span class='ocrx_word' id='word_1_130' title='bbox 540 1751 634 1816; x_wconf 88' lang='lat' dir='ltr'>supra</span> <span class='ocrx_word' id='word_1_131' title='bbox 658 1728 854 1814; x_wconf 91' lang='lat' dir='ltr'>scripserim,</span> <span class='ocrx_word' id='word_1_132' title='bbox 877 1727 992 1792; x_wconf 90' lang='lat' dir='ltr'>debere</span> <span class='ocrx_word' id='word_1_133' title='bbox 1018 1730 1299 1809; x_wconf 80' lang='lat' dir='ltr'>commendare3a</span> <span class='ocrx_word' id='word_1_134' title='bbox 1327 1741 1421 1818; x_wconf 90' lang='lat' dir='ltr'>teque</span> <span class='ocrx_word' id='word_1_135' title='bbox 1451 1754 1506 1798; x_wconf 82' lang='lat' dir='ltr'>ve-</span> 
     </span>
    </p>

    <p class='ocr_par' dir='ltr' id='par_1_6' title="bbox 147 1821 1505 2282">
     <span class='ocr_line' id='line_1_16' title="bbox 147 1821 1505 1910; baseline 0.001 -21"><span class='ocrx_word' id='word_1_136' title='bbox 147 1825 344 1890; x_wconf 66' lang='lat' dir='ltr'>uehementer</span> <span class='ocrx_word' id='word_1_137' title='bbox 376 1825 468 1888; x_wconf 85' lang='lat' dir='ltr'>etiam</span> <span class='ocrx_word' id='word_1_138' title='bbox 506 1834 598 1910; x_wconf 91' lang='lat' dir='ltr'>atque</span> <span class='ocrx_word' id='word_1_139' title='bbox 630 1824 724 1887; x_wconf 91' lang='lat' dir='ltr'>etiam</span> <span class='ocrx_word' id='word_1_140' title='bbox 749 1833 841 1908; x_wconf 90' lang='lat' dir='ltr'>peto,</span> <span class='ocrx_word' id='word_1_141' title='bbox 877 1832 927 1896; x_wconf 91' lang='lat' dir='ltr'>ut,</span> <span class='ocrx_word' id='word_1_142' title='bbox 960 1821 1045 1908; x_wconf 88' lang='lat' dir='ltr'>quod</span> <span class='ocrx_word' id='word_1_143' title='bbox 1073 1822 1167 1888; x_wconf 83' lang='lat' dir='ltr'>babet</span> <span class='ocrx_word' id='word_1_144' title='bbox 1189 1824 1221 1888; x_wconf 94' lang='lat' dir='ltr'>in</span> <span class='ocrx_word' id='word_1_145' title='bbox 1252 1833 1304 1890; x_wconf 91' lang='lat' dir='ltr'>tua</span> <span class='ocrx_word' id='word_1_146' title='bbox 1342 1826 1505 1910; x_wconf 78' lang='lat' dir='ltr'>provincia</span> 
     </span>
     <span class='ocr_line' id='line_1_17' title="bbox 183 1915 1505 2006; baseline 0.002 -23"><span class='ocrx_word' id='word_1_147' title='bbox 183 1918 316 2003; x_wconf 89' lang='lat' dir='ltr'>negotii,</span> <span class='ocrx_word' id='word_1_148' title='bbox 340 1917 503 2003; x_wconf 83' lang='lat' dir='ltr'>expedias;</span> <span class='ocrx_word' id='word_1_149' title='bbox 526 1918 611 2004; x_wconf 89' lang='lat' dir='ltr'>quod</span> <span class='ocrx_word' id='word_1_150' title='bbox 630 1917 686 1982; x_wconf 93' lang='lat' dir='ltr'>tibi</span> <span class='ocrx_word' id='word_1_151' title='bbox 705 1915 862 1981; x_wconf 89' lang='lat' dir='ltr'>videbitur</span> <span class='ocrx_word' id='word_1_152' title='bbox 875 1925 994 1980; x_wconf 88' lang='lat' dir='ltr'>rectum</span> <span class='ocrx_word' id='word_1_153' title='bbox 1016 1937 1100 1989; x_wconf 93' lang='lat' dir='ltr'>esse,</span> <span class='ocrx_word' id='word_1_154' title='bbox 1123 1917 1183 2002; x_wconf 92' lang='lat' dir='ltr'>ipsi</span> <span class='ocrx_word' id='word_1_155' title='bbox 1199 1917 1294 1984; x_wconf 90' lang='lat' dir='ltr'>dieas.</span> <span class='ocrx_word' id='word_1_156' title='bbox 1335 1920 1505 2006; x_wconf 74' lang='lat' dir='ltr'>Hominem</span> 
     </span>
     <span class='ocr_line' id='line_1_18' title="bbox 182 2011 1504 2096; baseline 0.001 -20"><span class='ocrx_word' id='word_1_157' title='bbox 182 2011 362 2076; x_wconf 80' lang='lat' dir='ltr'>facillimum</span> <span class='ocrx_word' id='word_1_158' title='bbox 392 2011 707 2096; x_wconf 85' lang='lat' dir='ltr'>liberalissimumque</span> <span class='ocrx_word' id='word_1_159' title='bbox 740 2029 919 2093; x_wconf 84' lang='lat' dir='ltr'>cognosces.</span> <span class='ocrx_word' id='word_1_160' title='bbox 962 2013 1069 2094; x_wconf 88' lang='lat' dir='ltr'>ltaque</span> <span class='ocrx_word' id='word_1_161' title='bbox 1093 2019 1123 2074; x_wconf 94' lang='lat' dir='ltr'>te</span> <span class='ocrx_word' id='word_1_162' title='bbox 1145 2031 1245 2095; x_wconf 88' lang='lat' dir='ltr'>rogo,</span> <span class='ocrx_word' id='word_1_163' title='bbox 1268 2020 1302 2076; x_wconf 93' lang='lat' dir='ltr'>ut</span> <span class='ocrx_word' id='word_1_164' title='bbox 1323 2032 1395 2077; x_wconf 92' lang='lat' dir='ltr'>eum</span> <span class='ocrx_word' id='word_1_165' title='bbox 1420 2013 1504 2078; x_wconf 90' lang='lat' dir='ltr'>solu·</span> 
     </span>
     <span class='ocr_line' id='line_1_19' title="bbox 183 2101 1504 2190; baseline 0.003 -21"><span class='ocrx_word' id='word_1_166' title='bbox 183 2115 263 2176; x_wconf 90' lang='lat' dir='ltr'>tum,</span> <span class='ocrx_word' id='word_1_167' title='bbox 296 2104 450 2177; x_wconf 91' lang='lat' dir='ltr'>liberum,</span> <span class='ocrx_word' id='word_1_168' title='bbox 488 2104 637 2169; x_wconf 89' lang='lat' dir='ltr'>conlectis</span> <span class='ocrx_word' id='word_1_169' title='bbox 667 2103 735 2167; x_wconf 90' lang='lat' dir='ltr'>eius</span> <span class='ocrx_word' id='word_1_170' title='bbox 766 2101 900 2185; x_wconf 91' lang='lat' dir='ltr'>negotiis</span> <span class='ocrx_word' id='word_1_171' title='bbox 931 2112 1062 2186; x_wconf 93' lang='lat' dir='ltr'>perte,</span> <span class='ocrx_word' id='word_1_172' title='bbox 1096 2125 1191 2189; x_wconf 89' lang='lat' dir='ltr'>quam</span> <span class='ocrx_word' id='word_1_173' title='bbox 1223 2105 1359 2190; x_wconf 90' lang='lat' dir='ltr'>primum</span> <span class='ocrx_word' id='word_1_174' title='bbox 1386 2105 1427 2172; x_wconf 89' lang='lat' dir='ltr'>ad</span> <span class='ocrx_word' id='word_1_175' title='bbox 1453 2128 1504 2173; x_wconf 89' lang='lat' dir='ltr'>me</span> 
     </span>
     <span class='ocr_line' id='line_1_20' title="bbox 182 2195 1154 2282; baseline -0.003 -19"><span class='ocrx_word' id='word_1_176' title='bbox 182 2197 331 2263; x_wconf 90' lang='lat' dir='ltr'>remittas.</span> <span class='ocrx_word' id='word_1_177' title='bbox 374 2196 410 2263; x_wconf 95' lang='lat' dir='ltr'>ld</span> <span class='ocrx_word' id='word_1_178' title='bbox 430 2197 506 2262; x_wconf 92' lang='lat' dir='ltr'>mibi</span> <span class='ocrx_word' id='word_1_179' title='bbox 528 2196 681 2282; x_wconf 84' lang='lat' dir='ltr'>fratrique</span> <span class='ocrx_word' id='word_1_180' title='bbox 703 2215 775 2258; x_wconf 93' lang='lat' dir='ltr'>meo</span> <span class='ocrx_word' id='word_1_181' title='bbox 797 2195 1008 2279; x_wconf 89' lang='lat' dir='ltr'>gratissimum</span> <span class='ocrx_word' id='word_1_182' title='bbox 1031 2195 1154 2261; x_wconf 89' lang='lat' dir='ltr'>leceris.</span> 
     </span>
    </p>
   </div>
   <div class='ocr_carea' id='block_1_5' title="bbox 145 2364 1052 2447">
    <p class='ocr_par' dir='ltr' id='par_1_7' title="bbox 145 2364 1052 2447">
     <span class='ocr_line' id='line_1_21' title="bbox 145 2364 1052 2447; baseline 0.008 -26"><span class='ocrx_word' id='word_1_183' title='bbox 145 2398 174 2439; x_wconf 84' lang='lat'>„</span> <span class='ocrx_word' id='word_1_184' title='bbox 634 2366 740 2428; x_wconf 76' lang='lat' dir='ltr'>crin</span> <span class='ocrx_word' id='word_1_185' title='bbox 784 2365 832 2446; x_wconf 77' lang='lat' dir='ltr'>(n.</span> <span class='ocrx_word' id='word_1_186' title='bbox 858 2365 889 2427; x_wconf 85' lang='lat' dir='ltr'>u.</span> <span class='ocrx_word' id='word_1_187' title='bbox 913 2365 944 2426; x_wconf 89' lang='lat' dir='ltr'>c.</span> <span class='ocrx_word' id='word_1_188' title='bbox 968 2364 1052 2447; x_wconf 86' lang='lat'>703.)</span> 
     </span>
    </p>
   </div>
   <div class='ocr_carea' id='block_1_6' title="bbox 512 2486 1174 2551">
    <p class='ocr_par' dir='ltr' id='par_1_8' title="bbox 512 2486 1174 2551">
     <span class='ocr_line' id='line_1_22' title="bbox 512 2486 1174 2551; baseline 0 -1"><span class='ocrx_word' id='word_1_189' title='bbox 512 2489 553 2550; x_wconf 92' lang='grc' dir='ltr'>Μ.</span> <span class='ocrx_word' id='word_1_190' title='bbox 576 2486 717 2551; x_wconf 84' lang='lat' dir='ltr'>CICERO</span> <span class='ocrx_word' id='word_1_191' title='bbox 741 2487 772 2548; x_wconf 89' lang='lat' dir='ltr'>S.</span> <span class='ocrx_word' id='word_1_192' title='bbox 795 2489 832 2548; x_wconf 90' lang='lat' dir='ltr'>D.</span> <span class='ocrx_word' id='word_1_193' title='bbox 854 2487 887 2548; x_wconf 92' lang='lat' dir='ltr'>P.</span> <span class='ocrx_word' id='word_1_194' title='bbox 910 2486 1014 2548; x_wconf 88' lang='lat' dir='ltr'>SlLlO</span> <span class='ocrx_word' id='word_1_195' title='bbox 1036 2488 1174 2550; x_wconf 86' lang='lat' dir='ltr'>PROPR.</span> 
     </span>
    </p>
   </div>
   <div class='ocr_carea' id='block_1_7' title="bbox 123 2594 1504 4457">
    <p class='ocr_par' dir='ltr' id='par_1_9' title="bbox 123 2594 1504 4457">
     <span class='ocr_line' id='line_1_23' title="bbox 123 2594 1503 2683; baseline 0.004 -21"><span class='ocrx_word' id='word_1_196' title='bbox 123 2665 124 2668; x_wconf 63' lang='grc'>,</span> <span class='ocrx_word' id='word_1_197' title='bbox 269 2604 298 2662; x_wconf 97' lang='grc'>1.</span> <span class='ocrx_word' id='word_1_198' title='bbox 319 2603 402 2665; x_wconf 89' lang='lat' dir='ltr'>Nero</span> <span class='ocrx_word' id='word_1_199' title='bbox 431 2617 520 2660; x_wconf 91' lang='lat' dir='ltr'>meus</span> <span class='ocrx_word' id='word_1_200' title='bbox 541 2595 687 2660; x_wconf 88' lang='lat' dir='ltr'>mirificas</span> <span class='ocrx_word' id='word_1_201' title='bbox 709 2594 791 2681; x_wconf 90' lang='lat' dir='ltr'>apud</span> <span class='ocrx_word' id='word_1_202' title='bbox 815 2616 865 2658; x_wconf 90' lang='lat' dir='ltr'>me</span> <span class='ocrx_word' id='word_1_203' title='bbox 889 2594 945 2659; x_wconf 88' lang='lat' dir='ltr'>tibi</span> <span class='ocrx_word' id='word_1_204' title='bbox 967 2597 1081 2679; x_wconf 79' lang='lat' dir='ltr'>gratias</span> <span class='ocrx_word' id='word_1_205' title='bbox 1106 2597 1188 2681; x_wconf 89' lang='lat' dir='ltr'>egit,</span> <span class='ocrx_word' id='word_1_206' title='bbox 1216 2619 1347 2683; x_wconf 90' lang='lat' dir='ltr'>prorsus</span> <span class='ocrx_word' id='word_1_207' title='bbox 1369 2603 1503 2668; x_wconf 90' lang='lat' dir='ltr'>incredi-</span> 
     </span>
     <span class='ocr_line' id='line_1_24' title="bbox 184 2687 1504 2783; baseline 0.004 -26"><span class='ocrx_word' id='word_1_208' title='bbox 184 2691 283 2766; x_wconf 87' lang='lat' dir='ltr'>biles,</span> <span class='ocrx_word' id='word_1_209' title='bbox 320 2699 354 2755; x_wconf 93' lang='lat' dir='ltr'>ut</span> <span class='ocrx_word' id='word_1_210' title='bbox 376 2690 497 2754; x_wconf 91' lang='lat' dir='ltr'>nullum</span> <span class='ocrx_word' id='word_1_211' title='bbox 523 2689 676 2754; x_wconf 88' lang='lat' dir='ltr'>bonorem</span> <span class='ocrx_word' id='word_1_212' title='bbox 706 2687 767 2752; x_wconf 93' lang='lat' dir='ltr'>sibi</span> <span class='ocrx_word' id='word_1_213' title='bbox 791 2688 900 2753; x_wconf 90' lang='lat' dir='ltr'>baberi</span> <span class='ocrx_word' id='word_1_214' title='bbox 925 2689 1064 2773; x_wconf 92' lang='lat' dir='ltr'>potuisse</span> <span class='ocrx_word' id='word_1_215' title='bbox 1091 2689 1220 2766; x_wconf 88' lang='lat' dir='ltr'>diceret,</span> <span class='ocrx_word' id='word_1_216' title='bbox 1250 2696 1303 2779; x_wconf 91' lang='lat' dir='ltr'>qui</span> <span class='ocrx_word' id='word_1_217' title='bbox 1322 2718 1341 2760; x_wconf 88' lang='lat' dir='ltr'>a</span> <span class='ocrx_word' id='word_1_218' title='bbox 1362 2707 1393 2761; x_wconf 97' lang='lat' dir='ltr'>te</span> <span class='ocrx_word' id='word_1_219' title='bbox 1412 2695 1504 2783; x_wconf 90' lang='lat' dir='ltr'>prae-</span> 
     </span>
     <span class='ocr_line' id='line_1_25' title="bbox 185 2781 1503 2867; baseline 0.004 -17"><span class='ocrx_word' id='word_1_220' title='bbox 185 2785 347 2850; x_wconf 88' lang='lat' dir='ltr'>termissus</span> <span class='ocrx_word' id='word_1_221' title='bbox 380 2792 472 2848; x_wconf 92' lang='lat' dir='ltr'>esset.</span> <span class='ocrx_word' id='word_1_222' title='bbox 528 2788 674 2867; x_wconf 84' lang='lat' dir='ltr'>Magnum</span> <span class='ocrx_word' id='word_1_223' title='bbox 696 2781 831 2847; x_wconf 85' lang='lat' dir='ltr'>fructum</span> <span class='ocrx_word' id='word_1_224' title='bbox 855 2803 896 2846; x_wconf 82' lang='lat' dir='ltr'>ex</span> <span class='ocrx_word' id='word_1_225' title='bbox 921 2781 991 2866; x_wconf 91' lang='lat' dir='ltr'>ipso</span> <span class='ocrx_word' id='word_1_226' title='bbox 1014 2782 1134 2867; x_wconf 88' lang='lat' dir='ltr'>capies;</span> <span class='ocrx_word' id='word_1_227' title='bbox 1170 2785 1246 2851; x_wconf 94' lang='lat' dir='ltr'>nibil</span> <span class='ocrx_word' id='word_1_228' title='bbox 1272 2801 1319 2853; x_wconf 94' lang='lat' dir='ltr'>est</span> <span class='ocrx_word' id='word_1_229' title='bbox 1341 2791 1424 2854; x_wconf 93' lang='lat' dir='ltr'>enim</span> <span class='ocrx_word' id='word_1_230' title='bbox 1447 2791 1503 2856; x_wconf 92' lang='lat' dir='ltr'>illo</span> 
     </span>
     <span class='ocr_line' id='line_1_26' title="bbox 147 2875 1502 2962; baseline 0.003 -18"><span class='ocrx_word' id='word_1_231' title='bbox 147 2907 176 2945; x_wconf 74' lang='lat' dir='ltr'>es</span> <span class='ocrx_word' id='word_1_232' title='bbox 184 2877 379 2944; x_wconf 88' lang='lat' dir='ltr'>adolescente</span> <span class='ocrx_word' id='word_1_233' title='bbox 404 2877 532 2961; x_wconf 79' lang='lat' dir='ltr'>gratim.</span> <span class='ocrx_word' id='word_1_234' title='bbox 590 2875 653 2941; x_wconf 88' lang='lat' dir='ltr'>Sed</span> <span class='ocrx_word' id='word_1_235' title='bbox 688 2875 865 2940; x_wconf 91' lang='lat' dir='ltr'>mehercule</span> <span class='ocrx_word' id='word_1_236' title='bbox 892 2875 968 2938; x_wconf 89' lang='lat' dir='ltr'>mibi</span> <span class='ocrx_word' id='word_1_237' title='bbox 992 2897 1118 2961; x_wconf 91' lang='lat' dir='ltr'>quoque</span> <span class='ocrx_word' id='word_1_238' title='bbox 1149 2879 1358 2962; x_wconf 87' lang='lat' dir='ltr'>gratissimum</span> <span class='ocrx_word' id='word_1_239' title='bbox 1385 2882 1502 2962; x_wconf 84' lang='lat' dir='ltr'>lecisti;</span> 
     </span>
     <span class='ocr_line' id='line_1_27' title="bbox 183 2968 1502 3058; baseline 0.005 -22"><span class='ocrx_word' id='word_1_240' title='bbox 183 2971 283 3058; x_wconf 89' lang='lat' dir='ltr'>pluris</span> <span class='ocrx_word' id='word_1_241' title='bbox 308 2971 391 3035; x_wconf 92' lang='lat' dir='ltr'>enim</span> <span class='ocrx_word' id='word_1_242' title='bbox 418 2969 569 3035; x_wconf 83' lang='lat' dir='ltr'>exomni</span> <span class='ocrx_word' id='word_1_243' title='bbox 598 2968 760 3034; x_wconf 89' lang='lat' dir='ltr'>nobilitate</span> <span class='ocrx_word' id='word_1_244' title='bbox 786 2968 941 3033; x_wconf 89' lang='lat' dir='ltr'>neminem</span> <span class='ocrx_word' id='word_1_245' title='bbox 970 2968 1060 3034; x_wconf 85' lang='lat' dir='ltr'>lucio.</span> <span class='ocrx_word' id='word_1_246' title='bbox 1104 2975 1231 3057; x_wconf 86' lang='lat' dir='ltr'>ltaque,</span> <span class='ocrx_word' id='word_1_247' title='bbox 1254 2975 1281 3039; x_wconf 89' lang='lat' dir='ltr'>si</span> <span class='ocrx_word' id='word_1_248' title='bbox 1308 2996 1345 3039; x_wconf 92' lang='lat' dir='ltr'>ea</span> <span class='ocrx_word' id='word_1_249' title='bbox 1369 2976 1502 3052; x_wconf 87' lang='lat' dir='ltr'>leceris,</span> 
     </span>
     <span class='ocr_line' id='line_1_28' title="bbox 183 3061 1502 3150; baseline 0.005 -22"><span class='ocrx_word' id='word_1_250' title='bbox 183 3085 263 3150; x_wconf 88' lang='lat' dir='ltr'>quae</span> <span class='ocrx_word' id='word_1_251' title='bbox 281 3063 334 3128; x_wconf 94' lang='lat' dir='ltr'>ille</span> <span class='ocrx_word' id='word_1_252' title='bbox 356 3083 414 3147; x_wconf 91' lang='lat' dir='ltr'>per</span> <span class='ocrx_word' id='word_1_253' title='bbox 437 3083 487 3126; x_wconf 92' lang='lat' dir='ltr'>me</span> <span class='ocrx_word' id='word_1_254' title='bbox 519 3072 621 3125; x_wconf 89' lang='lat' dir='ltr'>tecum</span> <span class='ocrx_word' id='word_1_255' title='bbox 646 3063 697 3146; x_wconf 88' lang='lat' dir='ltr'>agi</span> <span class='ocrx_word' id='word_1_256' title='bbox 719 3062 832 3136; x_wconf 83' lang='lat' dir='ltr'>voluit,</span> <span class='ocrx_word' id='word_1_257' title='bbox 862 3061 1072 3145; x_wconf 86' lang='lat' dir='ltr'>gratissimum</span> <span class='ocrx_word' id='word_1_258' title='bbox 1095 3064 1171 3128; x_wconf 93' lang='lat' dir='ltr'>mibi</span> <span class='ocrx_word' id='word_1_259' title='bbox 1196 3065 1319 3134; x_wconf 86' lang='lat' dir='ltr'>feceris.</span> <span class='ocrx_word' id='word_1_260' title='bbox 1361 3068 1502 3134; x_wconf 88' lang='lat' dir='ltr'>Primum</span> 
     </span>
     <span class='ocr_line' id='line_1_29' title="bbox 183 3154 1504 3229; baseline 0.003 -7"><span class='ocrx_word' id='word_1_261' title='bbox 183 3156 223 3223; x_wconf 92' lang='lat' dir='ltr'>de</span> <span class='ocrx_word' id='word_1_262' title='bbox 244 3157 395 3221; x_wconf 82' lang='lat' dir='ltr'>Pausania</span> <span class='ocrx_word' id='word_1_263' title='bbox 418 3154 641 3229; x_wconf 76' lang='lat' dir='ltr'>Alabandensi,</span> <span class='ocrx_word' id='word_1_264' title='bbox 678 3165 830 3220; x_wconf 89' lang='lat' dir='ltr'>sustentes</span> <span class='ocrx_word' id='word_1_265' title='bbox 851 3175 936 3228; x_wconf 90' lang='lat' dir='ltr'>rem,</span> <span class='ocrx_word' id='word_1_266' title='bbox 968 3154 1042 3219; x_wconf 91' lang='lat' dir='ltr'>dum</span> <span class='ocrx_word' id='word_1_267' title='bbox 1066 3161 1149 3223; x_wconf 88' lang='lat' dir='ltr'>Nero</span> <span class='ocrx_word' id='word_1_268' title='bbox 1174 3160 1287 3226; x_wconf 75' lang='lat' dir='ltr'>veniat.</span> <span class='ocrx_word' id='word_1_269' title='bbox 1329 3160 1504 3227; x_wconf 84' lang='lat' dir='ltr'>Vehemen-</span> 
     </span>
     <span class='ocr_line' id='line_1_30' title="bbox 183 3247 1503 3338; baseline 0.005 -24"><span class='ocrx_word' id='word_1_270' title='bbox 183 3250 321 3316; x_wconf 84' lang='lat' dir='ltr'>tercius</span> <span class='ocrx_word' id='word_1_271' title='bbox 344 3271 436 3315; x_wconf 90' lang='lat' dir='ltr'>causa</span> <span class='ocrx_word' id='word_1_272' title='bbox 460 3270 575 3334; x_wconf 88' lang='lat' dir='ltr'>cupere</span> <span class='ocrx_word' id='word_1_273' title='bbox 600 3270 671 3313; x_wconf 91' lang='lat' dir='ltr'>eum</span> <span class='ocrx_word' id='word_1_274' title='bbox 697 3249 857 3325; x_wconf 82' lang='lat' dir='ltr'>intellexi;</span> <span class='ocrx_word' id='word_1_275' title='bbox 880 3248 984 3332; x_wconf 88' lang='lat' dir='ltr'>itaque</span> <span class='ocrx_word' id='word_1_276' title='bbox 1004 3247 1063 3312; x_wconf 91' lang='lat' dir='ltr'>boc</span> <span class='ocrx_word' id='word_1_277' title='bbox 1085 3251 1175 3315; x_wconf 85' lang='lat' dir='ltr'>valde</span> <span class='ocrx_word' id='word_1_278' title='bbox 1193 3262 1224 3317; x_wconf 91' lang='lat' dir='ltr'>te</span> <span class='ocrx_word' id='word_1_279' title='bbox 1247 3274 1339 3338; x_wconf 91' lang='lat' dir='ltr'>rogo.</span> <span class='ocrx_word' id='word_1_280' title='bbox 1381 3254 1503 3319; x_wconf 88' lang='lat' dir='ltr'>Deinde</span> 
     </span>
     <span class='ocr_line' id='line_1_31' title="bbox 147 3341 1504 3434; baseline 0.001 -23"><span class='ocrx_word' id='word_1_281' title='bbox 147 3350 333 3434; x_wconf 67' lang='lat' dir='ltr'>echsaeos</span> <span class='ocrx_word' id='word_1_282' title='bbox 371 3365 450 3430; x_wconf 87' lang='lat' dir='ltr'>quos</span> <span class='ocrx_word' id='word_1_283' title='bbox 475 3348 558 3407; x_wconf 87' lang='lat' dir='ltr'>Nero</span> <span class='ocrx_word' id='word_1_284' title='bbox 585 3343 617 3406; x_wconf 92' lang='lat' dir='ltr'>in</span> <span class='ocrx_word' id='word_1_285' title='bbox 642 3343 752 3427; x_wconf 94' lang='lat' dir='ltr'>primis</span> <span class='ocrx_word' id='word_1_286' title='bbox 777 3341 870 3405; x_wconf 92' lang='lat' dir='ltr'>babet</span> <span class='ocrx_word' id='word_1_287' title='bbox 900 3341 1092 3406; x_wconf 88' lang='lat' dir='ltr'>necessarios</span> <span class='ocrx_word' id='word_1_288' title='bbox 1115 3343 1415 3433; x_wconf 78' lang='lat' dir='ltr'>diligentissimeque</span> <span class='ocrx_word' id='word_1_289' title='bbox 1435 3357 1504 3412; x_wconf 89' lang='lat' dir='ltr'>tue·</span> 
     </span>
     <span class='ocr_line' id='line_1_32' title="bbox 184 3433 1503 3524; baseline 0.002 -22"><span class='ocrx_word' id='word_1_290' title='bbox 184 3445 236 3502; x_wconf 90' lang='lat' dir='ltr'>tur</span> <span class='ocrx_word' id='word_1_291' title='bbox 255 3458 291 3501; x_wconf 90' lang='lat' dir='ltr'>ac</span> <span class='ocrx_word' id='word_1_292' title='bbox 315 3435 469 3511; x_wconf 90' lang='lat' dir='ltr'>delendit,</span> <span class='ocrx_word' id='word_1_293' title='bbox 506 3434 621 3500; x_wconf 85' lang='lat' dir='ltr'>babeas</span> <span class='ocrx_word' id='word_1_294' title='bbox 647 3435 704 3499; x_wconf 92' lang='lat' dir='ltr'>tibi</span> <span class='ocrx_word' id='word_1_295' title='bbox 726 3433 1062 3508; x_wconf 78' lang='lat' dir='ltr'>commendatissimos,</span> <span class='ocrx_word' id='word_1_296' title='bbox 1094 3448 1129 3500; x_wconf 92' lang='lat' dir='ltr'>ut</span> <span class='ocrx_word' id='word_1_297' title='bbox 1148 3438 1298 3524; x_wconf 84' lang='lat' dir='ltr'>intelligat</span> <span class='ocrx_word' id='word_1_298' title='bbox 1319 3439 1371 3503; x_wconf 87' lang='lat' dir='ltr'>illa</span> <span class='ocrx_word' id='word_1_299' title='bbox 1392 3438 1503 3504; x_wconf 75' lang='lat' dir='ltr'>civitas</span> 
     </span>
     <span class='ocr_line' id='line_1_33' title="bbox 184 3528 1503 3615; baseline 0.001 -21"><span class='ocrx_word' id='word_1_300' title='bbox 184 3529 245 3595; x_wconf 94' lang='lat' dir='ltr'>sibi</span> <span class='ocrx_word' id='word_1_301' title='bbox 267 3532 299 3595; x_wconf 94' lang='lat' dir='ltr'>in</span> <span class='ocrx_word' id='word_1_302' title='bbox 322 3531 454 3595; x_wconf 90' lang='lat' dir='ltr'>Neronis</span> <span class='ocrx_word' id='word_1_303' title='bbox 481 3529 655 3615; x_wconf 88' lang='lat' dir='ltr'>patrocinio</span> <span class='ocrx_word' id='word_1_304' title='bbox 685 3550 840 3593; x_wconf 90' lang='lat' dir='ltr'>summum</span> <span class='ocrx_word' id='word_1_305' title='bbox 871 3548 940 3591; x_wconf 90' lang='lat' dir='ltr'>esse</span> <span class='ocrx_word' id='word_1_306' title='bbox 972 3528 1174 3611; x_wconf 85' lang='lat' dir='ltr'>praesidium.</span> <span class='ocrx_word' id='word_1_307' title='bbox 1217 3530 1404 3597; x_wconf 88' lang='lat' dir='ltr'>Strabonem</span> <span class='ocrx_word' id='word_1_308' title='bbox 1429 3535 1503 3596; x_wconf 87' lang='lat' dir='ltr'>Ser·</span> 
     </span>
     <span class='ocr_line' id='line_1_34' title="bbox 184 3619 1502 3711; baseline 0.002 -23"><span class='ocrx_word' id='word_1_309' title='bbox 184 3624 293 3689; x_wconf 86' lang='lat' dir='ltr'>vilium</span> <span class='ocrx_word' id='word_1_310' title='bbox 321 3624 377 3689; x_wconf 94' lang='lat' dir='ltr'>tibi</span> <span class='ocrx_word' id='word_1_311' title='bbox 407 3645 499 3710; x_wconf 91' lang='lat' dir='ltr'>saepe</span> <span class='ocrx_word' id='word_1_312' title='bbox 523 3622 758 3697; x_wconf 89' lang='lat' dir='ltr'>commendavi;</span> <span class='ocrx_word' id='word_1_313' title='bbox 794 3642 876 3685; x_wconf 92' lang='lat' dir='ltr'>nunc</span> <span class='ocrx_word' id='word_1_314' title='bbox 898 3641 937 3684; x_wconf 91' lang='lat' dir='ltr'>eo</span> <span class='ocrx_word' id='word_1_315' title='bbox 958 3620 1040 3684; x_wconf 82' lang='lat' dir='ltr'>facio</span> <span class='ocrx_word' id='word_1_316' title='bbox 1060 3620 1093 3685; x_wconf 92' lang='lat' dir='ltr'>id</span> <span class='ocrx_word' id='word_1_317' title='bbox 1117 3619 1303 3710; x_wconf 88' lang='lat' dir='ltr'>impensius,</span> <span class='ocrx_word' id='word_1_318' title='bbox 1326 3624 1413 3711; x_wconf 88' lang='lat' dir='ltr'>quod</span> <span class='ocrx_word' id='word_1_319' title='bbox 1434 3624 1502 3690; x_wconf 87' lang='lat' dir='ltr'>eius</span> 
     </span>
     <span class='ocr_line' id='line_1_35' title="bbox 184 3713 1502 3802; baseline 0.002 -21"><span class='ocrx_word' id='word_1_320' title='bbox 184 3737 308 3781; x_wconf 79' lang='lat' dir='ltr'>causam</span> <span class='ocrx_word' id='word_1_321' title='bbox 338 3723 420 3782; x_wconf 90' lang='lat' dir='ltr'>Nero</span> <span class='ocrx_word' id='word_1_322' title='bbox 449 3717 593 3802; x_wconf 90' lang='lat' dir='ltr'>suscepit.</span> <span class='ocrx_word' id='word_1_323' title='bbox 647 3721 777 3780; x_wconf 91' lang='lat' dir='ltr'>Tantum</span> <span class='ocrx_word' id='word_1_324' title='bbox 805 3735 822 3777; x_wconf 85' lang='lat' dir='ltr'><strong>a</strong></span> <span class='ocrx_word' id='word_1_325' title='bbox 846 3722 875 3776; x_wconf 90' lang='lat' dir='ltr'>te</span> <span class='ocrx_word' id='word_1_326' title='bbox 906 3713 1060 3797; x_wconf 83' lang='lat' dir='ltr'>petimus,</span> <span class='ocrx_word' id='word_1_327' title='bbox 1097 3725 1131 3779; x_wconf 93' lang='lat' dir='ltr'>ut</span> <span class='ocrx_word' id='word_1_328' title='bbox 1163 3738 1237 3801; x_wconf 88' lang='lat' dir='ltr'>agas</span> <span class='ocrx_word' id='word_1_329' title='bbox 1265 3739 1334 3782; x_wconf 88' lang='lat' dir='ltr'>earu</span> <span class='ocrx_word' id='word_1_330' title='bbox 1353 3740 1421 3783; x_wconf 90' lang='lat' dir='ltr'>rem</span> <span class='ocrx_word' id='word_1_331' title='bbox 1444 3738 1502 3783; x_wconf 90' lang='lat' dir='ltr'>uec</span> 
     </span>
     <span class='ocr_line' id='line_1_36' title="bbox 150 3804 1502 3896; baseline 0.001 -21"><span class='ocrx_word' id='word_1_332' title='bbox 150 3811 341 3896; x_wconf 72' lang='lat' dir='ltr'>esrelinquas</span> <span class='ocrx_word' id='word_1_333' title='bbox 371 3811 529 3876; x_wconf 90' lang='lat' dir='ltr'>bominem</span> <span class='ocrx_word' id='word_1_334' title='bbox 551 3810 749 3874; x_wconf 90' lang='lat' dir='ltr'>innocentem</span> <span class='ocrx_word' id='word_1_335' title='bbox 776 3804 816 3869; x_wconf 88' lang='lat' dir='ltr'>ad</span> <span class='ocrx_word' id='word_1_336' title='bbox 839 3805 968 3868; x_wconf 84' lang='lat' dir='ltr'>alicuius</span> <span class='ocrx_word' id='word_1_337' title='bbox 989 3806 1035 3869; x_wconf 93' lang='lat' dir='ltr'>tui</span> <span class='ocrx_word' id='word_1_338' title='bbox 1058 3806 1217 3873; x_wconf 89' lang='lat' dir='ltr'>dissimilis</span> <span class='ocrx_word' id='word_1_339' title='bbox 1248 3821 1422 3895; x_wconf 90' lang='lat' dir='ltr'>quaestum.</span> <span class='ocrx_word' id='word_1_340' title='bbox 1467 3811 1502 3876; x_wconf 93' lang='lat' dir='ltr'>ld</span> 
     </span>
     <span class='ocr_line' id='line_1_37' title="bbox 184 3897 1502 3988; baseline 0.003 -21"><span class='ocrx_word' id='word_1_341' title='bbox 184 3923 255 3968; x_wconf 91' lang='lat' dir='ltr'>cum</span> <span class='ocrx_word' id='word_1_342' title='bbox 278 3914 399 3988; x_wconf 89' lang='lat' dir='ltr'>gratum</span> <span class='ocrx_word' id='word_1_343' title='bbox 426 3903 501 3967; x_wconf 89' lang='lat' dir='ltr'>mibi</span> <span class='ocrx_word' id='word_1_344' title='bbox 530 3903 609 3975; x_wconf 91' lang='lat' dir='ltr'>erit,</span> <span class='ocrx_word' id='word_1_345' title='bbox 639 3910 704 3966; x_wconf 91' lang='lat' dir='ltr'>tum</span> <span class='ocrx_word' id='word_1_346' title='bbox 733 3900 825 3963; x_wconf 87' lang='lat' dir='ltr'>etiam</span> <span class='ocrx_word' id='word_1_347' title='bbox 858 3897 1043 3962; x_wconf 84' lang='lat' dir='ltr'>existimabo</span> <span class='ocrx_word' id='word_1_348' title='bbox 1078 3910 1108 3964; x_wconf 91' lang='lat' dir='ltr'>te</span> <span class='ocrx_word' id='word_1_349' title='bbox 1143 3901 1332 3970; x_wconf 87' lang='lat' dir='ltr'>humanitate</span> <span class='ocrx_word' id='word_1_350' title='bbox 1354 3915 1408 3970; x_wconf 90' lang='lat' dir='ltr'>tua</span> <span class='ocrx_word' id='word_1_351' title='bbox 1432 3926 1502 3970; x_wconf 88' lang='lat' dir='ltr'>esse</span> 
     </span>
     <span class='ocr_line' id='line_1_38' title="bbox 182 3990 1503 4079; baseline 0.002 -17"><span class='ocrx_word' id='word_1_352' title='bbox 182 4018 286 4063; x_wconf 91' lang='lat' dir='ltr'>usum.</span> <span class='ocrx_word' id='word_1_353' title='bbox 340 4002 370 4063; x_wconf 81' lang='lat'>2.</span> <span class='ocrx_word' id='word_1_354' title='bbox 398 4003 526 4063; x_wconf 83' lang='lat' dir='ltr'>Summe</span> <span class='ocrx_word' id='word_1_355' title='bbox 553 3996 647 4061; x_wconf 92' lang='lat' dir='ltr'>buius</span> <span class='ocrx_word' id='word_1_356' title='bbox 678 3993 828 4079; x_wconf 88' lang='lat' dir='ltr'>epistolae</span> <span class='ocrx_word' id='word_1_357' title='bbox 853 3990 930 4055; x_wconf 85' lang='lat' dir='ltr'>baec</span> <span class='ocrx_word' id='word_1_358' title='bbox 958 4001 1019 4064; x_wconf 92' lang='lat' dir='ltr'>est,</span> <span class='ocrx_word' id='word_1_359' title='bbox 1055 4002 1090 4057; x_wconf 92' lang='lat' dir='ltr'>ut</span> <span class='ocrx_word' id='word_1_360' title='bbox 1116 4015 1210 4060; x_wconf 90' lang='lat' dir='ltr'>ornes</span> <span class='ocrx_word' id='word_1_361' title='bbox 1234 3997 1380 4064; x_wconf 86' lang='lat' dir='ltr'>omnibus</span> <span class='ocrx_word' id='word_1_362' title='bbox 1406 3997 1503 4063; x_wconf 81' lang='lat' dir='ltr'>rebus</span> 
     </span>
     <span class='ocr_line' id='line_1_39' title="bbox 183 4085 1502 4172; baseline 0.002 -17"><span class='ocrx_word' id='word_1_363' title='bbox 183 4095 354 4167; x_wconf 91' lang='lat' dir='ltr'>Neronem,</span> <span class='ocrx_word' id='word_1_364' title='bbox 392 4091 484 4157; x_wconf 86' lang='lat' dir='ltr'>sicuti</span> <span class='ocrx_word' id='word_1_365' title='bbox 513 4089 672 4155; x_wconf 90' lang='lat' dir='ltr'>instituisti</span> <span class='ocrx_word' id='word_1_366' title='bbox 697 4098 789 4172; x_wconf 91' lang='lat' dir='ltr'>atque</span> <span class='ocrx_word' id='word_1_367' title='bbox 818 4085 929 4150; x_wconf 86' lang='lat' dir='ltr'>fecisti.</span> <span class='ocrx_word' id='word_1_368' title='bbox 979 4090 1125 4170; x_wconf 85' lang='lat' dir='ltr'>Magnum</span> <span class='ocrx_word' id='word_1_369' title='bbox 1151 4089 1306 4156; x_wconf 85' lang='lat' dir='ltr'>theatrum</span> <span class='ocrx_word' id='word_1_370' title='bbox 1325 4090 1419 4156; x_wconf 90' lang='lat' dir='ltr'>babet</span> <span class='ocrx_word' id='word_1_371' title='bbox 1442 4090 1502 4156; x_wconf 75' lang='lat' dir='ltr'>ise</span> 
     </span>
     <span class='ocr_line' id='line_1_40' title="bbox 183 4179 1504 4269; baseline 0.001 -22"><span class='ocrx_word' id='word_1_372' title='bbox 183 4184 359 4268; x_wconf 89' lang='lat' dir='ltr'>provincia,</span> <span class='ocrx_word' id='word_1_373' title='bbox 382 4205 446 4249; x_wconf 93' lang='lat' dir='ltr'>non</span> <span class='ocrx_word' id='word_1_374' title='bbox 467 4191 503 4248; x_wconf 94' lang='lat' dir='ltr'>ut</span> <span class='ocrx_word' id='word_1_375' title='bbox 524 4182 599 4247; x_wconf 90' lang='lat' dir='ltr'>baec</span> <span class='ocrx_word' id='word_1_376' title='bbox 619 4193 741 4255; x_wconf 91' lang='lat' dir='ltr'>nostra,</span> <span class='ocrx_word' id='word_1_377' title='bbox 770 4179 808 4243; x_wconf 93' lang='lat' dir='ltr'>ad</span> <span class='ocrx_word' id='word_1_378' title='bbox 830 4179 1034 4244; x_wconf 92' lang='lat' dir='ltr'>adolescentis</span> <span class='ocrx_word' id='word_1_379' title='bbox 1056 4181 1189 4257; x_wconf 91' lang='lat' dir='ltr'>nobilis,</span> <span class='ocrx_word' id='word_1_380' title='bbox 1215 4183 1385 4269; x_wconf 90' lang='lat' dir='ltr'>ingeniosi,</span> <span class='ocrx_word' id='word_1_381' title='bbox 1408 4183 1504 4249; x_wconf 88' lang='lat' dir='ltr'>absti-</span> 
     </span>
     <span class='ocr_line' id='line_1_41' title="bbox 146 4273 1502 4362; baseline 0.004 -23"><span class='ocrx_word' id='word_1_382' title='bbox 146 4277 283 4352; x_wconf 65' lang='lat' dir='ltr'>,0nentis</span> <span class='ocrx_word' id='word_1_383' title='bbox 301 4278 601 4342; x_wconf 88' lang='lat' dir='ltr'>commendationem</span> <span class='ocrx_word' id='word_1_384' title='bbox 621 4285 713 4362; x_wconf 88' lang='lat' dir='ltr'>atque</span> <span class='ocrx_word' id='word_1_385' title='bbox 735 4273 876 4359; x_wconf 86' lang='lat' dir='ltr'>gloriam.</span> <span class='ocrx_word' id='word_1_386' title='bbox 935 4278 1061 4350; x_wconf 88' lang='lat' dir='ltr'>Quare,</span> <span class='ocrx_word' id='word_1_387' title='bbox 1084 4276 1111 4340; x_wconf 95' lang='lat' dir='ltr'>si</span> <span class='ocrx_word' id='word_1_388' title='bbox 1134 4288 1165 4341; x_wconf 91' lang='lat' dir='ltr'>te</span> <span class='ocrx_word' id='word_1_389' title='bbox 1187 4277 1310 4343; x_wconf 84' lang='lat' dir='ltr'>lentore</span> <span class='ocrx_word' id='word_1_390' title='bbox 1331 4300 1407 4344; x_wconf 88' lang='lat' dir='ltr'>usus</span> <span class='ocrx_word' id='word_1_391' title='bbox 1422 4278 1502 4353; x_wconf 85' lang='lat' dir='ltr'>erit,</span> 
     </span>
     <span class='ocr_line' id='line_1_42' title="bbox 181 4366 1504 4457; baseline 0.001 -23"><span class='ocrx_word' id='word_1_392' title='bbox 181 4371 273 4436; x_wconf 89' lang='lat' dir='ltr'>sicuti</span> <span class='ocrx_word' id='word_1_393' title='bbox 294 4373 435 4456; x_wconf 88' lang='lat' dir='ltr'>prolecto</span> <span class='ocrx_word' id='word_1_394' title='bbox 467 4382 498 4437; x_wconf 94' lang='lat' dir='ltr'>et</span> <span class='ocrx_word' id='word_1_395' title='bbox 523 4382 627 4437; x_wconf 92' lang='lat' dir='ltr'>utetur</span> <span class='ocrx_word' id='word_1_396' title='bbox 651 4380 683 4435; x_wconf 90' lang='lat' dir='ltr'>et</span> <span class='ocrx_word' id='word_1_397' title='bbox 704 4391 778 4434; x_wconf 91' lang='lat' dir='ltr'>usus</span> <span class='ocrx_word' id='word_1_398' title='bbox 803 4377 870 4440; x_wconf 91' lang='lat' dir='ltr'>est,</span> <span class='ocrx_word' id='word_1_399' title='bbox 903 4366 1107 4452; x_wconf 88' lang='lat' dir='ltr'>amplissimas</span> <span class='ocrx_word' id='word_1_400' title='bbox 1130 4371 1288 4437; x_wconf 89' lang='lat' dir='ltr'>cbentelas</span> <span class='ocrx_word' id='word_1_401' title='bbox 1308 4381 1452 4457; x_wconf 75' lang='lat' dir='ltr'>acceptes</span> <span class='ocrx_word' id='word_1_402' title='bbox 1483 4391 1504 4435; x_wconf 88' lang='lat' dir='ltr'>a</span> 
     </span>
    </p>
   </div>
   <div class='ocr_carea' id='block_1_8' title="bbox 179 4596 1504 4941">
    <p class='ocr_par' dir='ltr' id='par_1_10' title="bbox 179 4596 1504 4941">
     <span class='ocr_line' id='line_1_43' title="bbox 251 4596 1504 4662; baseline 0 -13"><span class='ocrx_word' id='word_1_403' title='bbox 251 4601 277 4650; x_wconf 91' lang='lat'>5.</span> <span class='ocrx_word' id='word_1_404' title='bbox 297 4602 395 4650; x_wconf 68' lang='lat' dir='ltr'>desseret</span> <span class='ocrx_word' id='word_1_405' title='bbox 414 4600 450 4648; x_wconf 93' lang='grc' dir='ltr'>Μ.</span> <span class='ocrx_word' id='word_1_406' title='bbox 484 4625 513 4635; x_wconf 95' lang='lat'>-</span> <span class='ocrx_word' id='word_1_407' title='bbox 549 4599 576 4648; x_wconf 86' lang='grc'>6.</span> <span class='ocrx_word' id='word_1_408' title='bbox 597 4599 634 4649; x_wconf 90' lang='grc' dir='ltr'>Μ.</span> <span class='ocrx_word' id='word_1_409' title='bbox 655 4599 751 4648; x_wconf 77' lang='lat' dir='ltr'>Laenio</span> <span class='ocrx_word' id='word_1_410' title='bbox 771 4597 871 4646; x_wconf 78' lang='lat' dir='ltr'>Aldus:</span> <span class='ocrx_word' id='word_1_411' title='bbox 892 4596 921 4645; x_wconf 83' lang='lat' dir='ltr'>C.</span> <span class='ocrx_word' id='word_1_412' title='bbox 941 4596 1039 4646; x_wconf 71' lang='lat' dir='ltr'>tameo</span> <span class='ocrx_word' id='word_1_413' title='bbox 1057 4598 1115 4647; x_wconf 84' lang='grc' dir='ltr'>ΜΕ.</span> <span class='ocrx_word' id='word_1_414' title='bbox 1150 4625 1177 4635; x_wconf 95' lang='lat'><em>-</em></span> <span class='ocrx_word' id='word_1_415' title='bbox 1216 4600 1243 4649; x_wconf 84' lang='grc'>’1.</span> <span class='ocrx_word' id='word_1_416' title='bbox 1263 4596 1377 4662; x_wconf 79' lang='lat' dir='ltr'>eed1tto</span> <span class='ocrx_word' id='word_1_417' title='bbox 1395 4598 1504 4649; x_wconf 79' lang='lat' dir='ltr'>Lambi-</span> 
     </span>
     <span class='ocr_line' id='line_1_44' title="bbox 181 4665 1504 4732; baseline 0.002 -14"><span class='ocrx_word' id='word_1_418' title='bbox 181 4683 249 4730; x_wconf 87' lang='lat' dir='ltr'>nus,</span> <span class='ocrx_word' id='word_1_419' title='bbox 276 4673 312 4719; x_wconf 80' lang='lat' dir='ltr'>atc</span> <span class='ocrx_word' id='word_1_420' title='bbox 337 4671 492 4732; x_wconf 83' lang='lat' dir='ltr'>Beugelius.</span> <span class='ocrx_word' id='word_1_421' title='bbox 520 4696 549 4703; x_wconf 93' lang='lat'>—</span> <span class='ocrx_word' id='word_1_422' title='bbox 595 4671 636 4717; x_wconf 93' lang='grc'>11.</span> <span class='ocrx_word' id='word_1_423' title='bbox 657 4670 786 4716; x_wconf 79' lang='lat' dir='ltr'>suauitate</span> <span class='ocrx_word' id='word_1_424' title='bbox 803 4667 841 4716; x_wconf 91' lang='grc' dir='ltr'>Μ.</span> <span class='ocrx_word' id='word_1_425' title='bbox 863 4690 893 4700; x_wconf 96' lang='grc'><strong>-</strong></span> <span class='ocrx_word' id='word_1_426' title='bbox 930 4665 973 4714; x_wconf 81' lang='lat'>12.</span> <span class='ocrx_word' id='word_1_427' title='bbox 992 4681 1120 4729; x_wconf 68' lang='lat' dir='ltr'>superesse</span> <span class='ocrx_word' id='word_1_428' title='bbox 1137 4669 1201 4717; x_wconf 75' lang='lat' dir='ltr'>mibi</span> <span class='ocrx_word' id='word_1_429' title='bbox 1218 4669 1263 4719; x_wconf 83' lang='lat' dir='ltr'>lll:</span> <span class='ocrx_word' id='word_1_430' title='bbox 1292 4670 1356 4719; x_wconf 65' lang='lat' dir='ltr'>mihi</span> <span class='ocrx_word' id='word_1_431' title='bbox 1372 4681 1504 4732; x_wconf 70' lang='lat' dir='ltr'>euperem</span> 
     </span>
     <span class='ocr_line' id='line_1_45' title="bbox 180 4737 1501 4790; baseline 0.002 -3"><span class='ocrx_word' id='word_1_432' title='bbox 180 4737 211 4787; x_wconf 83' lang='lat' dir='ltr'>E.</span> <span class='ocrx_word' id='word_1_433' title='bbox 246 4764 275 4775; x_wconf 91' lang='lat'>-</span> <span class='ocrx_word' id='word_1_434' title='bbox 318 4741 362 4790; x_wconf 76' lang='lat' dir='ltr'>et.</span> <span class='ocrx_word' id='word_1_435' title='bbox 393 4755 439 4790; x_wconf 78' lang='lat' dir='ltr'>nee</span> <span class='ocrx_word' id='word_1_436' title='bbox 469 4741 527 4788; x_wconf 85' lang='lat' dir='ltr'>Vb:</span> <span class='ocrx_word' id='word_1_437' title='bbox 554 4752 586 4788; x_wconf 83' lang='lat' dir='ltr'>ne</span> <span class='ocrx_word' id='word_1_438' title='bbox 612 4739 671 4789; x_wconf 82' lang='lat' dir='ltr'>Mll-</span> <span class='ocrx_word' id='word_1_439' title='bbox 700 4762 733 4771; x_wconf 93' lang='lat'>-</span> <span class='ocrx_word' id='word_1_440' title='bbox 784 4737 828 4786; x_wconf 82' lang='grc'>37.</span> <span class='ocrx_word' id='word_1_441' title='bbox 848 4749 961 4784; x_wconf 73' lang='lat' dir='ltr'>mmsnoe</span> <span class='ocrx_word' id='word_1_442' title='bbox 979 4739 1016 4788; x_wconf 83' lang='lat' dir='ltr'>tu.</span> <span class='ocrx_word' id='word_1_443' title='bbox 1043 4762 1072 4772; x_wconf 95' lang='lat'>-</span> <span class='ocrx_word' id='word_1_444' title='bbox 1109 4738 1152 4787; x_wconf 84' lang='grc'>38.</span> <span class='ocrx_word' id='word_1_445' title='bbox 1171 4739 1311 4789; x_wconf 76' lang='lat' dir='ltr'>sicuttbl:</span> <span class='ocrx_word' id='word_1_446' title='bbox 1330 4742 1401 4790; x_wconf 73' lang='lat' dir='ltr'>sieut</span> <span class='ocrx_word' id='word_1_447' title='bbox 1416 4739 1448 4789; x_wconf 86' lang='lat' dir='ltr'>ll.</span> <span class='ocrx_word' id='word_1_448' title='bbox 1470 4764 1501 4776; x_wconf 89' lang='lat'><em>-</em></span> 
     </span>
     <span class='ocr_line' id='line_1_46' title="bbox 179 4807 1503 4861; baseline 0.001 -4"><span class='ocrx_word' id='word_1_449' title='bbox 179 4808 222 4859; x_wconf 79' lang='grc'>39.</span> <span class='ocrx_word' id='word_1_450' title='bbox 247 4824 301 4858; x_wconf 81' lang='lat' dir='ltr'>non</span> <span class='ocrx_word' id='word_1_451' title='bbox 317 4819 346 4859; x_wconf 79' lang='grc' dir='ltr'>ιιι</span> <span class='ocrx_word' id='word_1_452' title='bbox 365 4812 426 4860; x_wconf 76' lang='lat' dir='ltr'>boec</span> <span class='ocrx_word' id='word_1_453' title='bbox 443 4818 534 4859; x_wconf 74' lang='lat' dir='ltr'>nostro</span> <span class='ocrx_word' id='word_1_454' title='bbox 552 4809 618 4858; x_wconf 81' lang='lat' dir='ltr'>secl.</span> <span class='ocrx_word' id='word_1_455' title='bbox 638 4809 668 4857; x_wconf 80' lang='lat' dir='ltr'>E.</span> <span class='ocrx_word' id='word_1_456' title='bbox 705 4809 776 4857; x_wconf 81' lang='lat' dir='ltr'>Fort.</span> <span class='ocrx_word' id='word_1_457' title='bbox 801 4821 854 4856; x_wconf 84' lang='lat' dir='ltr'>non</span> <span class='ocrx_word' id='word_1_458' title='bbox 872 4812 958 4855; x_wconf 81' lang='lat' dir='ltr'>autem</span> <span class='ocrx_word' id='word_1_459' title='bbox 977 4810 1038 4858; x_wconf 80' lang='lat' dir='ltr'>boec</span> <span class='ocrx_word' id='word_1_460' title='bbox 1054 4814 1157 4857; x_wconf 73' lang='lat' dir='ltr'>nostro.</span> <span class='ocrx_word' id='word_1_461' title='bbox 1193 4808 1234 4860; x_wconf 80' lang='lat' dir='ltr'>Gi.</span> <span class='ocrx_word' id='word_1_462' title='bbox 1261 4810 1342 4860; x_wconf 82' lang='lat' dir='ltr'>lland</span> <span class='ocrx_word' id='word_1_463' title='bbox 1365 4809 1447 4861; x_wconf 72' lang='lat' dir='ltr'>Ture.</span> <span class='ocrx_word' id='word_1_464' title='bbox 1476 4807 1503 4858; x_wconf 88' lang='lat'>1.</span> 
     </span>
     <span class='ocr_line' id='line_1_47' title="bbox 179 4875 1194 4941; baseline 0 -12"><span class='ocrx_word' id='word_1_465' title='bbox 179 4893 206 4941; x_wconf 87' lang='lat' dir='ltr'>p.</span> <span class='ocrx_word' id='word_1_466' title='bbox 226 4879 286 4929; x_wconf 77' lang='lat'><strong>58⁸.</strong></span> <span class='ocrx_word' id='word_1_467' title='bbox 308 4879 358 4931; x_wconf 81' lang='grc' dir='ltr'><strong>Οι.</strong></span> <span class='ocrx_word' id='word_1_468' title='bbox 382 4904 409 4914; x_wconf 98' lang='grc'><strong>-</strong></span> <span class='ocrx_word' id='word_1_469' title='bbox 447 4881 483 4929; x_wconf 81' lang='lat' dir='ltr'>ad</span> <span class='ocrx_word' id='word_1_470' title='bbox 500 4881 668 4931; x_wconf 74' lang='lat' dir='ltr'>adolescentie</span> <span class='ocrx_word' id='word_1_471' title='bbox 685 4891 747 4928; x_wconf 89' lang='lat' dir='ltr'>curn</span> <span class='ocrx_word' id='word_1_472' title='bbox 766 4875 894 4940; x_wconf 81' lang='lat' dir='ltr'>Bengelio</span> <span class='ocrx_word' id='word_1_473' title='bbox 913 4875 952 4925; x_wconf 73' lang='lat' dir='ltr'>Ec</span> <span class='ocrx_word' id='word_1_474' title='bbox 972 4878 1139 4929; x_wconf 70' lang='lat' dir='ltr'>cdomeentte</span> <span class='ocrx_word' id='word_1_475' title='bbox 1157 4877 1194 4929; x_wconf 86' lang='grc' dir='ltr'>Μ.</span> 
     </span>
    </p>
   </div>
   <div class='ocr_carea' id='block_1_9' title="bbox 0 0 1632 5400">
    <p class='ocr_par' dir='ltr' id='par_1_11' title="bbox 0 0 1632 5400">
     <span class='ocr_line' id='line_1_48' title="bbox 0 0 1632 5400; baseline 0 0"><span class='ocrx_word' id='word_1_476' title='bbox 0 0 1632 5400; x_wconf 95' lang='lat' dir='ltr'> </span> 
     </span>
    </p>
   </div>
  </div>
 </body>
</html>
