3256 5400
614 235 672 296 ΕΡ.
694 235 747 295 ΑΙ)
771 232 983 297 OCTAVIUM.
1396 238 1456 299 781

140 395 317 462 mortalium
346 393 438 458 fidem
463 426 499 436 -
525 389 586 454 nisi
609 387 689 454 lorte
717 388 833 453 frustra
856 409 910 453 eos
930 389 1068 474 appello,
1098 411 1233 476 quorum
1254 412 1346 455 aures
1367 402 1460 478 atque

139 491 261 556 animus
288 486 418 552 anobis
444 482 674 547 abhorrent-
699 503 818 567 perque
847 480 1004 547 fortunam
1026 484 1134 569 populi
1155 485 1284 549 Romani
1308 521 1346 530 -
1370 507 1459 570 quac,

141 603 328 669 quamquam
351 578 441 643 nobis
463 576 575 641 infesta
598 586 660 650 est,
685 576 742 640 luit
763 575 929 661 aliquando
951 577 1085 662 propitia
1109 588 1154 651 et,
1178 587 1211 641 ut
1226 598 1335 661 spero,
1359 579 1461 645 lutura

141 688 187 743 ost
202 712 258 751 -,
281 674 350 759 quis
373 680 434 734 tam
457 691 572 756 expers
595 670 806 743 humanitatis,
831 669 900 754 quis
923 668 1014 733 buius
1036 670 1124 734 urbis
1146 671 1263 735 nomini
1286 692 1321 734 ac
1336 672 1462 737 sedibus

140 793 240 858 usque
268 768 346 832 adeo
376 775 424 829 est
445 765 605 836 inimicus,
636 774 670 829 ut
692 764 749 827 ista
778 774 831 828 aut
853 762 1048 827 dissimulare
1077 766 1175 849 possit
1196 777 1249 831 θυι
1271 786 1332 830 non
1355 766 1486 831 doleres

141 876 209 935 aut,
232 863 259 926 si
281 860 363 924 nulla
379 861 500 924 ratione
522 858 656 944 publicis
678 856 886 922 incommodis
908 857 1028 921 mederi
1051 868 1158 943 queat,
1182 881 1243 923 non
1266 871 1367 924 morte
1389 882 1461 946 pro·

142 958 244 1043 prium
266 955 439 1041 periculum
462 953 558 1018 vitet?
582 957 611 1016 3.
634 957 727 1026 Nam,
750 961 784 1015 ut
806 951 913 1016 ordiar
935 949 973 1014 ab
997 952 1087 1017 initio
1110 962 1140 1016 cl
1161 954 1328 1038 perducam
1350 955 1388 1019 ad
1408 977 1463 1020 ex·

141 1065 275 1115 tremum
299 1061 329 1114 et
346 1047 514 1113 norissima
536 1046 694 1111 conseram
716 1044 843 1131 primis,
867 1067 947 1130 quae
969 1068 1032 1109 non
1054 1052 1211 1130 posterior
1233 1048 1299 1111 dies
1319 1048 1464 1113 acerbior

141 1147 270 1230 priore?
293 1154 323 1208 et
345 1163 425 1228 qrrae
448 1163 510 1206 non
533 1141 701 1225 insequens
724 1140 799 1204 bura
818 1140 1018 1204 antecedente
1040 1141 1251 1206 calarnitosior
1272 1143 1388 1227 populo
1404 1149 1465 1208 llo-

142 1259 235 1302 rnano
256 1238 381 1301 illuxit?
403 1240 443 1299 Μ.
459 1235 627 1307 Antonius,
650 1239 699 1298 vir
721 1234 815 1298 animi
838 1234 984 1306 maximi,
1001 1270 1039 1280 -
1063 1236 1180 1300 utinam
1203 1237 1296 1299 etiam
1318 1235 1501 1321 sapientiem

143 1332 264 1396 consilii
288 1331 410 1395 suissetl
435 1365 476 1375 -
499 1333 532 1393 C.
548 1332 679 1393 Caesare
702 1328 870 1392 fortissime
892 1327 946 1391 sed
969 1349 1078 1412 parum
1103 1328 1234 1392 feliciter
1256 1351 1273 1392 a
1295 1329 1342 1393 rei
1363 1328 1465 1414 publi-

143 1447 197 1489 cae
220 1424 432 1489 dominatione
466 1433 602 1496 semoto,
632 1423 833 1506 concupierat
859 1421 957 1503 magis
986 1422 1124 1504 regium,
1154 1444 1247 1507 quam
1269 1421 1368 1486 libera
1390 1423 1464 1486 civi-

144 1533 190 1584 tas
211 1520 274 1604 pati
298 1527 419 1602 posset,
453 1517 670 1601 principatum.
714 1514 870 1580 Publieam
894 1514 1081 1599 dilapidabat
1105 1517 1283 1600 pecuniam,
1307 1516 1462 1579 aerarium
1561 1566 1564 1573 .

144 1611 364 1683 exhauriebat,
388 1609 548 1673 minuebat
570 1609 746 1694 vctctigalia‚
771 1608 905 1672 donabat
926 1609 1080 1685 civitatem
1110 1630 1150 1672 cx
1172 1609 1397 1673 commentario
1419 1609 1465 1673 di-

145 1716 295 1771 elaturam
319 1704 461 1787 gerebam
485 1704 569 1787 leges
599 1702 792 1788 imponebat;
823 1701 1009 1787 probibcbal
1037 1703 1220 1767 dictatorem
1245 1706 1346 1767 creari
1367 1701 1501 1785 plebi-u

145 1800 239 1875 scit03
271 1799 337 1882 ipse
366 1797 516 1879 regnabat
542 1798 572 1860 in
601 1797 779 1873 consulatu;
809 1796 988 1881 provincias
1015 1818 1095 1860 unus
1124 1818 1231 1861 omnes
1253 1796 1465 1882 concupiebat.

146 1893 202 1958 Cui
232 1890 378 1956 sordebat
400 1891 578 1956 Macedonia
608 1890 786 1975 provincia,
817 1912 909 1975 quam
933 1890 1033 1954 victor
1055 1889 1112 1954 sibi
1140 1901 1313 1975 sumpserat
1336 1896 1465 1967 Cacsar,

145 1987 219 2067 quid
242 1987 281 2049 de
303 1986 362 2051 boc
384 2008 510 2070 sperare
532 1995 585 2049 aut
607 1994 789 2069 exspectare
813 2005 870 2048 nos
893 1983 1078 2069 oportebat?
1113 1988 1143 2050 d.
1172 1985 1321 2048 Exstitisti
1344 1995 1376 2049 tu
1399 1987 1466 2050 vin-

117 2082 208 2167 ⁸den
230 2091 354 2143 nostrae
384 2079 550 2152 libertatis,
579 2091 612 2143 ut
636 2089 707 2142 tunc
736 2078 879 2162 quidem,
910 2079 1044 2163 optimus
1069 2113 1108 2124 —
1131 2079 1332 2164 quodutinam
1363 2101 1465 2164 neque

147 2185 252 2237 nostra
281 2194 337 2237 nos
367 2174 473 2258 opinio
502 2194 603 2258 neque
635 2181 685 2235 ιυθ
708 2171 784 2235 sides
812 2171 986 2236 lelellissctl
1010 2207 1049 2218 -
1078 2180 1109 2235 et
1130 2173 1286 2237 veteranis
1312 2173 1343 2236 in
1365 2186 1504 2239 υυυυιιο

146 2266 306 2331 conductis
335 2277 365 2330 el
387 2267 507 2332 duabus
531 2265 706 2349 legionibus
733 2287 749 2328 a
781 2266 921 2351 pernicie
943 2266 1060 2350 patriae
1087 2264 1125 2329 ad
1153 2266 1283 2330 salutem
1313 2267 1466 2342 avocatis,

147 2361 250 2426 subito
273 2382 371 2446 prope
395 2361 455 2423 iam
478 2361 618 2424 allectam
642 2381 677 2422 ac
699 2371 886 2444 prostratam
907 2381 974 2424 rem
992 2359 1145 2444 publicam
1168 2360 1228 2424 tuis
1250 2360 1362 2445 opibus
1378 2370 1468 2426 extu·

147 2455 219 2518 listi.
257 2458 345 2530 Quae
367 2453 421 2517 tibi
445 2476 506 2518 non
527 2464 614 2525 ante,
638 2475 729 2538 quam
749 2454 942 2537 postulares,
965 2453 1103 2527 maiora,
1126 2475 1218 2538 quam
1234 2456 1342 2529 velles,
1365 2457 1465 2541 plura,

148 2568 240 2631 quam
263 2569 421 2633 sperares,
445 2548 554 2612 detulit
576 2554 719 2611 senatus?
756 2548 847 2610 Dedit
869 2548 978 2619 l'asces,
1005 2559 1038 2612 ut
1060 2567 1131 2610 cum
1154 2548 1338 2612 auctoritate
1361 2550 1467 2614 delen-

148 2663 252 2705 sorem
275 2641 419 2713 baberet,
443 2664 504 2705 non
527 2652 561 2705 ut
583 2641 717 2726 imperio
740 2662 772 2703 sc
795 2640 962 2704 adversum
984 2652 1129 2705 armaret.
1174 2642 1346 2726 Appellarit
1369 2643 1506 2727 impe-2⁵

148 2743 301 2806 ratorem,
332 2735 467 2798 bostium
490 2735 631 2798 exercitu
653 2733 760 2817 pulso,
792 2732 931 2796 tribuens
954 2732 1123 2806 bonorem,
1155 2755 1216 2798 non
1241 2744 1275 2799 ut
1296 2726 1351 2799 sua
1372 2735 1468 2799 caede

148 2848 256 2889 caesus
280 2826 330 2889 ille
346 2827 466 2911 lugiens
489 2827 645 2891 exercitus
668 2837 697 2889 te
718 2826 893 2889 nominaret
915 2827 1146 2910 imperatorem.
1183 2831 1328 2892 Decrevit
1350 2828 1381 2892 in
1398 2828 1468 2893 loro

149 2931 295 2993 statuam,
324 2920 427 2984 locum
451 2922 627 2992 insenum,
658 2941 814 2984 summum
838 2920 989 2983 bonorem
1013 2930 1082 2984 ante
1104 2931 1236 3006 tempus.
1280 2928 1309 2986 5.
1340 2926 1371 2986 Si
1393 2922 1469 3007 quid

149 3013 232 3077 aliud
262 3023 324 3088 est,
353 3015 438 3099 quod
460 3015 527 3078 dari
552 3014 663 3098 possit,
694 3013 796 3077 addet.
841 3013 925 3089 Quid
954 3013 1039 3077 aliud
1062 3024 1107 3078 est
1134 3020 1249 3090 maius,
1278 3015 1363 3102 quod
1391 3017 1469 3081 velis

150 3114 297 3171 sumere?
335 3109 387 3171 Sin
410 3119 512 3172 autem
537 3129 629 3193 supra
657 3118 801 3179 aetatem,
836 3128 930 3187 supra
952 3108 1223 3179 consuetudinem,
1252 3129 1346 3193 supra
1376 3111 1507 3176 etiamn

150 3201 367 3265 mortalitatem
395 3212 478 3264 tuam
502 3201 556 3266 tibi
585 3210 656 3264 sunt
686 3201 789 3264 omnia
813 3200 948 3274 tributa,
977 3222 1033 3264 cur
1062 3213 1114 3264 aut
1141 3202 1279 3285 ingratus
1301 3202 1471 3268 crudeliter

151 3307 203 3361 θυι
225 3296 390 3359 immernor
412 3294 553 3359 beneticii
576 3295 623 3358 sui
648 3295 797 3360 scelerate
819 3293 1049 3362 circumscribis
1071 3302 1232 3359 senatum?
1266 3299 1338 3372 Quo
1359 3308 1390 3361 te
1412 3298 1471 3361 mi·

151 3394 267 3454 simus?
290 3410 307 3451 a
330 3388 442 3473 quibus
463 3390 654 3453 reverteris?
677 3399 783 3453 contra
808 3409 887 3472 quos
909 3389 1119 3452 armavimus?
1142 3389 1255 3474 quibus
1277 3411 1363 3454 arma
1386 3390 1471 3474 cogi·

151 3495 197 3548 tas
219 3482 356 3547 inferre?
379 3482 526 3567 aquibus
549 3488 721 3546 exercitum
744 3481 894 3546 abducis?
917 3490 948 3545 et
964 3502 1044 3567 quos
1066 3481 1215 3546 adversus
1237 3484 1334 3547 aciem
1357 3485 1470 3548 struis?

152 3583 215 3642 Cur
236 3578 333 3642 bostis
355 3577 561 3661 relinquitur?
592 3577 668 3640 civis
692 3576 789 3640 bostis
817 3575 887 3639 loco
908 3576 1057 3659 ponitur?
1089 3596 1146 3640 cur
1166 3586 1267 3640 castra
1297 3576 1401 3640 nrcdio
1423 3576 1510 3647 iti-ss

152 3692 226 3734 nere
257 3669 379 3754 longius
408 3669 661 3735 adversariorum
692 3671 800 3734 castris
821 3678 852 3732 et
874 3670 1003 3754 propius
1033 3669 1143 3734 urbem
1167 3677 1354 3735 moventur?
1390 3675 1420 3733 6.
1445 3672 1471 3735 Ο

153 3785 202 3827 me
225 3786 381 3850 nunquam
404 3764 574 3847 sapientem
597 3775 627 3828 et
648 3764 815 3848 aliquando
837 3762 883 3835 id,
913 3763 998 3848 qtrod
1020 3784 1083 3827 non
1105 3785 1207 3836 eram,
1230 3765 1344 3829 frustra
1367 3762 1472 3826 existi·

154 3861 283 3920 matum?
323 3861 480 3933 Quantum
504 3869 549 3930 te,
578 3859 693 3943 popule
717 3864 871 3928 Romane,
901 3856 939 3919 de
962 3878 1012 3919 me
1034 3857 1142 3922 lelcllit
1164 3858 1283 3942 opiniol
1323 3861 1349 3921 O
1372 3870 1473 3920 meam

153 3950 362 4014 calamitosam
391 3971 427 4014 ac
454 3953 655 4036 praecipitem
684 3954 889 4014 senectutem?
928 3952 954 4014 0
984 3960 1106 4034 turpem
1138 3962 1245 4015 exacta
1275 3949 1473 4035 clementique

154 4052 252 4106 aetate
275 4045 433 4108 canitiem!
457 4051 524 4128 Ego
547 4055 651 4130 patres
674 4044 867 4128 conscriptos
889 4042 927 4107 ad
948 4044 1152 4127 parricidium
1175 4045 1301 4122 induxi;
1325 4065 1384 4128 ego
1405 4064 1512 4113 remeo

223 4233 249 4281 2.
276 4235 398 4283 abhorret
418 4236 439 4283 Ι.
470 4262 501 4271 -
538 4236 582 4284 12.
608 4231 796 4296 dominatione]
816 4234 1005 4297 pubernotionc
1024 4235 1055 4282 ll.
1083 4259 1116 4267 -
1152 4241 1249 4282 semoto
1266 4235 1318 4283 ill:
1342 4241 1474 4283 summoto

155 4303 185 4351 E.
208 4326 238 4336 -
270 4305 312 4353 13.
329 4313 418 4365 posset
438 4308 473 4355 n:
490 4310 597 4366 poterat
617 4306 659 4353 lli.
679 4329 711 4339 -
743 4305 787 4353 ta.
808 4304 925 4353 donabat
943 4306 1064 4353 civitates
1082 4306 1284 4353 immunitatem
1302 4308 1423 4353 notiones
1441 4304 1473 4362 T,

155 4373 334 4423 exhauriebat.
355 4376 628 4424 rinitntesnu'nucbot.
649 4376 791 4435 eecttpatta
806 4375 922 4422 donabat
941 4375 971 4421 ll.
988 4400 1015 4410 -
1039 4375 1080 4423 15.
1098 4374 1232 4435 plebiscito
1250 4389 1304 4423 om.
1318 4375 1349 4422 T.
1378 4376 1476 4436 (creati

156 4443 256 4503 lapibus
272 4452 379 4493 serratus
399 4447 517 4495 consulto
536 4450 590 4507 ipse
608 4445 774 4506 repupnobot
792 4446 930 4493 insectatu
949 4442 1006 4504 ιιι.)
1036 4467 1064 4476 -
1104 4446 1146 4493 16.
1166 4458 1234 4492 unus
1250 4446 1404 4505 provincias
1422 4458 1476 4494 om-

155 4526 200 4561 ncs
219 4517 384 4575 concupierat
405 4518 440 4570 Ἰ“.
462 4529 549 4564 enarres
568 4529 636 4562 urrais
656 4517 686 4563 lt.
706 4540 739 4548 -
776 4515 818 4564 19.
837 4522 866 4562 ut
884 4528 954 4562 outre
971 4515 1073 4576 quidem
1092 4522 1214 4574 optumus
1232 4515 1263 4562 T.
1295 4538 1322 4548 -
1361 4516 1404 4563 21.
1429 4515 1476 4562 od-

155 4586 256 4631 eocotis
276 4585 305 4633 R.
337 4612 365 4621 -
403 4589 444 4633 22³.
465 4585 586 4649 aeffectum
606 4600 637 4632 uc
652 4580 830 4646 prostratum]
851 4584 1017 4645 desperatum
1035 4588 1058 4631 et
1077 4584 1206 4648 amictum
1231 4585 1262 4634 T.
1290 4607 1320 4618 -
1357 4585 1401 4634 25.
1420 4597 1475 4633 non

157 4651 195 4713 nt}
216 4659 245 4700 ut
264 4668 318 4701 non
335 4656 357 4703 l.
378 4680 410 4691 -
445 4658 487 4705 ιιι.
508 4657 588 4704 addet
607 4656 635 4702 l:
655 4655 739 4703 addat
756 4655 809 4703 llll.
831 4679 861 4689 -
893 4655 936 4702 31.
956 4660 1003 4701 θυι
1020 4659 1049 4701 ut
1067 4655 1205 4715 irrpralum
1223 4655 1362 4704 erttdeliter
1380 4661 1427 4703 out
1445 4659 1476 4701 ut

157 4724 329 4773 trummrorem
350 4727 369 4774 lt
388 4731 413 4774 et
432 4726 501 4775 alter
518 4725 636 4774 Turnebi
656 4725 733 4774 liber.
762 4748 792 4759 -
829 4724 872 4773 32.
898 4724 1014 4787 beneficti
1031 4725 1072 4771 rui
1090 4724 1214 4774 scelerate
1231 4725 1280 4774 nt:
1306 4725 1419 4788 beneficit
1437 4727 1476 4774 tut

157 4794 279 4912 pcelprote
297 4795 334 4856 T,
355 4796 467 4860 beneficti
484 4797 606 4846 scelerate
632 4795 661 4844 li.
690 4819 721 4831 -
759 4794 801 4844 at.
832 4794 957 4845 aduersus
976 4806 1042 4855 quor
1068 4794 1090 4845 l.
1115 4819 1147 4830 -
1185 4795 1227 4845 ³5.
1255 4809 1289 4845 cer
1305 4795 1390 4846 aredio
1413 4795 1476 4844 Cru-

169 4878 262 4914 aner.
