3256 5400
1377 261 1468 312 lm

145 413 229 495 tum,
259 409 349 497 quod
378 412 590 501 praestabat,
622 428 666 476 ex
693 407 781 475 liob.
810 401 1060 494 Stephaniana,
1092 408 1298 495 paucissimis
1322 407 1357 475 in
1384 409 1469 477 iocis

145 514 290 580 abeunte
320 533 342 581 a
370 514 566 583 Victoriana
604 516 725 600 prima,
764 515 957 580 contextum
992 515 1202 598 repetitionis
1234 513 1469 581 Lambinianae

144 616 351 702 emendavit3
386 618 465 686 inde
501 617 687 704 Graevius,
724 617 819 685 cuius
851 616 955 682 multa
991 620 1070 682 sunt
1105 618 1279 704 praeclara
1314 620 1471 705 inventa3

144 722 249 788 ceteri
277 721 446 808 deinceps
487 718 558 789 Sed
590 722 645 807 qui
671 721 729 787 vei
761 721 901 787 omnium
932 721 1073 788 maxime
1100 722 1308 813 gloriabatur
1327 722 1471 788 restitu-

144 828 211 890 iam
233 842 311 891 esse
337 843 528 912 aucupem
548 843 663 892 veram
689 824 862 892 Ciceronis
887 841 1035 908 manum,
1066 822 1410 915 Martynl-Laguna,
1440 823 1472 891 is

143 946 228 994 vero
247 929 405 1014 imprimis
432 931 467 995 ln
492 948 532 996 eo
561 930 732 1015 peccavit,
765 926 854 1014 quod
873 922 957 995 Cdd.
983 929 1054 997 suis
1076 915 1219 995 et'lddd.
1243 930 1389 1016 antiquis
1414 928 1471 995 ni-

143 1032 241 1098 mium
261 1036 417 1118 quantum
433 1033 565 1120 tribuit,
586 1033 699 1116 itaque
715 1032 909 1117 saepissime
923 1035 1074 1118 corrupit
1088 1033 1200 1119 potius
1219 1031 1282 1099 has
1299 1032 1473 1119 Epistulas

144 1153 241 1222 quam
262 1136 462 1204 emendavit.
503 1135 727 1204 Nihilominus
747 1134 923 1204 dolendum
948 1138 1018 1221 est,
1039 1137 1309 1225 commentarios,
1332 1155 1417 1224 quos
1436 1137 1473 1203 ln

144 1257 203 1306 cas
232 1240 688 1326 composuerat‚·absciutos
708 1259 777 1306 non
802 1256 896 1316 esse;
931 1258 1006 1306 nam
1035 1241 1069 1307 in
1095 1241 1212 1327 paucis
1235 1240 1302 1306 illis
1322 1241 1472 1330 paginis,

144 1361 231 1430 quae
252 1348 407 1435 exstant,
428 1347 531 1412 muita
552 1347 625 1411 eius
644 1345 776 1410 nomine
796 1342 900 1436 digua
919 1344 1070 1431 repperi,
1091 1362 1245 1436 maguam
1266 1342 1472 1435 diligentiam

143 1446 178 1511 in
198 1449 331 1515 ratione
353 1467 421 1515 non
443 1450 567 1535 optima
587 1468 658 1514 sun
680 1446 872 1515 a'dmlratus.

228 1547 301 1619 Sed
315 1571 427 1619 eorum
448 1571 596 1640 quoque,
618 1553 736 1640 quibus
750 1550 955 1638 persuadere
976 1570 1044 1617 non
1064 1552 1183 1637 potero
1198 1568 1218 1619 e
1231 1545 1292 1620 (id.
1312 1550 1471 1620 Medicas

143 1656 291 1743 reliquos
311 1674 425 1723 omnes
443 1675 616 1741 manasse,
638 1674 733 1723 nemu
747 1658 840 1723 certe
855 1654 1065 1743 initiabitur,
1087 1653 1227 1722 eundem
1245 1659 1283 1722 ut
1304 1657 1473 1744 antiquis·

143 1761 283 1847 simum,
296 1760 345 1826 ita
359 1761 501 1827 omnium
517 1762 621 1848 longe
635 1760 954 1846 praestantissimum
970 1777 1055 1825 esse.
1097 1757 1144 1826 Hi
1158 1758 1262 1846 igitur
1278 1760 1311 1825 iu
1327 1779 1367 1827 eo
1382 1778 1472 1828 nuuc

142 1865 377 1953 acquiescant,
400 1863 487 1951 quod
504 1868 660 1951 quantun
672 1863 742 1929 deri
755 1866 890 1949 poterat
904 1861 988 1930 haec
1003 1879 1076 1929 mea
1090 1863 1243 1929 recensio
1258 1861 1340 1929 iilud
1354 1881 1471 1931 exem-

143 1968 219 2054 plar
238 1969 410 2055 exprimit;
431 1968 495 2054 ipsi
509 1970 638 2057 autem,
660 1969 698 2032 ut
712 1967 847 2056 volent,
869 1969 989 2052 postea
1008 1984 1081 2033 eam
1102 1964 1279 2033 emendent
1293 1969 1470 2035 coniectu-

142 2072 207 2156 rls,
242 2075 457 2158 corrumpant
481 2071 753 2159 interpolentque
780 2088 825 2138 cx
854 2069 937 2139 cdd.
962 2088 1098 2138 suorum
1125 2071 1161 2137 et
1187 2067 1275 2137 Edd.
1294 2066 1373 2141 Sec.
1393 2069 1472 2140 XV.

142 2175 297 2244 colluvie

637 2252 667 2308 a
795 2283 826 2341 „
951 2252 981 2308 a

226 2441 298 2509 lum
319 2439 354 2506 in
369 2437 433 2508 irac
447 2440 555 2507 altera
567 2438 727 2506 Editione
749 2438 957 2522 accuratius,
978 2455 1075 2526 quam
1089 2439 1124 2506 in
1137 2438 1251 2526 priore
1264 2439 1334 2508 deri
1349 2440 1470 2531 potuit,

142 2546 186 2615 de
202 2546 366 2635 Manuiii,
399 2544 512 2631 optimi
536 2544 723 2610 etiamnunc
741 2543 953 2629 interpretis,
984 2543 1112 2609 meritis
1133 2543 1168 2608 in
1190 2543 1362 2612 Ciceronis
1381 2545 1470 2631 Epi.

142 2651 249 2717 stolas
277 2648 403 2717 criticis
433 2650 574 2714 tractem
603 2664 743 2713 necesse
769 2647 841 2728 est,
873 2643 958 2711 duce
988 2645 1185 2731 praesertim
1212 2642 1335 2715 Christ.
1360 2646 1470 2716 Gottl.
1559 2688 1563 2703 ·

142 2751 303 2820 Richterc
326 2752 361 2818 in
380 2745 502 2836 Praef.
524 2752 574 2818 sd
591 2745 886 2816 Pontiniacus
909 2742 1207 2817 commendantem
1232 2754 1270 2818 tn
1291 2749 1343 2818 M.
1360 2750 1470 2820 naus

144 2851 323 2925 meroris
334 2853 430 2944 Epp.
441 2854 490 2922 ad
503 2855 668 2922 dtocraoa.
711 2848 787 2919 Vol
800 2851 847 2919 IL
869 2871 902 2938 p.
917 2852 977 2940 V.,
998 2854 1161 2922 correctis
1180 2855 1351 2922 nonnullis
1365 2858 1469 2945 atquc

141 2959 440 3134 ”diffiniemus
460 3061 567 3148 peirn
588 3057 739 3147 erocum,
762 3076 848 3146 uuae
864 3060 992 3149 citavi
1010 3078 1118 3128 *Μ’
1136 3061 1294 3154 ''iim‘'
1308 3063 1469 3152 'mm'

142 3171 267 3259 primae
275 3159 329 3251 a)
351 3185 395 3234 ex
415 3166 488 3231 eius
508 3164 641 3231 cilicina
662 3159 834 3231 Ciceronis
848 3162 1024 3250 Epistulae
1044 3162 1090 3231 sd
1105 3164 1301 3233 Familiares
1318 3185 1349 3233 a
1366 3165 1469 3234 lilii.

140 3272 312 3342 XXXlll.
331 3267 527 3357 prodierunt
553 3269 642 3335 laeto
673 3268 767 3354 quasi
797 3268 964 3354 auspicio,
996 3267 1071 3334 iore
1099 3269 1293 3356 aliquando,
1326 3275 1363 3335 ut
1390 3269 1467 3339 huic

141 3379 297 3445 duroru-
314 3371 606 3444 Ciceronlanorum
630 3372 719 3457 parti
741 3373 952 3457 praecipuam
970 3389 1105 3458 operam
1130 3375 1281 3439 navaret.
1321 3372 1467 3457 Postea,

140 3485 278 3549 remotis
296 3479 446 3547 omnibus
465 3476 724 3563 impedimentis,
746 3476 833 3540 omni
847 3493 928 3567 cura
943 3478 1045 3562 atque
1059 3477 1266 3564 cogitatione
1281 3477 1316 3542 in
1330 3477 1466 3544 littera·

141 3606 213 3653 rum
226 3583 338 3653 studia
351 3583 500 3651 incubuit
522 3582 738 3666 veterumque
756 3581 969 3665 scriptorum,
993 3582 1028 3645 et
1045 3580 1079 3644 in
1101 3577 1154 3644 his
1170 3580 1349 3668 praecipue
1364 3576 1466 3648 Cice-

141 3691 235 3757 ronis
251 3689 356 3755 libros
374 3682 551 3754 emendare
575 3686 676 3769 atque
698 3701 719 3748 a
740 3680 1003 3767 corruptelarum
1019 3681 1130 3764 vitiis,
1152 3684 1270 3769 quibus
1285 3685 1466 3754 etiamtunc

141 3793 357 3869 laborabant,
385 3806 532 3876 purgare
558 3785 732 3853 indefesso
760 3783 871 3851 studio
895 3782 1093 3852 elaboravit.
1134 3781 1231 3867 Quod
1267 3787 1396 3874 quidem
1426 3789 1466 3855 ut

211 4006 235 4079 'i
253 4006 372 4062 (locrarii
389 4007 461 4058 huuc
478 4002 599 4068 Apostoli
614 4003 727 4055 zenonis
746 4012 862 4055 errorem
881 4000 1025 4055 Renouard
1042 3999 1158 4054 mia
1176 4003 1208 4056 ds
1226 4003 1404 4069 campanea
1416 4007 1464 4058 dea

141 4086 208 4141 dide
225 4086 266 4140 td.
285 4088 336 4140 lll.
355 4102 382 4153 p.
396 4085 459 4138 ⁴28.
479 4085 577 4138 docaur
596 4085 708 4147 primum
727 4081 840 4142 librum,
860 4084 907 4145 qui
926 4096 957 4136 cr
975 4084 1122 4136 instaurata
1140 4083 1245 4138 oidciua
1257 4082 1354 4138 Aldina
1370 4099 1462 4140 meuse

141 4169 239 4222 idertiu
256 4183 282 4222 a.
300 4168 340 4221 bl.
354 4168 387 4219 i).
400 4165 529 4218 mill.
550 4164 696 4229 prodierit,
720 4162 802 4215 icisse
821 4161 956 4215 Ciceronis
974 4163 1055 4217 iibroa
1073 4168 1221 4221 oratorios,
1241 4176 1302 4218 cura
1321 4166 1458 4228 llpistoiac

142 4251 230 4303 aditae
249 4252 304 4302 aiut
321 4248 427 4303 demum
443 4258 535 4299 meuse
553 4242 672 4297 Octobri.
709 4242 740 4293 lu
758 4242 921 4305 praelatione
940 4250 1029 4297 auiam
1047 4245 1128 4299 buius
1146 4245 1292 4310 ediiioaia,
1313 4259 1394 4309 quam
1411 4259 1461 4311 cao

142 4343 278 4396 uunquam
296 4330 367 4392 ridi,
396 4328 490 4382 eodem
507 4323 668 4378 liauouardo
686 4327 773 4384 teate,
804 4322 945 4377 duodecim
963 4325 1037 4377 libris
1055 4327 1241 4389 manuscriptis
1258 4339 1287 4379 re
1305 4338 1383 4378 uuum
1402 4340 1462 4381 acac

143 4411 217 4463 dicit.
252 4410 357 4463 liudem
374 4411 528 4473 portinent,
553 4417 622 4470 quaa
640 4403 764 4468 leguntur
781 4404 809 4454 iu
825 4403 940 4456 liauuiii
959 4405 1077 4470 Epistola
1094 4405 1129 4458 ad
1146 4405 1279 4458 auianum
1298 4406 1462 4472 Burssouium

142 4493 237 4554 mina,
273 4493 300 4543 iu
329 4488 444 4544 Mauuiii
473 4485 653 4550 lipiaioiarum
682 4480 790 4547 quidam
818 4483 962 4537 editionem
992 4483 1116 4538 Aidiuam
1145 4483 1232 4539 biii.
1246 4484 1358 4538 Lm.
1388 4485 1460 4538 baud

143 4578 268 4635 recepta,
294 4571 342 4622 aad
368 4573 469 4623 aerraia
492 4569 521 4618 in
544 4564 694 4616 iduririum
720 4566 746 4613 st
762 4562 898 4614 clarorum
913 4566 1032 4615 oirorma
1049 4565 1140 4630 epp,
1169 4565 1276 4629 coibptt
1292 4565 1322 4618 8·
1340 4564 1372 4617 Δ.
1393 4565 1462 4619 Gal·

143 4653 225 4705 bens.
261 4649 418 4717 llorlbspae.
443 4646 481 4700 ld.
501 4644 557 4698 lic.
576 4642 673 4696 Lxlx.
701 4655 728 4706 p.
746 4642 799 4693 aaz
827 4643 958 4696 caumas
985 4645 1185 4709 Eptcioiuruea,
1219 4657 1288 4709 paor
1313 4643 1461 4708 (amttam

142 4732 295 4798 appellant,
311 4731 424 4796 potnpu
437 4727 500 4778 iibri
515 4728 571 4777 iam
587 4730 665 4778 mant
683 4721 803 4786 consecti.
841 4722 914 4785 Quos
929 4723 974 4775 ubi
987 4725 1105 4788 prinnina
1123 4728 1202 4776 amnt
1218 4725 1372 4786 abaciam,
1390 4723 1460 4776 dabo

141 4823 183 4863 arus
197 4809 413 4876 racopaorcaadtc
439 4809 493 4866 ita,
522 4817 591 4872 quoa
615 4809 678 4855 auat
702 4802 739 4854 od
761 4802 877 4869 Atticum
901 4805 1056 4869 imcrtpica·
1092 4807 1175 4858 bocca
1202 4804 1352 4857 mmor
1378 4803 1460 4860 mosa

142 4906 225 4961 apro
240 4892 281 4946 a·
296 4889 367 4947 saca
383 4892 409 4946 a
425 4886 589 4954 meum
604 4885 786 4940 wedam
802 4889 932 4953 omaso
949 4893 1079 4954 emmo.
1098 4883 1146 4956 (a.
1159 4886 1195 4940 u.
1207 4881 1347 4952 mm.)
