3256 5400
175 203 236 266 152
599 196 873 262 EPlSTOLAlthf
893 199 947 261 AD
968 201 1056 264 FAM.

172 359 261 426 tinuo
289 357 440 421 maximas
468 353 582 439 gratias
610 362 711 439 agant.
753 358 871 438 Negant
898 356 983 421 enim
1010 378 1043 422 se
1065 354 1228 432 dubitare,
1260 357 1335 443 quin
1358 366 1392 422 tn
1413 356 1493 422 meis

171 452 346 540 praeceptis
378 459 409 514 ct
436 448 573 515 consiliis
595 448 814 534 obtemperans
838 450 1137 534 praestantissimum
1160 461 1189 516 te
1211 450 1311 515 civem
1333 460 1365 515 et
1387 455 1495 534 singu·

171 546 269 612 larem
291 545 451 610 consulem
472 542 632 629 praebeas.
682 547 712 608 2.
746 542 868 620 Quibus
889 565 949 629 ego
971 567 1158 631 quamquam
1181 545 1342 610 verissime
1363 566 1493 630 possum

172 638 365 726 respondere
388 648 434 713 te,
465 658 545 725 quae
567 636 681 720 facias,
709 645 764 701 tuo
787 636 904 702 iudicio
927 648 957 703 et
979 648 1030 703 tua
1052 650 1162 724 sponte
1184 639 1287 704 facere
1309 660 1367 703 nec
1388 639 1494 704 euius·

150 756 267 823 squam
290 753 383 818 egere
404 732 554 807 consilio,
589 740 692 795 tamen
708 752 810 816 neque
833 731 923 816 plane
945 732 1117 806 assentior,
1140 753 1178 796 ne
1202 732 1385 798 imminuam
1408 742 1494 797 tuam

173 828 306 902 landem,
329 827 354 893 si
377 826 479 892 omnis
501 847 518 889 a
540 825 619 889 meis
641 825 778 890 consiliis
801 825 938 911 profecta
960 825 1112 901 videatur,
1135 847 1237 912 neque
1252 826 1342 890 valde
1358 847 1440 911 nego
1453 861 1494 872 -

173 945 243 989 sum
265 921 348 986 enim
371 918 494 984 avidior
515 919 608 983 etiam
624 939 717 1004 quam
739 923 812 983 satis
834 926 880 982 est
902 919 1021 1003 gloriae
1035 942 1094 996 -3
1117 931 1147 985 et
1161 928 1264 983 tamen
1278 941 1341 985 non
1356 920 1493 985 alienum

173 1027 221 1082 est
241 1015 390 1100 dignitate
422 1023 491 1088 tua,
522 1012 607 1099 quod
630 1011 689 1097 ipsi
717 1011 956 1096 Agamemnoni,
990 1034 1100 1098 regum
1122 1014 1206 1097 regi,
1229 1013 1288 1078 fuit
1310 1013 1493 1091 honestum,

173 1111 290 1177 habere
312 1109 447 1194 aliquem
470 1112 500 1171 in
523 1105 661 1170 consiliis
684 1105 844 1191 capiundis
866 1110 1045 1184 Ncstorem;
1068 1107 1145 1171 mihi
1167 1128 1244 1171 vero
1266 1108 1440 1191 gloriosum
1463 1119 1494 1173 te

138 1206 318 1271 ttiuvenem
350 1200 510 1266 consulem
543 1198 657 1264 llorere
687 1198 832 1263 laudibus
862 1205 949 1285 quasi
987 1200 1146 1266 alumnum
1179 1201 1361 1287 disciplinae
1393 1222 1494 1267 meae.

173 1304 204 1365 3.
227 1303 260 1363 L.
283 1296 411 1384 quidem
433 1297 561 1367 Caesar,
584 1315 655 1358 eum
677 1292 716 1356 ad
738 1315 810 1357 eum
827 1303 990 1377 aegrotum
1011 1295 1171 1378 Neapolim
1189 1295 1360 1370 venissem,
1384 1317 1495 1381 quam·

174 1413 267 1480 quam
290 1398 356 1455 erat
384 1408 553 1473 oppressus
584 1387 679 1451 totius
704 1386 848 1472 corporis
877 1385 1054 1461 doloribus,
1085 1396 1187 1453 tamen
1209 1398 1296 1463 ante,
1327 1410 1421 1475 quam
1444 1409 1495 1453 mc

173 1488 265 1572 plane
288 1482 448 1555 salutavit,
472 1484 525 1557 „0
548 1481 591 1545 mi
614 1481 743 1553 Cicero,
776 1481 894 1567 inquit,
917 1481 1058 1566 gratulor
1079 1481 1153 1556 tibi,
1176 1503 1246 1547 cum
1269 1491 1388 1547 tantum
1410 1483 1495 1547 vales

175 1579 257 1666 apud
278 1577 486 1650 Dolabellam,
510 1583 660 1660 quantum
682 1579 707 1638 si
730 1594 790 1659 ego
813 1574 895 1660 apud
918 1575 1039 1639 sororis
1054 1574 1151 1639 lilium
1166 1576 1319 1650 valerem,
1340 1577 1403 1641 iam
1419 1575 1496 1641 salvi

140 1684 243 1739 ¹«tesso
265 1666 437 1757 possemus.
493 1666 673 1733 Dolabellae
695 1689 772 1732 vero
801 1676 855 1732 tuo
878 1679 909 1733 et
930 1669 1070 1754 gratulor
1092 1678 1123 1733 et
1144 1673 1259 1753 gratias
1287 1691 1363 1755 ago;
1401 1691 1496 1756 quem

175 1767 302 1855 quidem
324 1775 395 1849 post
415 1772 445 1828 te
461 1762 621 1828 consulem
639 1761 741 1826 solum
755 1782 922 1846 possumus
938 1782 1013 1827 vere
1028 1763 1186 1828 consulem
1200 1762 1333 1829 dicere.'’
1376 1763 1497 1830 Deinde

176 1862 271 1927 multa
301 1859 341 1924 de
362 1858 444 1922 facto
470 1875 506 1920 ac
535 1855 574 1920 de
595 1876 632 1919 re
653 1865 757 1940 gesta;
792 1865 857 1919 tum
878 1854 953 1919 nihil
976 1855 1237 1940 magnificentius,
1260 1857 1337 1921 nihil
1358 1859 1498 1942 praecla-

176 1955 242 2020 rius
264 1961 367 2018 actum
388 1970 545 2036 unquam,
579 1947 654 2013 nihil
676 1952 722 2012 rei
744 1947 887 2034 publicae
909 1950 1085 2014 salutarius.
1128 1956 1227 2035 Atque
1250 1950 1327 2015 hacc
1347 1973 1410 2016 una
1433 1974 1498 2018 vox

176 2045 316 2113 omnium
339 2053 395 2108 est.
437 2048 468 2109 d.
490 2048 515 2108 Α
537 2052 567 2107 te
589 2052 693 2107 autem
715 2053 804 2127 peto,
826 2051 862 2106 ut
883 2064 933 2107 me
955 2042 1033 2108 hane
1056 2043 1144 2129 quasi
1165 2042 1274 2108 falsam
1291 2045 1498 2111 hereditatem

136 2148 166 2188 ²⁰
176 2139 295 2205 alienae
328 2136 447 2221 gloriae
475 2137 558 2201 sinas
589 2156 719 2200 eernere
740 2156 854 2222 meque
875 2137 979 2224 aliqua
1002 2147 1152 2224 exparte
1175 2137 1205 2201 in
1228 2139 1407 2203 societatem
1429 2150 1496 2204 tua·

176 2255 247 2298 rum
279 2230 407 2297 laudum
435 2230 544 2295 venire
571 2229 701 2315 patiare.
756 2233 970 2316 Quamquam,
1006 2231 1049 2296 mi
1071 2232 1231 2297 Dolabella
1254 2268 1293 2278 -
1316 2233 1392 2297 haec
1413 2237 1497 2298 enim

175 2332 294 2394 iocatus
315 2348 384 2391 sum
407 2362 463 2399 —,
486 2323 634 2388 libentius
655 2344 764 2388 omnes
785 2344 885 2399 meas,
908 2325 935 2388 si
957 2324 1052 2390 modo
1074 2334 1145 2391 sunt
1166 2327 1289 2413 aliquae
1305 2348 1409 2402 meae,
1432 2327 1500 2392 lau·

176 2422 230 2487 des
252 2420 291 2485 ad
312 2429 343 2484 te
365 2416 604 2491 transfuderim,
627 2438 720 2502 quam
742 2416 878 2503 aliquam
899 2429 1020 2503 partem
1043 2417 1242 2484 exhauserim
1265 2441 1305 2484 ex
1328 2420 1397 2484 tuis.
1420 2427 1498 2486 Nam

176 2536 247 2580 eum
271 2524 301 2578 te
323 2533 448 2598 semper
468 2520 587 2576 tantum
609 2510 790 2585 dilexerim,
826 2519 976 2596 quantum
997 2521 1032 2577 tu
1055 2513 1227 2597 intelligere
1249 2514 1397 2599 potuisti,
1432 2524 1499 2580 tum

138 2607 225 2686 „hh
247 2607 308 2672 tuis
329 2607 417 2671 factis
439 2605 483 2669 sic
504 2610 650 2669 incensus
672 2625 755 2678 sum,
777 2613 813 2669 nt
834 2603 910 2669 nibil
932 2626 1071 2691 unquam
1092 2605 1124 2670 in
1145 2628 1254 2672 amore
1275 2608 1371 2674 fuerit
1385 2609 1500 2673 arden-

178 2702 248 2767 tius
291 2699 373 2765 Nihil
401 2706 448 2763 est
469 2698 572 2772 enim,
609 2696 683 2761 mihi
713 2696 823 2771 erede,
853 2697 968 2764 virtute
996 2697 1186 2772 formosius,
1224 2700 1300 2766 nihil
1321 2703 1498 2789 pulchrius,

176 2795 253 2860 nihil
274 2792 447 2858 amabilius.
491 2798 520 2858 5.
544 2797 675 2877 Semper
696 2791 812 2863 amavi,
835 2800 871 2856 ut
891 2796 965 2864 scis,
988 2796 1029 2857 M.
1045 2798 1174 2858 Brutum
1190 2806 1321 2880 propter
1335 2797 1501 2861 eiussum-

176 2910 263 2954 anum
285 2887 461 2972 ingenium,
498 2887 699 2951 suavissimos
726 2906 851 2959 mores,
884 2885 1072 2970 singularem
1098 2886 1286 2972 probitatem
1308 2900 1401 2976 atque
1425 2911 1499 2955 eon·

176 2983 329 3047 stantiam.
373 2987 487 3045 Tamen
511 2979 614 3044 ldibus
636 2979 755 3044 Martiis
777 2989 894 3047 tantum
917 2981 1046 3045 accessit
1066 2981 1105 3046 ad
1127 3003 1285 3056 amorem,
1307 2994 1343 3049 ut
1365 2989 1501 3049 mirarer

139 3075 280 3155 ,olocum
302 3073 398 3139 fuisse
420 3074 553 3157 augendi
576 3077 606 3138 in
628 3094 683 3146 eo,
712 3071 799 3158 quod
820 3072 896 3135 mihi
918 3073 1102 3158 iampridem
1125 3076 1317 3141 cumulatum
1339 3078 1431 3143 etiam
1453 3079 1500 3143 vi·

178 3168 318 3235 debatur.
377 3167 455 3244 Quis
478 3177 559 3241 erat,
583 3167 636 3252 qui
657 3175 781 3252 putaret
802 3164 842 3230 ad
864 3187 937 3230 eum
958 3188 1114 3241 amorem,
1138 3191 1232 3255 quem
1255 3191 1329 3255 erga
1352 3179 1383 3234 tc
1403 3169 1498 3235 habe-

176 3261 263 3336 bam,
299 3282 392 3347 posse
414 3260 530 3346 aliquid
552 3260 725 3324 accederet
758 3266 892 3325 Tantum
913 3261 1055 3335 accessit,
1091 3271 1126 3327 ut
1154 3264 1229 3328 mihi
1260 3283 1342 3329 nunc
1363 3263 1500 3350 denique

177 3377 283 3421 amare
305 3354 430 3428 videar,
453 3367 543 3420 antea
565 3354 723 3419 dilexisse.
767 3359 796 3420 6.
820 3358 927 3432 Quare
949 3355 1024 3442 quid
1046 3365 1107 3430 est,
1131 3357 1215 3444 quod
1238 3378 1299 3441 ego
1322 3366 1351 3421 te
1373 3357 1500 3433 horter,

176 3459 212 3515 ut
233 3449 372 3533 dignitati
395 3457 427 3512 et
447 3449 566 3531 gloriae
589 3449 727 3513 servias?
758 3453 937 3534 Proponam
959 3448 1015 3513 tihi
1038 3450 1139 3515 claros
1161 3453 1262 3525 viros,
1287 3452 1372 3538 quod
1395 3452 1499 3517 facere

139 3574 167 3616 ,5
178 3542 292 3616 solent,
324 3542 378 3627 qui
411 3541 596 3606 hortantur?
638 3542 800 3607 Neminem
830 3541 932 3607 haheo
961 3543 1128 3610 clariorem
1150 3567 1243 3630 quam
1265 3555 1295 3609 te
1318 3545 1435 3629 ipsum;
1468 3558 1500 3611 te

179 3637 301 3707 imitere
333 3645 474 3720 oportet,
505 3646 607 3707 tecum
637 3636 703 3720 ipse
735 3643 846 3702 certes.
904 3642 947 3701 Ne
974 3637 1046 3704 licet
1073 3638 1200 3723 quidem
1227 3638 1283 3703 tibi
1316 3639 1376 3704 iam
1407 3640 1501 3705 tantis

178 3728 273 3796 rebus
295 3729 388 3814 gestis
421 3750 483 3793 non
512 3730 559 3794 tui
587 3729 719 3793 similem
741 3749 819 3798 esse,
863 3734 894 3794 7.
918 3729 1010 3806 Quod
1032 3750 1102 3794 cum
1124 3731 1166 3795 ita
1189 3731 1243 3806 sit,
1277 3732 1414 3797 hortatio
1436 3754 1500 3797 non

178 3832 225 3888 ost
245 3824 437 3894 necessaria,
461 3822 667 3906 gratulatione
688 3822 785 3906 magis
805 3823 955 3888 utendum
971 3831 1028 3887 est.
1071 3825 1205 3909 Contigit
1221 3826 1304 3890 enim
1318 3825 1392 3900 tibi,
1415 3824 1501 3912 quod

178 3914 259 3981 haud
287 3915 354 3980 scio
379 3937 418 3979 an
448 3915 580 3989 nemini,
616 3924 652 3980 ut
679 3937 800 3980 summa
832 3921 981 3984 severitas
1010 3917 1289 3984 animadversionis
1318 3940 1382 3984 non
1403 3918 1500 3983 modo

141 4030 241 4080 annon
270 4006 424 4072 invidiosa
451 4009 507 4074 sed
534 4009 627 4073 etiam
648 4008 810 4096 popularis
833 4019 914 4074 essct
940 4017 1063 4075 etcum
1086 4010 1177 4076 honis
1199 4012 1343 4078 omnibus
1366 4024 1431 4078 tum
1453 4012 1503 4076 in-

179 4100 253 4165 fimo
275 4101 389 4186 cuique
410 4103 596 4186 gratissima.
646 4106 715 4166 Hoc
735 4102 762 4167 sl
784 4102 841 4168 tibi
864 4104 987 4168 fortuna
1010 4103 1142 4189 quadam
1165 4106 1364 4189 contigisset,
1393 4114 1502 4190 gratu·

177 4196 261 4260 laror
281 4194 420 4260 felicitati
442 4206 528 4274 tuae3
551 4196 606 4266 sed
627 4196 756 4281 contigit
777 4197 988 4282 magnitudine
1010 4218 1081 4261 cum
1103 4198 1196 4261 animi
1218 4208 1283 4264 tum
1305 4198 1399 4264 etiam
1414 4203 1502 4282 inge·

179 4289 222 4354 nii
256 4299 349 4375 atque
381 4289 515 4355 consilii.
572 4290 648 4373 Legi
670 4290 753 4354 enim
784 4291 961 4356 contionem
993 4299 1088 4356 tuam.
1131 4291 1214 4355 Nihil
1235 4291 1287 4357 illa
1309 4292 1501 4377 sapientius3

179 4388 221 4451 ita
249 4384 437 4469 pedetentim
466 4392 497 4448 et
524 4384 676 4469 gradatim
710 4393 775 4448 tum
806 4405 948 4448 accessus
970 4406 987 4448 a
1009 4393 1040 4449 te
1063 4383 1101 4448 ad
1123 4405 1248 4448 eausam
1271 4385 1342 4449 facti
1363 4395 1431 4449 tum
1452 4405 1505 4449 re-

181 4498 305 4552 cessus,
341 4487 375 4546 ut
406 4499 458 4548 res
486 4477 553 4568 ipsa
586 4477 793 4549 maturitatem
823 4477 877 4544 tibi
899 4478 1167 4548 animadvertendi
1188 4480 1330 4548 omnium
1352 4499 1505 4544 concessu

250 4628 277 4678 ’1.
305 4635 329 4679 ot
349 4636 436 4678 tomen
458 4643 511 4677 non
536 4629 649 4678 alienum
673 4630 1072 4689 uendittt.‚1t,17n,2=
1104 4639 1129 4682 ot
1148 4640 1235 4682 tamen
1251 4646 1305 4680 non
1322 4632 1438 4681 alienam
1456 4631 1503 4690 M,

181 4706 218 4748 est
237 4705 323 4751 tomen
339 4713 394 4748 noe
411 4699 525 4748 ottonum
544 4699 574 4748 Ε.
594 4725 627 4732 -
647 4699 690 4749 13.
710 4700 866 4750 salutaverlt
885 4715 955 4751 corr.
974 4703 1021 4762 nt,
1041 4703 1203 4752 salutaverat
1222 4702 1340 4752 malebat
1354 4702 1506 4754 Schtttzius.

182 4768 225 4818 tl.
253 4767 319 4833 lom]
347 4775 402 4818 tom
432 4768 469 4819 Μ.
498 4793 531 4802 -
568 4769 612 4819 15.
633 4776 679 4818 too
698 4771 721 4818 el
739 4771 860 4833 gratulor
878 4771 916 4822 Μ.
945 4799 976 4806 -
1013 4773 1058 4823 22.
1078 4772 1178 4822 locutus
1195 4772 1232 4823 Μ.
1253 4795 1285 4809 ··
1319 4773 1364 4823 25.
1387 4785 1506 4827 umorem

181 4837 218 4895 bl·
239 4865 273 4880 =
308 4839 353 4897 ³0-
372 4838 531 4895 monetam
549 4853 600 4894 ene
617 4839 754 4896 uidebatur
772 4840 867 4896 attus.
889 4868 920 4878 -
956 4841 1000 4898 34.
1017 4856 1154 4912 proponas
1172 4842 1209 4898 n.
