3256 5400
176 214 236 278 102
598 210 873 279 EPISTOLARIIII
892 213 945 276 AD
967 213 1056 277 EAM.

174 392 282 447 causa,
318 392 399 458 quae
420 380 509 435 tuum
530 379 653 454 tempus
673 368 865 454 postulabat,
898 390 961 437 nou
983 370 1085 435 solum
1107 389 1147 433 ex
1169 368 1311 435 oratione
1333 368 1491 441 Caesaris,

174 485 255 550 quae
277 485 351 529 sane
372 463 475 529 mollis
497 471 529 528 et
548 463 687 529 liberalis
708 464 783 537 luit,
805 463 861 528 sed
883 464 977 529 etiam
999 485 1040 528 ex
1062 463 1162 528 oculis
1184 471 1215 528 et
1232 463 1335 538 vultu,
1358 484 1400 528 ex
1413 463 1493 527 mul·

174 559 212 624 tis
233 567 396 643 praeterea
427 558 537 642 signis,
568 578 648 643 quae
669 557 791 622 facilius
818 558 997 643 perspicere
1018 556 1107 643 potui
1128 577 1221 642 quam
1243 555 1398 631 scribere,
1436 555 1495 621 bac

175 650 323 737 opinione
359 651 502 726 discessi,
538 661 573 717 ut
599 651 676 717 mibi
702 661 754 716 tua
783 652 865 716 salus
888 650 981 716 dubia
1006 672 1070 715 non
1092 659 1184 715 esset.
1226 655 1256 715 3.
1280 648 1494 726 Quamobrem

152 744 223 809 alac
243 744 348 810 animo
364 766 484 829 magno
505 745 643 832 sortique
661 745 718 818 sis,
740 754 786 819 et,
808 748 835 811 si
849 745 1063 810 turbidissima
1077 745 1233 831 sapienter
1247 742 1387 817 ferebas,
1411 753 1495 807 tran·

174 838 320 926 qarilliora
353 839 434 904 laete
462 839 554 905 feras.
602 844 669 924 Ego
698 850 800 905 tamen
822 840 883 905 tuis
914 838 1010 905 rebus
1040 840 1085 903 sic
1111 839 1209 903 adero
1230 845 1266 902 ut
1288 837 1494 909 difficillimis,

175 954 276 1018 neque
299 933 422 1000 Caesari
444 934 546 998 solum
568 935 623 999 sed
644 934 738 999 etiam
759 934 866 998 amicis
888 934 955 998 eius
976 931 1136 1007 omnibus,
1174 952 1253 1017 quos
1275 931 1350 995 mibi
1373 929 1496 993 amicis·

175 1025 272 1092 simos
294 1048 363 1092 esse
385 1028 539 1112 cognovi,
561 1049 621 1114 pro
643 1038 693 1102 te,
716 1027 796 1092 sicut
816 1027 918 1092 adbuc
937 1026 1014 1102 leci,
1034 1025 1238 1091 libentissime
1260 1022 1452 1110 supplicabo.

645 1170 709 1232 nu
753 1166 802 1252 (A.
828 1171 859 1232 u.
882 1170 914 1232 a.
937 1166 1022 1250 710.)

139 1315 166 1356 ao
657 1291 798 1355 CICERO
820 1290 960 1355 BASILO
983 1291 1014 1354 S.

261 1400 331 1467 Tibi
352 1399 511 1486 gratulor3
533 1399 610 1464 mibi
631 1400 767 1485 gaude03
789 1409 820 1465 te
841 1421 928 1478 amo;
951 1410 1004 1465 tua
1023 1409 1132 1477 tueor;
1155 1420 1173 1463 a
1194 1410 1226 1464 te
1247 1399 1345 1464 amari
1367 1395 1496 1484 etquid

177 1516 250 1581 agas
271 1495 407 1583 quidque
429 1503 555 1579 agatur,
576 1494 694 1558 certior
714 1493 785 1559 lieri
805 1495 889 1561 volo.

639 1637 719 1700 nu.
763 1635 811 1719 (A.
837 1638 869 1700 n.
892 1638 924 1700 a.
947 1634 1031 1718 710.)

589 1759 820 1822 BITHYNICUS
844 1759 1027 1823 CICERONI
1049 1760 1081 1822 S.

142 1892 168 1932 aa
263 1867 296 1933 Si
323 1867 400 1932 mibi
428 1877 531 1933 tecum
559 1888 623 1933 non
651 1875 681 1933 et
713 1869 828 1933 multae
858 1877 889 1933 et
917 1869 1017 1934 iustae
1045 1888 1155 1933 causae
1177 1865 1329 1932 amicitiae
1349 1866 1496 1952 privatim

178 1970 294 2036 essent,
316 1970 490 2047 repeterem
512 1961 599 2026 initia
620 1962 774 2026 amicitiae
797 1983 838 2026 ex
858 1963 1040 2048 parentibus
1058 1961 1190 2038 nostris;
1212 1960 1298 2046 quod
1320 1958 1497 2025 laciendum

177 2052 216 2117 iis
238 2054 398 2130 existimo,
436 2055 490 2141 qui
521 2063 683 2140 paternam
711 2055 878 2120 amicitiam
906 2055 999 2121 nullis
1020 2055 1080 2142 ipsi
1101 2054 1211 2120 officiis
1232 2053 1391 2139 prosecuti
1414 2061 1496 2117 sunt.

177 2151 284 2232 ltaque
306 2157 469 2214 contentus
491 2169 548 2213 ero
568 2157 674 2213 nostra
701 2148 842 2234 ipsorum
871 2149 1021 2223 amicitia,
1058 2149 1146 2213 cuius
1173 2146 1286 2212 fiducia
1314 2158 1387 2233 peto
1409 2168 1428 2210 a
1448 2155 1495 2221 te,

179 2250 215 2306 ut
236 2240 395 2307 absentem
417 2263 486 2317 me,
515 2241 753 2328 quibmcunque
774 2243 804 2307 in
828 2241 923 2307 rebus
945 2263 1025 2327 opus
1046 2241 1157 2319 luerit,
1179 2250 1305 2318 tueare,
1327 2247 1353 2307 si
1375 2241 1497 2308 nullum

142 2335 315 2399 mollicium
336 2344 424 2401 tuum
444 2335 527 2422 apud
548 2357 599 2400 me
620 2336 892 2401 intermoriturum
912 2334 1081 2402 existimas.

632 2478 729 2540 nun.
772 2474 1041 2559 (A.uc.710.)

640 2599 783 2663 CICERO
804 2598 1029 2662 BITHYNICO.

267 2712 296 2772 1.
319 2711 396 2773 Cum
418 2717 592 2772 ceterarum
614 2729 723 2772 rerum
745 2729 837 2773 causa
860 2707 952 2793 cupio
974 2729 1042 2773 esse
1063 2707 1231 2794 aliquando
1252 2707 1498 2794 rempublicam

181 2802 396 2875 constitutam,
418 2810 484 2866 tum
506 2802 598 2867 velim
620 2801 698 2866 mibi
718 2802 828 2866 credas
850 2801 998 2866 accedere
1013 2800 1045 2866 id
1068 2801 1175 2875 etiam,
1198 2822 1263 2887 quo
1283 2803 1381 2887 magis
1402 2823 1499 2888 cxpe-

145 2903 259 2968 satam,
292 2894 481 2979 promissum
508 2903 613 2969 tuum,
647 2916 711 2982 quo
733 2900 763 2960 in
786 2896 896 2961 litteris
918 2895 1026 2959 uteris.
1071 2893 1186 2960 Scribis
1209 2895 1306 2970 enim,
1329 2895 1356 2959 si
1377 2895 1420 2959 ita
1442 2895 1497 2969 sit,

181 2998 212 3053 te
234 3009 357 3052 mecum
377 3008 444 3051 esse
466 2988 630 3053 victurum.
680 2993 710 3053 2.
735 2989 915 3054 Gratissima
937 2988 1013 3052 mibi
1033 2996 1086 3052 tua
1107 2989 1249 3053 voluntas
1271 2997 1332 3063 est,
1361 2988 1499 3074 facisque

181 3082 258 3147 nibil
279 3081 412 3146 alienum
433 3081 660 3146 necessitudine
693 3090 799 3146 nostra
821 3082 1006 3166 iudiciisque
1028 3082 1124 3166 patris
1154 3082 1198 3146 tui
1220 3081 1259 3146 de
1281 3103 1347 3157 me,
1383 3081 1497 3148 summi

181 3175 251 3243 viri.
303 3180 379 3239 Nam
401 3175 446 3238 sic
466 3173 596 3249 habeto,
632 3173 855 3240 beneficiorum
884 3175 1093 3260 magnitudine
1121 3196 1192 3249 eoa,
1229 3174 1283 3261 qui
1305 3174 1499 3261 temporibus

182 3271 366 3343 valuerunt,
388 3275 423 3333 ut
444 3267 581 3342 valeant,
604 3268 834 3333 coniunctiores
856 3276 959 3333 tecum
981 3289 1156 3354 essequam
1179 3290 1249 3344 me,
1272 3267 1499 3333 necessitudine

145 3364 348 3430 mneminem.
400 3360 615 3439 Quamobrem
643 3371 730 3447 grata
757 3362 834 3426 mibi
856 3370 903 3427 est
923 3372 954 3427 et
974 3362 1125 3427 memoria
1151 3371 1205 3427 tua
1225 3373 1350 3428 nostrae
1371 3361 1501 3428 coniun-

182 3456 292 3522 ctionis
314 3466 345 3521 et
366 3455 433 3521 eius
454 3456 548 3521 etiam
569 3455 728 3541 augendae
748 3456 904 3521 voluntas.
1151 3466 1154 3476 ¹

631 3599 743 3662 run.
787 3599 835 3680 (Α.
862 3599 893 3661 u.
917 3599 948 3661 c.
971 3597 1056 3677 709.)

681 3719 822 3784 cicnno
845 3721 1005 3782 nnnrnn.

271 3837 299 3896 1.
323 3830 420 3896 Simul
442 3828 586 3915 accepia
609 3828 740 3893 Seleuco
762 3838 817 3893 tuo
838 3827 970 3902 litteras,
993 3827 1096 3892 statim
1124 3830 1262 3915 quaesivi
1285 3851 1303 3895 e
1324 3828 1422 3894 Ralbo
1443 3849 1502 3915 per

148 3925 361 3999 sacodicillos,
384 3923 459 4009 quid
480 3932 562 3987 esset
582 3922 614 3986 in
636 3921 714 4007 lege.
757 3923 927 4007 Rescripsit
948 3943 1018 3999 eos,
1049 3927 1102 4008 qui
1124 3922 1262 3989 facerent
1281 3929 1501 4010 praeconium,

186 4019 284 4084 vetari
307 4038 374 4082 esse
396 4019 429 4081 in
451 4014 686 4092 decurionibus;
711 4015 765 4100 qui
786 4014 944 4091 iecissent,
968 4037 1030 4081 non
1053 4017 1160 4082 velari.
1204 4021 1309 4095 Quare
1330 4016 1416 4083 bono
1435 4016 1503 4082 ani·

185 4133 238 4178 mo
260 4111 320 4176 sint
341 4120 372 4175 et
392 4110 438 4174 tui
460 4119 491 4174 et
512 4109 574 4173 mei
594 4108 780 4186 familiares;
811 4130 913 4195 neque
935 4111 1018 4174 enim
1040 4118 1108 4175 erat
1128 4110 1307 4187 ferendum,
1337 4132 1424 4186 cum,
1447 4114 1502 4198 qui

185 4206 279 4271 bodie
302 4202 529 4288 haruspicinam
551 4202 703 4275 lacerent,
740 4202 772 4266 in
804 4214 944 4268 senatum
966 4210 1082 4269 Romae
1110 4204 1304 4289 legerentur,
1340 4226 1411 4278 eos,
1447 4203 1503 4291 qui

186 4297 352 4384 aliquando
375 4296 577 4382 praeconium
597 4295 756 4369 iecissent,
779 4296 812 4361 in
834 4297 1010 4382 municipiis
1031 4296 1215 4362 decuriones
1235 4319 1303 4363 esse
1318 4320 1382 4363 non
1395 4298 1502 4363 licere.

256 4499 282 4547 ³.
309 4499 357 4546 boc
375 4496 497 4558 opinione
524 4495 607 4544 Codd.
635 4496 738 4559 aliquot
754 4499 826 4560 apud
847 4496 1043 4547 Bentivolium:
1075 4496 1142 4545 banc
1162 4498 1310 4559 opiniomm
1327 4496 1373 4557 bl,
1391 4498 1505 4546 hamio

188 4569 335 4631 opletoaem
353 4567 383 4616 E.
405 4589 436 4600 -
474 4566 517 4614 10.
536 4565 636 4614 Basilio
654 4566 692 4615 Μ.
714 4589 744 4602 -
781 4568 823 4617 17.
843 4568 882 4616 bt's
900 4567 937 4617 Μ.
959 4589 989 4600 -
1019 4567 1083 4627 ipst's
1100 4565 1138 4616 Μ.
1159 4589 1190 4600 -
1226 4568 1269 4617 13.
1291 4567 1363 4616 Fert.
1386 4568 1502 4625 tuearis,

187 4638 289 4688 nultum
306 4665 321 4676 -
340 4665 354 4675 -
372 4661 382 4672 ·
398 4637 560 4685 existimans.
580 4636 661 4685 Rara.
690 4660 721 4671 -
756 4637 801 4687 29.
819 4636 975 4695 coluerunt,
1001 4641 1031 4684 at
1047 4635 1153 4685 cabant
1171 4635 1213 4686 M:
1238 4637 1377 4686 votuerunt
1397 4635 1504 4700 (deletis

188 4714 218 4757 ut
235 4704 351 4765 valeant)
371 4705 409 4764 li,
439 4706 577 4754 valuerunt
596 4712 644 4754 out
660 4706 747 4755 volem
765 4707 814 4755 Ed.
834 4705 946 4757 Mediol.
966 4710 993 4754 et
1010 4705 1161 4755 Scbsstzina.
1183 4729 1211 4740 -
1249 4707 1293 4757 st.
1314 4706 1445 4757 simulac
1461 4720 1505 4756 oo·

188 4779 242 4840 cepi
259 4777 305 4836 Μ,
325 4776 408 4825 Simul
425 4783 502 4840 atquc
519 4776 605 4838 occepi
623 4775 679 4832 Vb,
698 4775 781 4826 Simul
796 4783 826 4826 ot
844 4778 931 4839 accept
949 4774 1108 4827 Cratander.
1128 4795 1161 4812 -
1197 4775 1241 4828 38.
1260 4783 1379 4827 sanctum
1398 4776 1504 4828 Lambi-

190 4860 257 4897 nus:
275 4852 367 4896 motu
385 4845 445 4897 ΜΕ.
