3256 5400
654 213 727 277 LlB.
749 214 817 279 XV.
851 214 910 277 ΕΡ.
931 213 962 277 4.
1403 215 1464 276 279

148 369 373 441 concitaretur,
395 367 422 433 si
442 367 588 435 sacerdos
614 373 708 435 armis
729 391 777 445 se,
798 368 883 455 quod
904 368 1041 434 facturus
1063 368 1243 455 putabatur,
1272 369 1463 447 defenderet,

149 462 331 530 adolescens
352 471 384 527 et
405 461 545 548 equitatu
565 472 596 527 et
617 462 756 548 peditatu
776 473 807 529 et
827 466 959 548 pecunia
981 472 1105 547 paratus
1127 485 1167 528 ex
1185 473 1250 530 toto
1265 464 1315 539 iis,
1337 463 1391 550 qui
1409 486 1466 530 no-

149 556 216 622 vari
246 555 364 642 aliquid
389 555 548 631 volebant,
583 555 720 642 perfeci,
752 563 787 620 nt
808 575 826 620 e
848 575 947 639 regno
973 555 1025 620 ille
1053 556 1228 623 discederet
1251 579 1371 646 rexque
1394 561 1462 628 siue

149 651 281 718 tumultu
304 670 341 717 ac
361 648 427 714 sine
449 650 560 725 armis,
583 649 669 715 omni
690 648 872 714 auctoritate
899 648 987 714 aulae
1008 651 1217 725 communita,
1239 672 1371 736 regnum
1392 676 1464 724 cum

150 744 298 830 dignitate
325 742 489 809 obtineret.
546 749 576 807 7.
605 747 726 808 Interea
747 741 880 827 cognovi
907 741 1076 807 multorum
1102 743 1212 810 litteris
1234 754 1326 833 atque
1348 753 1488 822 nuntiis⁵

149 857 276 922 magnas
296 837 483 902 Parthorum
503 836 609 924 copias
631 844 662 901 et
682 834 819 901 Arabum
841 833 879 899 ad
901 835 1051 921 oppidum
1075 838 1275 903 Antiocheam
1298 847 1464 916 accessisse

150 950 360 1017 magnumque
384 951 496 996 eorum
525 934 715 1016 equitatum,
751 928 806 1015 qui
837 928 871 993 in
899 928 1037 994 Ciliciam
1060 930 1234 1007 transisset,
1263 933 1303 998 ab
1325 945 1464 1024 equitum

150 1044 293 1089 meorum
319 1023 430 1089 turmis
458 1032 489 1088 et
510 1044 527 1087 a
549 1022 679 1088 cohorte
700 1026 873 1108 praetoria,
906 1043 987 1109 quae
1009 1031 1076 1087 erat
1097 1023 1294 1109 Epiphaneae
1315 1035 1463 1116 praesidii

149 1137 261 1191 causa,
293 1116 455 1182 occidione
477 1117 624 1182 occisum.
683 1118 788 1195 Quare
809 1136 880 1181 cnm
902 1115 1041 1182 viderem
1063 1137 1082 1182 a
1112 1118 1305 1204 Cappadocia
1337 1129 1467 1195 Partho-

149 1233 222 1278 rum
242 1211 348 1296 copias
369 1231 510 1285 aversas,
542 1231 605 1275 non
626 1211 719 1295 longe
741 1231 759 1275 a
781 1209 893 1275 linibus
915 1230 983 1274 esse
1006 1210 1149 1284 Ciliciae,
1178 1233 1270 1297 quam
1292 1221 1379 1301 potui
1401 1238 1502 1287 maa-m

150 1306 244 1371 xinde
264 1302 427 1370 itineribus
448 1304 487 1369 ad
509 1306 664 1369 Amanum
687 1303 860 1370 exercitum
882 1302 970 1368 duxi.
1021 1305 1093 1382 Quo
1115 1314 1150 1368 ut
1170 1305 1259 1380 vcni,
1282 1307 1403 1377 hostem
1425 1315 1465 1381 ab

150 1397 317 1465 Antiochea
341 1397 528 1474 recessisse,
548 1396 693 1462 Bibulum
713 1395 901 1463 Antiocheae
922 1416 991 1461 esse
1013 1397 1163 1482 cognovi;
1187 1398 1369 1468 Deiotarum
1391 1427 1466 1472 con·

149 1490 252 1557 festim
274 1491 336 1555 iam
357 1491 396 1556 ad
418 1513 468 1557 me
490 1491 666 1557 venientem
691 1511 763 1557 cum
792 1510 905 1574 magno
934 1498 965 1556 et
993 1489 1084 1555 firmo
1114 1491 1252 1577 equitatu
1275 1504 1306 1560 et
1327 1497 1466 1583 peditatu

150 1597 272 1652 etcum
293 1585 438 1652 omnibns
459 1586 523 1652 suis
544 1586 644 1672 copiis
665 1590 833 1650 certiorem
861 1583 922 1648 feci
948 1604 1012 1649 non
1034 1583 1135 1650 videri
1157 1605 1226 1650 esse
1247 1607 1388 1666 causam,
1410 1612 1467 1658 cur

150 1679 274 1745 abesset
293 1701 312 1746 a
332 1701 447 1766 regno,
482 1700 595 1766 meque
617 1679 656 1744 ad
678 1700 767 1752 eum,
804 1678 831 1742 si
853 1676 927 1763 quid
948 1678 1022 1742 novi
1054 1677 1136 1743 forte
1157 1678 1340 1757 accidisset,
1363 1687 1504 1752 statimne

150 1773 268 1839 litteras
290 1773 477 1858 nuntiosque
507 1773 677 1838 missurum
704 1792 783 1837 esse.
835 1774 865 1836 8.
892 1774 1031 1858 Cumque
1053 1792 1092 1837 eo
1114 1772 1218 1838 animo
1240 1775 1409 1847 venissem.
1432 1789 1467 1846 ut

150 1868 276 1954 utrique
296 1867 490 1953 provinciae,
513 1871 538 1932 si
560 1867 602 1932 ita
624 1876 745 1951 tempus
765 1864 885 1940 ferret,
907 1863 1130 1941 subvenirem,
1153 1875 1218 1932 tum
1240 1866 1282 1941 id,
1298 1870 1390 1955 'quod
1404 1871 1465 1939 iam

149 1969 220 2026 ante
251 1969 418 2025 statueram
449 1961 650 2027 vehementer
670 1960 821 2024 interesse
841 1958 1004 2046 utriusque
1025 1961 1220 2045 provinciae,
1242 1982 1353 2047 pacare
1375 1971 1467 2032 Ama-

150 2075 225 2120 num
247 2062 278 2119 et
297 2062 483 2140 perpetuum
504 2053 626 2120 hostem
647 2076 688 2120 ex
710 2073 748 2118 eo
770 2061 876 2117 monte
891 2052 1015 2127 tollere,
1039 2074 1133 2138 agere
1146 2055 1284 2139 perrexi.
1327 2061 1467 2147 Cumque

150 2168 201 2212 me
233 2146 396 2213 discedere
423 2146 463 2212 ab
494 2169 534 2213 eo
566 2158 673 2214 monte
704 2146 896 2212 simulassem
919 2155 950 2211 et
971 2147 1046 2212 alias
1066 2157 1170 2233 partes
1192 2148 1316 2214 Ciliciae
1338 2162 1503 2236 petere,ao

138 2239 355 2328 abessemque
376 2239 416 2305 ab
437 2247 556 2307 Amano
585 2242 645 2308 iter
671 2244 763 2307 unius
785 2238 848 2304 diei
869 2246 900 2303 et
921 2248 1021 2305 castra
1042 2241 1125 2326 apud
1146 2241 1468 2327 Epiphaneamfecis-

149 2353 237 2407 sem,
264 2355 291 2402 a.
313 2333 343 2399 d.
367 2355 434 2401 1111.
455 2335 529 2401 fdus
552 2334 719 2409 Octobres,
741 2354 812 2398 cum
834 2331 1120 2425 advesperasceret,
1157 2334 1304 2419 expedito
1325 2339 1468 2406 exercitu

150 2433 192 2495 ita
214 2436 310 2493 noctu
329 2427 391 2493 iter
411 2428 488 2504 feci,
510 2437 545 2493 ut
566 2451 594 2494 a.
615 2428 646 2494 d.
669 2447 722 2493 111.
743 2426 817 2492 ldus
840 2424 1006 2501 Octobres,
1028 2448 1100 2492 cum
1119 2426 1297 2504 lucisceret,
1319 2430 1352 2495 in
1375 2437 1466 2498 Ama·

151 2545 225 2588 num
242 2522 467 2597 ascenderem,
490 2522 724 2609 distributisque
745 2517 926 2586 cohortibus
948 2528 979 2584 et
999 2519 1141 2595 auxiliis,
1162 2541 1233 2586 cum
1255 2521 1324 2588 aliis
1345 2527 1384 2602 Q.
1405 2525 1468 2592 fra-

150 2625 199 2681 ter
220 2615 340 2701 legatus
372 2637 494 2682 mecum
516 2617 629 2691 simul,
662 2616 732 2683 aliis
754 2618 786 2680 C.
808 2613 1003 2699 Pomptinius
1023 2613 1160 2698 legatus,
1193 2614 1323 2702 reliquis
1344 2621 1385 2683 Μ.
1406 2623 1503 2684 An-ae

150 2710 242 2775 neius
262 2721 293 2776 et
314 2715 349 2776 L.
371 2710 509 2776 Tulleius
537 2711 628 2795 legati
651 2716 843 2796 praeessent;
878 2707 1046 2794 plerosque
1068 2708 1287 2794 necopinantes
1309 2712 1467 2796 oppressi·

151 2825 235 2878 mus,
268 2805 322 2891 qui
351 2804 445 2871 occisi
477 2804 621 2890 captique
650 2815 740 2878 suut,
772 2800 930 2866 interclusi
951 2799 1036 2885 fuga.
1078 2805 1212 2866 Eranam
1234 2811 1352 2877 autem,
1386 2825 1467 2890 quae

149 2897 209 2964 fuit
229 2919 292 2964 non
322 2899 384 2964 vici
404 2899 503 2964 instar
524 2897 580 2963 sed
605 2896 709 2972 urbis,
742 2895 827 2982 quod
849 2904 916 2960 erat
935 2895 1047 2960 Amani
1068 2905 1180 2981 caput,
1211 2895 1349 2983 itemque
1371 2901 1467 2988 Sepp-

149 3012 218 3058 ram
239 3001 271 3056 et
292 2992 493 3066 Commorim,
515 2992 630 3057 acriter
650 2999 682 3055 et
702 2989 757 3055 din
769 2986 1024 3075 repugnantibus,
1045 2988 1223 3075 Pomptinio
1244 2989 1329 3055 illam
1345 3000 1465 3077 partem

150 3086 259 3153 Amani
287 3095 430 3158 tenente,
463 3107 504 3150 ex
531 3087 714 3151 antelucano
742 3092 882 3169 tempore
903 3082 1063 3170 usquead
1086 3085 1195 3149 horam
1217 3082 1280 3148 diei
1301 3083 1503 3161 decimam‚so

150 3200 261 3265 magna
281 3177 479 3244 multitudine
499 3177 636 3244 hostium
658 3177 778 3250 occisa,
800 3181 939 3263 cepimus
964 3176 1150 3264 castellaque
1171 3198 1228 3242 sex
1249 3186 1354 3263 capta,
1382 3198 1467 3243 com-

150 3274 240 3359 plura
261 3271 465 3338 incendimus.
521 3275 551 3336 9.
579 3271 635 3336 llis
663 3268 759 3335 rebus
787 3269 829 3334 ita
854 3269 964 3354 gestis,
1000 3280 1102 3335 castra
1123 3270 1157 3335 in
1179 3269 1336 3336 radicibus
1357 3276 1465 3337 Amani

150 3366 315 3432 habuimus
335 3364 419 3451 apud
440 3368 517 3430 Aras
538 3363 708 3430 Alexandri
729 3363 944 3449 quatriduum,
967 3364 1053 3429 etin
1074 3364 1216 3450 reliquiis
1238 3363 1347 3429 Amani
1361 3364 1467 3430 delen-

150 3460 198 3526 dis
223 3459 369 3545 agrisque
398 3456 566 3533 vastandis,
595 3478 675 3544 quae
706 3479 781 3543 pars
808 3458 876 3523 eius
897 3457 1010 3523 montis
1030 3479 1120 3524 meae
1141 3457 1321 3545 provinciae
1343 3467 1406 3530 est,
1432 3456 1466 3524 id

150 3562 273 3639 tempus
294 3572 387 3617 omne
405 3550 663 3637 consumpsimus.
693 3554 741 3615 to.
765 3549 920 3616 Confectis
941 3550 989 3617 his
1010 3550 1120 3627 rebus,
1143 3550 1183 3616 ad
1204 3548 1353 3637 oppidum
1374 3550 1503 3617 Eleu-³³

151 3647 365 3714 therocilicnm
386 3645 600 3711 Pindenissum
630 3644 801 3710 exercitum
830 3642 962 3723 adduxi;
995 3644 1080 3732 quod
1112 3665 1182 3710 cum
1214 3653 1297 3707 esset
1316 3642 1465 3710 altissimo

150 3752 181 3808 et
202 3741 409 3806 munitissimo
439 3740 510 3805 loco
541 3738 580 3804 ab
601 3739 704 3825 iisque
735 3737 941 3811 incoleretur,
970 3739 1025 3824 qui
1053 3760 1092 3803 ne
1112 3737 1240 3822 regibus
1262 3735 1388 3823 quidem
1408 3759 1466 3802 un-

150 3845 245 3922 'quam
274 3834 465 3922 paruisseut;
501 3854 573 3898 cum
600 3841 632 3898 et
665 3831 812 3916 fugitivos
843 3833 1019 3917 reciperent
1040 3841 1071 3897 et
1092 3832 1277 3897 Parthorum
1299 3828 1465 3896 adventum

151 3929 303 3995 acerrime
314 3936 546 4015 exspectarent,
569 3927 608 3992 ad
621 3925 882 3991 existimationem
897 3925 1021 4010 imperii
1035 3926 1195 4012 pertinere
1209 3921 1378 3989 arbitratus
1395 3943 1464 3989 sum

150 4023 358 4109 comprimere
378 4043 490 4087 eorum
511 4020 685 4095 andaciam,
717 4040 781 4105 quo
807 4019 928 4085 facilius
956 4020 1049 4086 etiam
1071 4028 1248 4085 ceterorum
1269 4015 1379 4090 animi,
1409 4015 1500 4102 quio

150 4115 244 4180 alieni
272 4123 376 4180 essent
407 4113 446 4179 ab
477 4113 611 4199 imperio
639 4123 764 4187 nostro,
794 4112 1022 4197 frangerentur.
1064 4114 1154 4181 Vallo
1176 4121 1207 4178 et
1228 4111 1311 4176 fossa
1332 4109 1466 4174 cimam

151 4208 240 4288 dedi;
272 4230 328 4274 sex
349 4208 482 4273 castellis
504 4207 676 4293 castrisque
697 4205 840 4272 maximis
861 4207 978 4293 saepsi;
1016 4227 1150 4292 aggere,
1179 4203 1292 4278 vineis,
1325 4199 1465 4268 turribus

218 4427 245 4477 2.
266 4440 298 4477 ear
315 4433 372 4477 toto
390 4426 521 4477 Orellius:
549 4432 574 4477 et
593 4432 649 4476 roto
666 4425 726 4475 ΜΕ.
755 4449 784 4460 -
821 4424 848 4474 d.
868 4432 893 4476 et
911 4439 965 4475 om.
986 4425 1023 4476 Μ.
1052 4449 1085 4459 -
1120 4423 1287 4474 Antiocheam
1304 4422 1348 4473 ti:
1375 4421 1464 4471 Anao

151 4497 235 4546 chiam
252 4497 291 4556 E,
323 4497 433 4560 ubique.
466 4520 497 4532 -
533 4495 559 4546 7.
583 4495 617 4545 ob
643 4496 761 4558 equitatu
784 4508 898 4544 meorum
924 4495 961 4545 Μ.
991 4521 1023 4530 -
1059 4494 1103 4544 11.
1122 4495 1277 4545 Deiotarum
1293 4491 1339 4543 u:
1359 4493 1465 4541 Deiota·

151 4579 256 4630 rumque
274 4567 304 4616 E.
326 4590 357 4601 -
392 4567 436 4616 25.
456 4567 619 4630 Pomptinius
637 4564 769 4614 Orethus:
796 4566 940 4626 pomulam
956 4565 1002 4625 M,
1022 4565 1156 4614 Pomttnus
1174 4564 1204 4614 Ε.
1225 4564 1289 4613 item
1307 4576 1332 4612 v.
1358 4562 1402 4612 Pl).
1433 4583 1463 4597 -

150 4650 186 4686 m.
204 4637 348 4686 mamarius
365 4637 402 4688 Μ.
421 4661 453 4670 -
472 4637 516 4688 26.
536 4637 568 4686 1..
589 4635 687 4685 tutum
706 4635 761 4693 Va,
782 4635 860 4683 ulad
879 4635 932 4683 Att.
953 4634 1011 4683 hib-
1032 4635 1063 4684 V.
1082 4647 1125 4698 cp.
1144 4635 1188 4683 11.
1207 4630 1236 4696 8.
1256 4634 1283 4683 5.
1305 4657 1333 4668 -
1359 4632 1402 4681 27.
1424 4632 1464 4680 to·

151 4706 254 4756 terclam'
270 4707 454 4771 superroratam
474 4707 510 4758 Μ.
532 4731 560 4742 -
594 4705 638 4755 aa.
659 4705 813 4754 Commorim
831 4703 873 4754 fd:
898 4703 1046 4754 Commorim
1065 4704 1095 4755 E.
1128 4728 1158 4740 -
1195 4707 1368 4767 repugnantes
1386 4700 1463 4750 Lam·

153 4776 241 4827 binus.
279 4777 350 4826 Fort.
375 4775 578 4841 repugnantibus
604 4775 728 4824 hortibus.
758 4773 810 4824 Oa.
838 4798 866 4806 -
907 4774 950 4823 31.
972 4775 1079 4824 castella
1095 4787 1161 4838 quae
1178 4773 1215 4825 Μ.
1237 4796 1267 4809 -
1304 4770 1347 4822 37.
1367 4771 1463 4835 Altaque

152 4846 240 4897 Μ.-
276 4845 426 4912 mamam
445 4845 483 4897 Μ.
507 4871 529 4882 -
569 4843 850 4896 sandomtt-
884 4843 1079 4896 immutuit.
