3256 5400
673 222 733 283 EP.
755 222 806 282 AI)
829 220 1002 282 ATTICUbI

660 380 714 441 xr.
750 377 799 458 (Α.
825 379 858 440 u.
880 379 912 440 c.
935 373 1020 455 uo.)

652 509 794 574 CICERO
825 509 969 572 ATTICO
998 510 1030 571 S.

267 643 295 704 1.
317 633 434 700 Nudius
456 631 581 697 tertius
588 629 661 695 dedi
682 627 721 694 ad
743 640 773 694 te
795 627 957 714 epistolam
979 626 1173 712 longiorem
1194 648 1278 692 nunc
1291 626 1332 692 ad
1348 647 1401 700 ea,
1425 645 1509 710 quae

181 732 335 820 proxime.
378 728 478 794 Velim
502 724 695 799 mehercule,
724 729 855 788 Asturae
876 727 1001 787 Brutus
1042 723 1247 788 ’Aaolaeiav
1268 721 1404 786 istorum
1427 718 1508 783 scri-

158 826 239 891 abis
281 829 328 888 An
350 819 498 886 censebas
527 819 637 884 aliter?
623 817 825 902 tEqnidem
853 817 946 881 etiam
968 815 1087 880 maiora
1110 827 1270 902 exspecto.
1314 820 1392 882 Cum
1417 813 1505 899 equi-

181 918 250 983 dem
272 916 449 981 contionem
473 914 560 998 lego
581 931 625 977 nn
648 928 759 976 ranno
783 927 886 982 vmo,
918 929 963 975 nn
987 928 1189 976 cnaurssmao
1214 930 1301 984 ervi,
1331 908 1419 974 terre
1441 928 1506 972 non

180 1031 279 1097 queo;
302 1013 359 1073 etsi
380 1008 439 1073 ista
460 1007 522 1071 iam
544 1005 632 1071 ad
605 1027 713 1070 rasum.
758 1004 818 1069 Sed
840 1012 1014 1070 memento:
1037 1004 1082 1069 sie
1104 1004 1197 1069 alitur
1219 1003 1417 1069 consuetudo
1434 1023 1508 1088 pen-

180 1105 315 1171 ditarum
337 1102 532 1177 contionum
555 1110 590 1165 nt
612 1101 711 1165 nostri
732 1099 792 1172 illi,
818 1119 880 1163 uon
904 1098 1017 1163 heroes
1041 1098 1095 1163 sed
1119 1098 1176 1172 dii,
1199 1097 1297 1163 luturi
1320 1099 1450 1182 quidem
1472 1098 1507 1162 in

180 1199 280 1284 gloria
298 1199 487 1283 sempiterna
503 1197 576 1266 sint,
598 1194 652 1258 sed
666 1215 728 1259 uon
741 1193 808 1257 sine
823 1191 953 1264 invidia,
974 1213 1012 1256 ne
1034 1195 1101 1256 sine
1116 1192 1257 1278 periculo
1274 1192 1414 1277 quidem.
1444 1196 1508 1256 Ve-

146 1309 251 1358 ¹trum
272 1292 332 1356 illis
353 1310 463 1373 magna
481 1288 653 1353 consolatio
679 1285 868 1353 conscientia
895 1286 1024 1350 maximi
1044 1298 1075 1352 et
1105 1287 1268 1351 clarissimi
1292 1286 1382 1350 lacti:
1412 1284 1505 1350 nobis

181 1391 282 1472 quaet
301 1383 354 1469 qui
374 1382 537 1448 interiecto
552 1402 627 1467 rege
641 1381 731 1446 liberi
747 1401 808 1443 non
824 1400 942 1444 sumus.
973 1380 1034 1444 Sed
1051 1382 1127 1446 haec
1140 1379 1266 1444 lortuna
1282 1380 1408 1452 viderit,
1425 1400 1507 1463 qno-

180 1479 263 1544 niam
285 1478 365 1542 ratio
388 1498 451 1541 non
472 1475 636 1561 gubernat.
690 1479 720 1539 2.
741 1480 787 1539 De
810 1477 976 1547 Cicerone,
1007 1496 1087 1560 quae
1108 1474 1235 1550 scribis,
1265 1473 1402 1538 iucunda
1426 1472 1506 1537 mibi

181 1584 266 1649 sunt;
299 1571 409 1644 velim,
440 1570 502 1634 sint
522 1590 684 1655 prospera.
736 1567 829 1645 Quod
851 1588 928 1632 vero
950 1588 1045 1632 curae
1073 1567 1130 1633 tibi
1152 1576 1215 1640 est,
1246 1577 1281 1631 ut
1302 1572 1331 1632 ei
1353 1565 1507 1651 suppedi-

181 1675 265 1730 tetur
286 1663 325 1728 ad
347 1684 437 1728 usum
461 1673 491 1726 et
512 1664 627 1729 cultum
650 1663 794 1748 copiose,
816 1682 874 1748 per
892 1662 967 1725 mihi
989 1673 1111 1746 gratum
1133 1671 1195 1739 est;
1218 1661 1314 1746 idque
1335 1669 1370 1725 ut
1392 1659 1505 1734 iacias,

146 1770 212 1824 ute
242 1763 334 1823 etiam
363 1778 453 1841 rogo.
508 1761 555 1820 De
577 1755 764 1827 Buthrotiis,
798 1766 828 1820 et
850 1766 884 1820 tu
905 1765 990 1819 recte
1019 1757 1137 1842 cogitas
1159 1766 1190 1820 et
1211 1776 1271 1840 ego
1293 1775 1356 1819 non
1379 1752 1504 1818 dimitto

180 1852 270 1917 istam
292 1872 409 1916 curam.
460 1851 633 1936 Suscipiam
660 1872 786 1916 omnem
810 1850 903 1915 etiam
925 1849 1094 1927 actionem;
1128 1870 1221 1935 quam
1244 1846 1336 1912 video
1359 1845 1504 1953 quotidie

180 1944 362 2009 faciliorem.
416 1949 462 2008 Dc
484 1944 648 2017 Cluuiano,
678 1945 825 2030 quoniam
848 1944 879 2008 in
900 1965 937 2008 re
958 1963 1028 2007 mea
1051 1964 1101 2007 me
1123 1943 1225 2029 ipsum
1247 1939 1407 2025 diligentia
1434 1939 1505 2003 vin-

180 2039 241 2112 eis,
263 2059 314 2102 res
336 2037 375 2102 ad
396 2047 526 2103 centena
547 2020 739 2125 perducitur.
791 2039 891 2102 Ruina
911 2058 979 2102 rem
1000 2058 1063 2103 non
1085 2037 1159 2101 lecit
1180 2035 1394 2110 deteriorem,
1417 2030 1503 2097 haud

182 2132 247 2197 seio
269 2153 306 2196 an
329 2131 392 2196 iam
415 2131 667 2197 fructuosiorem.
710 2136 768 2197 Illc
790 2153 913 2196 mecum
934 2129 1066 2204 Balbus,
1090 2132 1227 2206 Hirtius,
1253 2134 1362 2195 Pansa.
1405 2124 1503 2192 Modo

144 2225 265 2290 novenis
287 2224 433 2290 Octavius
455 2224 665 2312 etquidem
656 2248 688 2290 m
710 2225 888 2310 proximam
910 2224 1015 2289 villam
1037 2222 1186 2310 Philippi,
1208 2221 1286 2288 mihi
1307 2232 1391 2287 totus
1413 2218 1505 2286 dedi-

181 2329 240 2385 tus.
282 2319 431 2384 Lentulus
453 2319 600 2404 Spinther
621 2318 714 2385 bodie
737 2319 819 2406 apud
841 2340 908 2396 me;
929 2338 998 2382 cras
1020 2338 1111 2382 mane
1133 2315 1227 2381 vadit

641 2500 711 2561 1η.
755 2497 810 2579 (A.
837 2498 869 2560 u.
891 2498 922 2560 c.
945 2498 1036 2577 rao.)

660 2629 803 2693 CICERO
825 2628 969 2692 ATTICO
992 2628 1023 2691 S.

268 2754 296 2813 1.
320 2752 346 2814 Ο
369 2750 412 2814 mi
433 2749 547 2821 Attice,
570 2770 699 2821 vereor,
729 2770 768 2812 ne
789 2747 880 2812 nobis
902 2747 974 2812 ldus
996 2748 1124 2811 Martiae
1146 2746 1223 2812 nihil
1244 2744 1389 2815 dederint
1410 2770 1501 2835 prae-

143 2853 230 2910 aeter
251 2843 397 2907 laetitiam
434 2854 464 2907 et
491 2842 554 2907 odii
584 2862 715 2928 poenam
746 2862 781 2904 ae
811 2841 938 2906 doloris.
984 2843 1071 2917 Quae
1099 2841 1175 2905 mihi
1197 2843 1279 2910 istim
1303 2845 1501 2909 afferuntur?

182 2941 270 3014 Quae
292 2939 341 3002 hle
363 2937 481 3002 video?
518 2940 566 3000 Ὢ
589 2937 733 3022 πράξεως
755 2940 853 3014 καλῆς
875 2948 949 3018 μέν,
973 2938 1105 3011 ἄτελοιῗς
1128 2940 1182 3002 del
1226 2939 1305 3013 Seis,
1336 2959 1431 3024 quam
1455 2937 1500 3001 dl·

179 3031 272 3116 ligem
301 3031 421 3097 Siculos
450 3040 480 3095 et
508 3051 600 3115 quam
628 3030 711 3094 illam
742 3030 914 3094 clientelam
942 3028 1101 3093 honestam
1132 3030 1278 3097 iudicem.
1321 3029 1416 3096 Multa
1440 3029 1501 3094 illis

180 3129 309 3198 Caesar,
347 3147 447 3210 nequa
478 3145 527 3187 me
559 3124 675 3197 invito,
710 3125 767 3188 etsi
795 3122 942 3187 Latinitas
972 3132 1039 3186 erat
1068 3144 1130 3188 nou
1158 3124 1305 3202 serenda;
1344 3132 1501 3187 verumta-

180 3240 250 3283 men
273 3271 281 3287 .
306 3269 314 3283 .
337 3267 376 3284 ..
420 3223 498 3282 Ecce
525 3227 627 3282 autem
656 3222 822 3288 Antonius,
856 3226 980 3301 accepta
1004 3218 1112 3300 grandi
1136 3221 1284 3303 pecunia,
1307 3217 1375 3281 fixit
1398 3219 1501 3301 legem

142 3333 196 3376 soa
219 3312 368 3378 dictatore
391 3313 524 3376 comitiis
547 3312 655 3385 latam,
679 3332 738 3396 qua
762 3310 856 3374 Siculi
879 3311 962 3374 cives
985 3312 1132 3388 Romani;
1170 3314 1257 3378 euius
1280 3313 1326 3376 rei
1349 3311 1422 3375 vivo
1446 3311 1500 3375 illo

179 3407 295 3471 mentio
324 3406 417 3471 nulla.
480 3405 585 3483 Quid‘l
618 3405 756 3470 Deiotari
785 3405 883 3469 nostri
912 3425 1004 3468 causa
1032 3427 1093 3469 non
1127 3406 1256 3471 similist
1299 3405 1417 3488 Dignus
1448 3405 1500 3468 illc

179 3500 305 3583 quidem
334 3504 417 3564 omni
446 3520 561 3582 regno,
599 3498 653 3562 sed
678 3519 739 3562 non
762 3519 819 3583 per
846 3499 996 3562 Fulviam.
1041 3503 1193 3563 Sescenta
1216 3501 1336 3565 similia.
1381 3506 1500 3564 Verum

179 3594 252 3657 illuc
274 3593 411 3657 releror:
441 3604 503 3655 tam
525 3593 639 3657 claram
663 3602 787 3676 tamque
810 3602 949 3656 testatam
973 3613 1040 3656 rem
1064 3602 1187 3679 tamque
1209 3595 1337 3667 iustam,
1365 3593 1501 3658 Buthro·

181 3686 268 3759 tiam,
306 3707 368 3750 nou
391 3685 564 3749 tenebimus
591 3687 692 3770 aliqua
723 3707 763 3748 ex
786 3692 894 3771 parte?
931 3696 961 3750 et.
988 3708 1026 3750 eo
1049 3687 1175 3772 quidem
1197 3689 1314 3772 magis,
1353 3709 1417 3772 quo
1441 3689 1500 3752 iste

143 3802 170 3845 aa
180 3779 291 3864 plural
324 3785 353 3842 2.
376 3777 542 3843 Nobiscum
565 3778 615 3842 hle
636 3778 866 3863 perhonorifice
889 3789 920 3844 et
940 3780 1098 3865 peramiee
1121 3782 1281 3859 Octavius;
1311 3803 1402 3867 quem
1429 3781 1502 3866 qui-

180 3923 325 3933 u-——a-—n

249 3997 275 4047 d.
294 3998 373 4045 uelim
390 4009 430 4046 me
447 3995 591 4045 mehercule
610 3996 639 4044 u.
673 4022 699 4032 -
740 3997 765 4045 5.
787 3996 997 4061 Cum'equidem]
1018 3998 1089 4061 Quia
1108 4000 1227 4062 equidem
1244 3999 1304 4059 bII,
1326 4001 1500 4062 Quinetiam

180 4068 262 4117 1t.-
300 4067 326 4116 o.
347 4068 450 4117 eiuell·
485 4090 513 4100 -
548 4066 577 4115 ,7.
597 4067 682 4114 uisum
701 4065 722 4114 I.
757 4092 785 4101 —
825 4067 902 4117 aliter
922 4068 942 4116 I.
973 4093 1001 4102 -
1027 4069 1065 4117 e.
1085 4067 1126 4132 ut]
1146 4077 1170 4118 et
1191 4070 1212 4118 I.
1243 4095 1273 4105 -
1310 4071 1336 4119 3.
1364 4066 1427 4132 sint]
1447 4069 1500 4131 sut't

180 4138 202 4188 I.
222 4162 255 4174 -
290 4139 347 4186 eine
373 4138 492 4197 invidia,
524 4149 557 4184 ue
576 4149 630 4184 om.
650 4135 722 4184 lllill.
761 4136 794 4185 m
813 4150 878 4198 nos,
899 4137 982 4187 Codd.
1004 4139 1085 4188 Dosli.
1112 4140 1183 4189 Fort.
1220 4139 1337 4190 sednon
1355 4142 1501 4202 stueperi·

179 4207 252 4268 culo,
283 4221 314 4257 ue
331 4209 388 4256 stne
405 4208 510 4256 inuidia
528 4207 641 4269 quidem.
664 4206 712 4256 Oa.
745 4231 775 4241 -
816 4208 858 4255 le.
878 4209 983 4258 ratione
1003 4210 1134 4271 quberuut
1153 4210 1190 4258 Μ.
1219 4236 1251 4246 -
1288 4212 1330 4259 13.
1350 4210 1420 4273 quod
1438 4223 1500 4259 nere

180 4277 227 4326 tibi
245 4281 282 4326 eet
300 4278 343 4336 m,
373 4280 441 4342 quod
459 4291 520 4327 vero
539 4278 587 4326 tibi
605 4283 641 4326 eet
660 4289 737 4326 curae
757 4276 787 4332 I,
807 4278 876 4340 quod
893 4292 969 4326 utrae
989 4280 1038 4327 tihi
1056 4284 1092 4328 est
1111 4281 1254 4329 Victorius.
1294 4280 1337 4337 {Ut
1356 4294 1419 4333 uos.
1443 4283 1498 4329 iam

180 4344 225 4408 R.)
253 4371 283 4382 -
320 4347 363 4397 ld.
393 4349 479 4410 idque]
507 4349 543 4395 td.
573 4360 623 4411 que
647 4348 683 4399 Μ.
713 4369 741 4380 -
782 4348 823 4396 15.
849 4345 937 4410 ettam]
966 4349 1036 4398 Fert.
1066 4351 1145 4399 ettam
1168 4355 1246 4414 etque
1274 4352 1364 4399 etlam.
1391 4349 1443 4400 On.
1466 4375 1496 4388 -

181 4418 224 4467 16.
245 4431 345 4467 euram.
384 4416 433 4466 Sed
450 4418 590 4479 suscipiam
611 4418 631 4465 1.
654 4442 683 4453 -
704 4413 794 4479 etiam]
813 4419 893 4466 istam
913 4419 933 4466 l.
955 4419 1025 4469 Fort.
1046 4431 1110 4468 enm.
1130 4418 1180 4469 On.
1205 4445 1231 4456 -
1254 4420 1296 4468 18.
1320 4419 1421 4484 Ratun}
1442 4433 1501 4468 uua

180 4488 250 4543 Mu,
277 4501 339 4536 aaut
371 4487 392 4536 I.
424 4513 451 4522 -
491 4489 533 4536 tt).
557 4484 622 4549 tam]
652 4486 718 4535 Cum
739 4488 870 4537 Lambluo
890 4488 1016 4538 malimus
1034 4492 1122 4538 etiam.
1148 4513 1176 4523 -
1212 4490 1256 4538 20.
1278 4491 1348 4539 Fort.
1370 4489 1496 4552 Philippi.

180 4556 248 4607 ertu
266 4562 285 4605 t.
305 4559 332 4606 d.
352 4565 398 4606 eu.
418 4555 468 4606 On.
488 4582 520 4594 -
539 4558 580 4606 35.
601 4571 695 4619 penam
712 4558 772 4615 mu,
789 4559 895 4618 plenam
914 4559 978 4608 Cod·
1000 4561 1027 4608 in
1046 4573 1099 4621 mg.
1122 4560 1225 4622 Repett.
1246 4560 1339 4609 Lamh.
1359 4565 1386 4608 et
1400 4561 1448 4609 Vh.
1466 4585 1495 4595 -·

179 4627 313 4676 istttnhl:
335 4629 411 4676 tutuo
428 4626 495 4675 illll.
517 4651 548 4660 -
566 4627 608 4675 28.
628 4635 806 4677 verumtamen
825 4635 912 4677 aretem
929 4643 982 4678 ecce
1001 4629 1020 4678 I.
1041 4653 1072 4663 -
1092 4631 1135 4679 29.
1155 4632 1235 4692 fiuctt
1253 4629 1275 4677 I.
1306 4654 1334 4664 -
1363 4629 1406 4678 31.
1429 4631 1500 4692 Quid

181 4698 212 4746 de
232 4696 352 4747 Deiotari
371 4698 390 4746 1.
418 4722 444 4733 -
483 4693 545 4758 uon]
577 4711 639 4745 uum
665 4698 677 4745 l
706 4704 730 4747 et
761 4712 831 4747 corr.
851 4699 889 4748 Μ.
912 4723 941 4733 -
978 4698 1021 4747 33.
1042 4697 1126 4759 resero
1144 4700 1217 4748 ΜΜ.
1248 4697 1291 4759 (Ut
1310 4712 1378 4759 nos,
1400 4700 1499 4749 Doctus

181 4770 271 4816 mette.
308 4768 561 4829 Fortproevertor.
581 4766 642 4822 Oa.)
663 4792 692 4802 -
730 4768 773 4817 dl.
793 4768 907 4818 tetaltl.
946 4768 1114 4823 (Correctum
1134 4777 1173 4818 est
1194 4771 1220 4818 ln
1240 4769 1289 4818 Vb.
1326 4770 1366 4818 De
1392 4770 1419 4820 Μ
1440 4784 1496 4820 uon

181 4833 286 4903 liquet.)
308 4862 338 4872 -
410 4837 453 4888 35.
470 4838 600 4900 peramica
618 4851 679 4887 eum
699 4851 752 4901 mg.
773 4837 842 4887 Crat.
864 4838 1032 4889 Lambinus:
1053 4841 1135 4889 amtee
1154 4839 1251 4890 uhtu.
