3256 5400
167 235 230 299 202
599 233 874 297 EPISTOLABUM
895 234 947 296 Al)
968 232 1060 297 ΒΑΜ.

166 391 260 469 viris,
282 390 394 470 lacias;
417 389 530 455 deinde
553 388 592 455 de
610 388 775 476 praemiis,
810 389 836 453 si
856 387 911 452 tibi
934 387 1077 461 videtur,
1105 406 1331 472 agressurum
1350 387 1493 460 militurn,

167 486 312 572 quicum
335 485 471 550 Antonio
490 484 630 549 veterani
651 483 793 556 luerunt,
816 482 855 547 iis
876 481 995 547 dandos
1011 502 1138 546 censeas
1159 480 1200 546 ab
1220 482 1362 568 utrisque
1384 481 1493 559 nobis;

168 579 206 643 de
229 579 381 652 nummis,
402 578 487 642 lente
507 597 544 642 ac
568 576 690 642 ratione
716 574 822 640 habita
844 575 1011 661 pecuniae;
1041 585 1181 641 senatum
1200 573 1240 641 de
1261 596 1299 641 ea
1318 596 1356 640 re
1379 575 1495 641 consti·

167 679 316 737 tuturnm.
360 673 518 749 Quattuor
538 669 715 755 legionibus
732 669 787 742 iis,
809 667 923 754 quibus
944 690 1039 754 agros
1061 669 1180 735 dandos
1195 670 1376 745 censuistis,
1398 670 1494 737 video

143 766 341 831 »facultatem
362 765 430 830 lore
453 787 494 830 ex
516 765 599 851 agris
622 762 754 844 †Silaui
777 772 808 827 et
829 782 906 846 agro
929 767 1103 849 Campan03
1133 762 1305 849 aequaliter
1331 772 1385 829 aut
1406 777 1493 831 sorte

165 879 259 944 agros
280 857 454 943 legionibus
472 858 625 943 assignari
643 868 720 943 puto
741 864 901 942 oportere.
953 861 987 923 t.
1011 861 1094 922 llaec
1108 877 1160 921 me
1180 855 1236 921 tibi
1261 857 1401 923 scribere
1430 880 1493 924 nou

166 950 330 1039 prudentia
358 973 428 1017 mea
456 952 618 1025 bortatur,
640 951 695 1015 sed
717 972 807 1014 amor
832 951 864 1014 iu
888 960 916 1014 te
938 961 969 1015 et
990 951 1143 1037 cupiditas
1165 951 1238 1024 otii,
1262 950 1349 1037 quod
1370 957 1438 1018 sine
1461 962 1494 1018 te

164 1045 336 1110 consistere
357 1067 420 1111 non
440 1053 553 1131 petest.
597 1051 683 1131 Bgo,
705 1044 765 1109 uisi
789 1042 878 1108 valde
900 1065 1027 1110 necesse
1048 1045 1163 1119 luerit,
1186 1065 1227 1109 ex
1249 1045 1337 1110 ltalia
1352 1067 1416 1111 non
1438 1068 1496 1110 er·

164 1137 284 1203 cedam.
327 1139 480 1224 Legiones
501 1160 610 1212 armo,
639 1158 736 1225 paro;
766 1158 860 1224 spero
891 1159 939 1202 me
962 1159 1023 1203 non
1046 1138 1217 1223 pessimum
1240 1145 1417 1205 exercitum
1439 1138 1495 1204 ba·

129 1241 155 1281 ¹⁰
165 1231 303 1295 biturum
335 1232 373 1296 ad
402 1253 510 1297 omnes
539 1253 628 1296 casus
668 1239 700 1294 et
730 1231 865 1316 impetus
900 1231 1072 1297 bominum.
1126 1235 1173 1296 De
1202 1233 1364 1307 exercitu,
1396 1254 1492 1319 quem

164 1331 263 1390 Pansa
284 1324 404 1402 babuit,
427 1326 582 1412 legionem
604 1325 679 1390 mibi
700 1328 813 1389 Caesar
834 1345 896 1389 nou
918 1325 1058 1390 remittit.
1102 1322 1148 1389 bd
1173 1324 1228 1390 bas
1249 1325 1366 1391 litteras
1386 1326 1491 1391 statim

165 1418 241 1484 mibi
262 1419 400 1485 rescribe
432 1429 620 1506 tuorumque
644 1417 781 1505 aliquem
807 1418 911 1493 mitte,
945 1418 1068 1505 siquid
1090 1418 1287 1484 reconditum
1308 1423 1409 1504 magis
1431 1418 1494 1482 erit

165 1534 279 1600 meque
300 1515 382 1579 scire
404 1535 484 1601 opus
506 1534 575 1579 esse
596 1512 728 1600 putaris.
772 1532 849 1578 vm.
871 1513 938 1578 Kal.
961 1517 1043 1587 lun,
1065 1512 1232 1598 Eporedia.

627 1682 712 1745 xm.
754 1682 807 1762 (A.
833 1683 866 1745 u.
888 1683 920 1744 o.
943 1679 1028 1763 711.)

130 1822 157 1862 a
381 1796 423 1858 u.
445 1794 589 1859 crunno
612 1795 643 1857 s,
664 1796 701 1857 n.
723 1797 761 1858 n.
783 1793 912 1858 naono
935 1796 1013 1857 ms.
1037 1794 1121 1859 cos,
1143 1796 1272 1861 ossio.

251 1920 280 1981 l.
301 1913 360 1979 Dei
387 1913 437 1978 isti
471 1912 599 1998 Segulio
627 1913 708 1979 male
739 1913 866 1986 saciant,
897 1913 1016 1979 bomini
1043 1914 1234 2000 nequissimo
1257 1915 1416 1989 omnium,
1439 1916 1494 2003 qui

165 2020 252 2084 sunt,
285 2008 341 2095 qui
371 2006 514 2079 luerunt,
553 2005 608 2093 qui
635 2006 734 2072 luturi
760 2010 850 2071 suntl
888 2007 992 2084 Quid?
1024 2017 1056 2072 tu
1078 2008 1166 2073 illum
1191 2019 1293 2074 tecum
1315 2010 1417 2075 solum
1440 2020 1495 2076 aut

164 2124 236 2169 cum
257 2105 413 2168 Caesarei
447 2101 502 2188 qui
524 2101 681 2166 neminem
703 2101 970 2186 praetermiserit,
1001 2101 1128 2188 quicum
1151 2102 1240 2188 loqui
1262 2105 1420 2189 potuerit,
1443 2106 1494 2171 cui

165 2220 228 2264 uon
261 2197 370 2262 eadem
401 2196 461 2261 ista
491 2195 616 2262 dixerit.
661 2200 706 2261 Te
735 2203 858 2267 tamen,
895 2195 938 2259 mi
962 2201 1077 2269 Brute,
1110 2195 1156 2260 sic
1190 2216 1277 2271 amo,
1311 2207 1347 2263 ut
1373 2197 1491 2273 debeo,

128 2290 251 2379 eoquod
282 2288 364 2356 istud
391 2288 545 2376 quidquid
574 2297 656 2354 esset
682 2309 836 2375 nugarum
864 2310 915 2353 me
947 2289 1029 2354 scire
1058 2288 1196 2354 voluisti.
1248 2289 1378 2375 Signum
1407 2292 1495 2357 euim

167 2405 311 2471 inagnum
331 2389 447 2448 amoris
469 2382 591 2448 dedisti.
641 2388 672 2448 ἓ.
694 2388 771 2448 Nam
793 2381 879 2469 quod
901 2380 986 2448 idom
1008 2382 1172 2467 Segulius,
1195 2392 1361 2450 veteranos
1382 2385 1495 2471 queri,

166 2479 251 2566 ‹puod
278 2487 312 2543 tu
341 2486 373 2541 et
397 2477 565 2543 Caesario
587 2476 773 2542 decemviris
795 2499 858 2541 non
894 2476 1024 2549 essetis,
1060 2475 1179 2540 utinam
1208 2496 1248 2540 ne
1277 2497 1337 2563 ego
1366 2479 1496 2566 quidem

167 2575 283 2638 essem!
322 2571 406 2648 Quid
434 2571 517 2636 enim
539 2571 726 2637 molestius?
761 2570 823 2636 Sed
855 2579 976 2643 tamen,
1005 2590 1077 2635 cum
1102 2589 1162 2653 ego
1185 2571 1352 2637 sensissem
1374 2573 1412 2637 de
1435 2573 1493 2648 iis,

167 2669 221 2753 qui
246 2664 404 2731 exercitus
425 2665 591 2739 baberent,
614 2664 797 2729 sententiam
815 2660 893 2728 ferri
913 2673 1078 2749 oportere,
1100 2661 1197 2727 iidem
1218 2662 1280 2740 illi,
1303 2665 1359 2752 qui
1381 2666 1495 2742 solent,

130 2782 157 2820 o
166 2762 385 2827 reclamarunt.
437 2764 545 2848 ltaque
573 2759 697 2845 excepti
727 2759 820 2823 etiam
849 2758 941 2831 estis,
974 2778 1025 2822 me
1054 2756 1256 2823 vehementer
1288 2770 1494 2845 repugnante.

168 2855 323 2935 Quocirca
345 2854 506 2939 Segulium
521 2853 729 2939 negligamus,
752 2851 807 2939 qui
833 2872 885 2916 res
906 2872 1002 2916 novas
1018 2851 1159 2937 quaerit:
1184 2870 1247 2917 nou
1266 2874 1331 2939 quo
1354 2863 1495 2918 veterem

165 2948 400 3017 comederit-
423 2947 540 3013 nullam
557 2947 640 3012 enim
665 2945 772 3012 babuit
793 2981 850 3018 -,
887 2945 945 3011 sed
971 2944 1051 3010 banc
1074 2944 1174 3030 ipsam
1196 2955 1355 3011 recentem
1380 2968 1495 3012 novam

165 3043 338 3111 devoravit
394 3044 424 3106 3.
455 3040 550 3119 Quod
572 3050 676 3106 autem
697 3039 807 3106 scribis
832 3050 883 3116 te,
915 3038 1001 3126 quod
1020 3060 1079 3126 pro
1098 3050 1129 3105 te
1151 3038 1222 3125 ipso
1240 3051 1304 3104 non
1328 3040 1439 3115 iacias,
1462 3041 1495 3108 id

166 3158 226 3225 pro
247 3157 318 3211 me,
347 3144 383 3202 ut
412 3133 453 3200 de
474 3156 526 3200 me
546 3133 657 3200 timeas
678 3134 817 3222 aliquid,
847 3134 934 3200 omni
958 3143 1005 3209 te,
1027 3133 1077 3198 vir
1098 3132 1216 3219 optime
1238 3133 1378 3222 mihique
1399 3135 1496 3201 caris-

129 3250 157 3287 ³⁰
166 3233 245 3298 sime
269 3236 380 3306 Brute,
403 3229 443 3295 de
472 3249 524 3294 me
548 3239 635 3294 metu
659 3227 771 3296 libero.
828 3235 896 3315 Ego
920 3228 1020 3305 enim,
1051 3249 1132 3315 quae
1153 3227 1314 3315 provideri
1329 3238 1493 3314 poterunt,

166 3345 230 3391 non
257 3322 348 3389 lallar
373 3325 405 3389 in
438 3321 491 3399 iis;
514 3342 596 3409 quae
627 3321 801 3388 cautionem
824 3344 888 3389 non
912 3321 1087 3398 habebunt,
1124 3321 1163 3386 de
1183 3321 1222 3386 iis
1246 3341 1309 3386 nou
1335 3323 1378 3388 ita
1404 3321 1494 3387 valde

167 3417 288 3484 laboro.
340 3418 406 3482 Sim
429 3418 513 3483 enim
537 3415 720 3502 impudens,
754 3419 781 3483 si
802 3418 873 3502 plus
889 3417 1061 3503 postulem,
1091 3437 1184 3504 qnam
1206 3413 1325 3479 bomini
1348 3436 1364 3479 a
1386 3437 1494 3481 rerum

167 3520 276 3577 natura
307 3511 404 3577 tribui
425 3520 539 3598 potest.
591 3514 622 3576 t.
646 3509 739 3588 Quod
762 3511 838 3576 mibi
861 3511 1031 3597 praecipis,
1064 3519 1100 3575 ut
1120 3529 1262 3583 caveam,
1295 3530 1334 3574 ne
1355 3509 1494 3575 timendo

166 3604 265 3687 magis
287 3603 398 3670 timere
419 3623 531 3689 cogar,
554 3611 585 3668 et
603 3602 759 3690 sapienter
776 3612 807 3669 et
826 3605 1014 3670 amicissime
1032 3602 1198 3690 praecipis.
1242 3602 1304 3668 Sed
1322 3604 1415 3669 velim
1438 3603 1493 3668 tibi

131 3717 157 3751 ιω
166 3698 370 3784 persuadeas,
401 3719 472 3763 eum
497 3708 527 3763 te
558 3707 678 3762 constet
698 3698 854 3763 excellere
882 3699 942 3764 boc
971 3719 1088 3784 genere
1113 3695 1252 3770 virtutis,
1280 3704 1315 3761 ut
1336 3717 1495 3782 nunquam

166 3791 361 3866 extimescas,
384 3812 541 3879 nunquam
561 3789 763 3878 perturbere,
786 3812 836 3856 me
859 3791 931 3857 buic
951 3800 1024 3858 tuae
1046 3791 1153 3856 virtuti
1173 3790 1319 3876 proxime
1334 3788 1494 3855 accedere.

168 3885 384 3964 Quamobrem
406 3905 464 3950 uec
485 3895 623 3950 metuam
644 3882 815 3970 quidquam
837 3893 867 3948 et
889 3883 1007 3950 cavebo
1029 3885 1144 3952 omnia.
1189 3882 1251 3949 Sed
1273 3882 1363 3956 vide,
1387 3904 1426 3947 ne
1442 3893 1494 3948 tua

167 3978 245 4056 iam,
282 3979 326 4045 mi
356 3984 468 4055 Brute,
507 3978 598 4064 culpa
625 3976 731 4042 lutura
753 3977 807 4051 sit,
835 3977 862 4042 si
884 3998 944 4063 ego
966 3979 1138 4065 quidquam
1160 3978 1304 4053 timeam;
1327 3976 1388 4040 tuis
1410 3976 1494 4042 enim

168 4071 281 4159 opibus
302 4085 333 4139 et
354 4072 516 4139 consulatu
538 4081 611 4146 tuo,
646 4070 737 4135 etiam
761 4073 788 4135 si
805 4071 905 4136 timidi
927 4092 1081 4146 essemus,
1112 4080 1216 4135 tamen
1246 4090 1371 4134 omnem
1404 4069 1496 4134 timo-

131 4182 235 4231 ³⁰rcm
258 4166 477 4244 abiicecrmus;
500 4163 685 4252 praesertim
707 4185 778 4228 cum
797 4185 981 4249 persuasum
1004 4163 1150 4230 omnibus
1173 4174 1255 4229 esset
1277 4163 1415 4249 mihique
1430 4184 1495 4227 ma

167 4259 267 4334 xime,
297 4284 313 4324 a
337 4270 366 4325 te
389 4281 447 4325 nos
468 4261 559 4325 unice
582 4257 680 4342 diligi.
725 4262 754 4322 5.
778 4258 920 4323 Consiliis
943 4258 1026 4332 tuis,
1049 4279 1130 4346 quae
1150 4257 1263 4324 scribis
1285 4256 1324 4321 de
1346 4268 1495 4343 quattuor

236 4458 263 4507 B.
283 4459 317 4507 tir
336 4459 376 4508 N:
396 4459 512 4510 bistili.
538 4482 562 4492 -
584 4461 701 4522 astrisque
717 4468 837 4508 nostrum
856 4458 1012 4518 Mauritius,
1033 4466 1143 4522 utroquo
1160 4464 1281 4508 nettntm
1294 4458 1493 4506 Lambinus.-

166 4526 194 4576 d.
213 4527 254 4575 bis
272 4528 308 4577 Μ.
341 4553 371 4563 -
408 4530 434 4578 5.
456 4528 541 4578 Silani
561 4528 608 4579 bl:
638 4529 753 4578 Sullanis
782 4529 852 4577 Ber
871 4531 981 4592 antiqua
1000 4530 1180 4579 correctione.
1224 4524 1341 4589 (Stellati
1367 4533 1391 4576 st
1419 4527 1495 4576 Cusi-

164 4596 422 4661 pouoScbiitzius.)
444 4623 474 4633 -
511 4598 684 4648 Sitonum.
706 4599 743 4649 Μ.
765 4624 795 4634 -
833 4599 875 4648 13.
896 4614 960 4662 opus
979 4600 1097 4649 esssbl:
1120 4611 1184 4662 opus
1203 4597 1285 4646 ll.-
1324 4596 1492 4646 tomam:

167 4666 214 4717 oc
238 4667 268 4716 ll.
290 4695 320 4705 -
357 4670 401 4720 et.
428 4671 584 4717 seutentiam
606 4671 670 4733 ferri
696 4669 721 4717 b.
754 4669 771 4717 l.
793 4682 901 4731 prorsus
921 4663 1040 4738 ἄκυρον.
1076 4669 1147 4718 Fert.
1170 4667 1197 4717 S.
1218 4667 1246 4717 0.
1266 4667 1323 4731 fieri
1342 4666 1493 4716 secundum

167 4748 272 4786 morem
297 4739 362 4789 Cod.
392 4740 419 4790 M
446 4740 608 4800 compendia
636 4741 783 4804 scripturae
812 4752 937 4801 perverse
967 4738 1171 4802 interpretandi.
1203 4736 1254 4786 Oa.
1274 4761 1307 4772 -
1344 4737 1387 4785 31.
1407 4737 1437 4784 to
1454 4737 1494 4784 tis

168 4806 206 4857 Μ.
237 4830 268 4843 -·
305 4809 630 4861 detttNtdcttialtssl.
663 4836 696 4848 -
731 4811 945 4861 adamussim
966 4809 1003 4861 Μ.
1035 4834 1064 4847 -
1103 4806 1272 4859 annom
1298 4806 1428 4870 mqucll·
1461 4828 1492 4842 -

168 4883 268 4929 mium
284 4878 321 4930 B.
367 4910 369 4914 Δ
