3216 5408
160 253 225 316 ras
660 224 980 306 'remanorum

162 411 315 478 Cicerone
335 421 408 471 meo
430 413 476 476 et,
498 400 664 466 sitantum
686 398 786 463 estin
807 417 864 469 eo,
887 403 1037 482 quantum
1058 393 1186 470 scribis,
1214 404 1345 461 tantum
1369 394 1510 468 scilicet,

162 511 313 590 quantum
334 496 454 572 debeo,
481 491 622 582 gaudem
651 499 699 565 et,
729 491 773 566 si,
795 489 882 577 quod
903 509 989 554 amas
1013 509 1103 562 eum,
1132 509 1173 556 eo
1195 488 1325 556 maiora
1348 487 1452 564 iacis,
1475 487 1510 553 id

162 597 266 683 ipsum
287 587 514 658 incredibiliter
534 584 674 673 gaudeo,
696 604 715 649 a
735 593 766 650 te
788 606 861 650 eum
883 582 980 668 diligi.

596 729 660 792 VH.
704 726 847 792 CICERO
867 724 999 790 BRUTO
1026 725 1057 788 S.

141 885 156 924 s
250 859 280 921 l.
309 856 399 931 Quae
425 851 547 916 litterae
574 857 630 913 tuo
657 845 785 913 nomine
804 843 954 911 recitatae
975 843 1038 910 sint
1057 842 1103 911 ld.
1124 844 1222 932 April
1250 845 1284 911 in
1307 855 1427 913 senatu
1449 867 1505 913 eo-

164 950 300 1035 demque
327 955 470 1031 tempore
491 942 631 1016 Antonii,
660 939 757 1006 credo
778 939 817 1004 ad
839 949 869 1004 te
892 939 1054 1025 scripsisse
1076 949 1163 1018 tuos;
1194 960 1337 1026 quorum
1360 960 1424 1024 ego
1448 962 1505 1005 ne·

163 1044 241 1110 mini
267 1038 416 1108 concedo.
459 1036 521 1102 Sed
549 1036 625 1100 nihil
653 1054 781 1100 necesse
802 1041 871 1099 erat
891 1032 1001 1098 eadem
1025 1053 1150 1111 omnes;
1178 1032 1258 1099 illud
1279 1053 1417 1099 neeesse
1448 1055 1503 1098 me

163 1137 204 1204 ad
226 1147 256 1202 te
278 1131 434 1206 scribere,
464 1128 540 1218 quid
564 1129 714 1195 sentirem
743 1136 807 1194 tota
835 1127 875 1192 de
896 1126 1119 1194 constitutione
1146 1126 1239 1192 buius
1268 1125 1348 1193 belli
1376 1138 1411 1194 et
1433 1151 1501 1214 qno

164 1229 282 1297 iudicio
304 1246 405 1293 essem
426 1244 551 1311 quaque
571 1222 734 1288 sententia.
769 1222 920 1290 Voluntas
941 1241 1026 1295 mea,
1048 1226 1159 1296 Brute,
1181 1219 1221 1285 de
1236 1242 1361 1286 summa
1383 1243 1424 1287 re
1439 1243 1499 1309 pn·

130 1348 156 1390 ιο
164 1323 245 1389 blica
273 1340 399 1405 semper
426 1317 534 1383 eadem
563 1315 637 1391 suit,
665 1338 745 1403 qnae
771 1326 838 1394 tua;
866 1313 947 1380 ratio
974 1312 1159 1400 quibusdam
1189 1313 1222 1379 in
1243 1312 1343 1379 rebus
1364 1350 1408 1361 —
1431 1337 1496 1381 non

165 1417 248 1483 enim
263 1412 408 1480 omnibus
422 1446 463 1459 -
477 1410 583 1498 paullo
604 1409 738 1477 sortasse
759 1408 986 1474 vehementior.
1022 1409 1089 1474 Scis
1104 1406 1179 1473 mibi
1196 1428 1323 1493 semper
1337 1408 1495 1495 placuisse

165 1531 228 1576 non
250 1528 326 1592 rege
347 1506 449 1570 solnm
470 1503 526 1570 sed
548 1525 646 1590 regno
667 1502 796 1569 liberari
818 1524 886 1568 rem
901 1501 1066 1588 publicam.
1111 1506 1158 1566 Tu
1179 1501 1296 1574 lenius,
1320 1503 1494 1569 immortali

164 1601 295 1670 omnino
317 1620 387 1664 cnm
410 1607 463 1663 tua
484 1596 590 1677 laude;
612 1597 667 1664 sed
690 1597 766 1684 quid
788 1598 900 1662 melius
922 1596 1031 1671 luerit,
1052 1615 1167 1680 magno
1190 1594 1301 1661 dolore
1324 1596 1492 1672 sensimus,

165 1714 279 1780 magno
292 1692 434 1779 periculo
455 1692 617 1757 sentimus.
651 1692 780 1759 Recenti
793 1692 847 1757 illo
864 1699 1006 1775 tempore
1027 1701 1061 1756 tu
1082 1688 1187 1755 omnia
1207 1687 1247 1754 ad
1261 1709 1387 1775 pacem,
1411 1712 1493 1778 quae

130 1788 309 1856 moratione
339 1785 448 1852 confici
470 1807 533 1851 non
555 1796 694 1873 poterat;
725 1806 785 1870 ego
807 1784 912 1851 omnia
934 1784 973 1849 ad
995 1782 1186 1857 libertatem,
1216 1803 1297 1869 qnae
1323 1784 1393 1850 sine
1416 1806 1493 1870 paee

164 1882 250 1947 nulla
272 1891 333 1958 est;
355 1901 464 1966 pacem
486 1879 585 1967 ipsam
606 1880 690 1946 bello
712 1889 805 1967 atque
827 1879 923 1944 armis
944 1878 1025 1944 ellici
1046 1899 1138 1964 posse
1159 1876 1347 1943 arbitrabar.
1380 1878 1491 1944 Studia

165 1996 229 2041 non
259 1973 388 2039 deerant
414 1995 501 2039 arma
522 1975 734 2060 poscentium,
763 1994 899 2061 quorum
921 1974 1129 2060 repressimus
1153 1975 1305 2059 impetum
1327 1972 1492 2039 ardorem·

165 2090 229 2157 qne
249 2067 461 2134 restinximus.
505 2072 535 2134 2.
557 2073 665 2155 ltaque
685 2090 738 2135 res
759 2069 792 2133 in
814 2089 885 2133 eum
909 2069 1011 2134 locum
1033 2078 1178 2142 venerat,
1199 2078 1248 2143 ut,
1280 2067 1342 2134 nisi
1364 2069 1491 2134 Caesari

167 2166 338 2229 Octaviano
359 2161 437 2226 deus
459 2162 586 2247 quidam
601 2163 685 2228 illam
701 2175 837 2228 mentem
859 2161 1010 2236 dedisset,
1033 2161 1066 2227 in
1083 2170 1269 2247 potestatem
1283 2161 1490 2246 perditissimi

128 2255 302 2322 aebomiuis
330 2263 362 2321 et
382 2254 554 2341 turpissimi
581 2260 623 2322 Μ.
644 2255 771 2321 Antonii
799 2255 987 2322 veniendum
1014 2255 1126 2333 inerit;
1156 2276 1292 2342 quocum
1317 2256 1409 2323 vides
1430 2256 1492 2323 boc

166 2359 309 2436 tempore
329 2348 399 2435 ipso
421 2349 506 2435 quod
527 2349 568 2416 sit
589 2361 802 2438 quantumque
824 2360 990 2416 certamen.
1033 2349 1070 2416 ld
1087 2349 1230 2436 prolecto
1251 2349 1373 2415 nullum
1396 2361 1491 2427 esset,

166 2444 228 2510 nisi
255 2454 321 2509 tum
342 2454 544 2510 conservatus
566 2454 648 2512 esset
673 2450 835 2512 Antonius.
877 2443 938 2509 Sed
968 2442 1044 2507 baec
1065 2443 1186 2510 omitto.
1229 2445 1396 2510 Resenim
1420 2456 1491 2512 ate

56 2605 62 2624 ,
95 2608 98 2613 ,
166 2547 252 2623 gesta
267 2536 478 2604 memorabilis
492 2548 524 2603 et
537 2559 637 2627 paene
653 2540 794 2605 caelestis
807 2538 931 2624 repellit
947 2558 1056 2602 omnes
1071 2537 1347 2623 reprehensiones;
1371 2541 1491 2626 quippe

167 2652 248 2718 quae
277 2652 316 2697 ne
338 2632 429 2697 laude
450 2632 575 2718 quidem
605 2634 679 2699 satis
706 2633 820 2698 idonea
841 2632 920 2697 affici
946 2633 1055 2716 possit.
1098 2631 1250 2697 Exstitisti
1272 2653 1375 2718 nuper
1401 2633 1492 2699 vultu

129 2740 297 2803 assever03
318 2726 508 2801 exercitum,
530 2728 654 2811 copias,
682 2726 821 2810 legiones
842 2724 972 2792 idoneas
994 2747 1051 2811 per
1073 2736 1103 2792 te
1125 2725 1215 2791 brevi
1237 2735 1382 2812 tempore
1405 2748 1493 2793 eom-

166 2819 293 2907 parasti.
335 2819 387 2883 Dii
407 2819 613 2885 immortales!
644 2819 698 2906 qui
719 2819 772 2884 ille
794 2825 936 2895 nuntius,
965 2841 1046 2906 quae
1067 2821 1140 2886 illae
1160 2819 1298 2896 litterae,
1324 2842 1406 2907 quae
1429 2823 1493 2888 lae-

166 2912 233 2978 titia
249 2921 388 2986 senatus,
411 2934 490 2998 qnae
512 2913 653 2978 alacritas
669 2913 800 2978 civitatis
822 2917 904 2978 erati
927 2914 1008 2979 Nihil
1030 2936 1166 3001 unquam
1188 2915 1252 2979 vidi
1268 2925 1330 2980 tam
1346 2916 1491 2981 omnium

167 3007 373 3072 consensione
395 3006 563 3073 laudatum.
594 3012 669 3072 Erat
690 3006 881 3092 exspectatio
902 3008 1104 3094 reliquiarum
1126 3008 1262 3083 Antonii,
1285 3030 1379 3094 quem
1401 3010 1493 3097 equi-

168 3110 234 3167 tatu
254 3100 493 3188 legionibusque
515 3123 628 3187 magna
649 3124 690 3167 ex
712 3110 799 3187 parte
821 3101 982 3187 spoliaras.
1025 3105 1069 3167 Ea
1091 3123 1217 3188 quoque
1239 3100 1349 3166 babuit
1369 3105 1492 3168 exitum

131 3193 347 3280 2⁰optabilem.
387 3201 463 3260 Nam
486 3205 556 3261 tuae
578 3194 713 3270 litterae,
736 3216 817 3282 qnae
838 3200 986 3260 recitatae
1007 3200 1040 3260 in
1061 3207 1171 3261 senatu
1193 3206 1280 3271 sunt,
1303 3206 1335 3261 et
1354 3197 1492 3283 impera·

167 3293 245 3354 toris
268 3299 299 3354 et
320 3289 451 3356 militum
466 3296 613 3356 virtutem
636 3299 667 3355 et
687 3289 872 3354 industriam
894 3298 1036 3363 tuorum,
1058 3289 1218 3374 inquibus
1234 3292 1394 3357 Ciceronis
1416 3293 1490 3368 mei,

168 3382 336 3448 declarant.
380 3382 500 3462 Quodsi
522 3385 583 3449 tuis
605 3384 771 3469 placuisset
795 3381 835 3448 de
856 3382 904 3447 his
925 3383 1036 3448 litteris
1057 3383 1188 3459 referri,
1216 3392 1247 3448 et
1268 3384 1327 3450 uisi
1356 3385 1389 3450 in
1411 3395 1491 3451 tem·

167 3497 226 3561 pus
248 3474 548 3543 turbulentissimum
579 3489 650 3564 post
671 3476 841 3542 discessum
862 3481 979 3542 Pansae
1001 3476 1137 3542 consulis
1158 3478 1358 3553 incidissent,
1388 3479 1491 3545 honos

169 3591 295 3655 qnoque
316 3570 416 3635 iustus
439 3582 470 3636 et
491 3569 613 3637 debitus
634 3572 695 3636 diis
716 3570 944 3636 immortalibus
970 3570 1114 3636 decretus
1136 3581 1227 3637 esset.
1270 3577 1301 3637 3.
1329 3577 1411 3639 Eece
1434 3575 1489 3640 tibi

132 3663 248 3728 ⁸⁵ldib.
269 3663 366 3748 April.
396 3661 522 3729 advolat
546 3686 636 3729 mane
664 3665 749 3730 celer
769 3664 868 3738 Pilus,
897 3664 951 3750 qui
971 3664 1036 3730 viri
1067 3664 1111 3730 dii
1132 3664 1224 3740 boni,
1252 3688 1344 3752 qnam
1367 3669 1489 3751 gravisi

143 3795 144 3798 =
169 3777 262 3843 quam
283 3760 442 3822 constansl
466 3778 558 3843 quam
581 3757 734 3824 bonarum
755 3759 788 3823 in
809 3780 846 3824 re
867 3757 991 3845 publica
1012 3760 1163 3844 partiuml
1195 3760 1254 3825 llic
1275 3761 1424 3846 epistolas
1445 3762 1489 3826 al·

168 3850 231 3917 fert
250 3851 342 3926 duas,
365 3870 459 3914 unam
480 3860 535 3915 tuo
557 3852 701 3924 nomine,
729 3852 857 3918 alteram
878 3852 1018 3930 Antonii;
1041 3853 1093 3918 dat
1113 3854 1250 3920 Servilio
1271 3854 1402 3922 tribuno
1423 3856 1490 3942 ple-

167 3944 234 4024 bis;
256 3946 308 4010 ille
331 3949 485 4012 Cornuto:
514 3943 687 4009 recitantur
707 3945 741 4011 in
761 3956 881 4011 senatu.
923 3952 1095 4014 Annourvs
1118 3967 1261 4015 rnocos.
1303 3954 1413 4035 ltlagna
1437 3950 1491 4015 ad·

169 4040 312 4113 miratio,
341 4049 376 4105 ut
403 4038 430 4104 si
452 4049 534 4103 esset
554 4042 736 4112 recitatum,
764 4046 969 4107 Donsasnm
994 4060 1205 4117 rurnnaron,
1236 4062 1255 4107 a
1276 4062 1340 4127 quo
1362 4042 1490 4125 quidem

132 4144 319 4198 tovenerant
340 4133 507 4211 tabellarii;
537 4133 593 4198 sed
615 4154 707 4199 nemo
729 4134 785 4200 Pili
814 4135 939 4209 similis,
969 4140 1022 4221 qui
1044 4136 1189 4219 proferre
1211 4135 1330 4202 litteras
1359 4135 1491 4203 auderet

170 4238 223 4292 aut
244 4227 474 4310 magistratibus
495 4227 640 4293 reddere.
683 4232 767 4293 Tuae
788 4229 976 4305 recitantur,
1003 4226 1116 4295 breves
1137 4230 1208 4296 illae
1229 4230 1359 4317 quidem
1382 4231 1437 4297 sed
1458 4233 1491 4297 in

171 4319 339 4385 Antonium
361 4321 529 4387 admodum
551 4322 648 4388 lenes.
690 4322 899 4389 Vehementer
920 4321 1089 4389 admiratus
1111 4333 1245 4390 senatus.
1287 4324 1366 4391 Mihi
1387 4334 1491 4391 autem

131 4452 135 4461 ·
171 4433 234 4476 non
254 4422 321 4477 erat
342 4416 547 4501 explicatum,
569 4417 644 4504 quid
666 4438 802 4503 agerem.
838 4418 942 4483 Falsas
963 4417 1120 4483 dicerem?
1143 4417 1241 4496 Quid,
1264 4418 1291 4483 si
1315 4428 1348 4484 tu
1371 4441 1424 4486 eas
1438 4441 1493 4506 ap-

171 4503 359 4590 probasses?
396 4509 642 4576 Contirmareml
678 4515 746 4577 Non
769 4522 836 4577 erat
857 4511 1014 4598 dignitatis
1035 4524 1117 4581 tuae.
1159 4516 1266 4598 ltaque
1285 4512 1340 4578 ille
1361 4512 1430 4579 dies
1452 4512 1494 4579 si-

174 4648 256 4662 ν’·-
426 4649 460 4656 -ι-
466 4650 509 4658 —-
514 4650 565 4659 —-

239 4727 265 4774 2.
286 4727 357 4777 debet
377 4728 494 4778 malebat
512 4730 660 4782 Ernestius.
691 4758 721 4770 -
758 4734 785 4783 5.
805 4740 867 4782 sunit
884 4734 928 4783 Cr.
956 4759 990 4768 —
1026 4733 1053 4782 8·
1073 4732 1180 4782 tntcda
1198 4731 1260 4783 Cur
1280 4732 1312 4782 da
1330 4737 1392 4783 totu
1411 4735 1443 4784 ll.
1462 4759 1495 4773 -·

171 4795 214 4845 15.
231 4802 358 4859 poterunt
375 4800 419 4849 Cr.
440 4825 471 4835 ·-
499 4799 542 4849 17.
561 4803 668 4851 deerunt
689 4803 750 4855 Cn:
769 4803 876 4854 deerunt
895 4803 924 4853 li.
947 4829 975 4840 -
1003 4804 1047 4854 20.
1067 4801 1118 4864 pau
1138 4802 1183 4854 Cr.
1203 4827 1233 4842 -
1257 4801 1303 4853 80.
1322 4805 1498 4869 imperatoris

169 4872 194 4924 st
212 4864 272 4917 Cn:
293 4868 463 4934 imperatoris
482 4871 620 4922 constitum
637 4879 662 4923 st
680 4872 710 4924 ll.
