3256 5400
154 963 178 1022 l.
203 937 328 1022 1.Εωί
351 955 407 1021 tibi
428 958 532 1022 omnia
553 967 735 1042 suppetunt,
758 978 838 1044 quae
860 961 1009 1042 consequi
1030 956 1156 1041 ingenio
1178 969 1230 1025 aut
1251 981 1310 1024 usu
1332 961 1473 1028 homines

154 1060 208 1115 aut
230 1049 386 1135 diligentia
414 1060 559 1136 possunt,
590 1060 692 1115 umen
715 1071 822 1115 amore
845 1061 953 1115 nostro
975 1072 1037 1115 non
1060 1072 1127 1115 sum
1150 1053 1283 1117 alienum
1306 1053 1472 1121 arbitratus

154 1143 195 1208 ad
217 1154 247 1207 te
268 1144 465 1229 perscribere
488 1167 542 1220 ea,
564 1166 644 1231 quae
666 1144 741 1209 mibi
764 1143 928 1209 veniebant
950 1145 982 1209 in
1004 1154 1137 1209 mentem
1161 1145 1227 1210 dies
1249 1167 1284 1209 ac
1306 1161 1411 1214 noctes
1433 1148 1485 1214 de.

154 1238 304 1322 petitione
332 1248 383 1303 tua
412 1238 576 1322 cogitanti;
604 1260 683 1311 non,
713 1249 747 1303 ut
769 1239 885 1324 aliquid
907 1261 947 1302 ex
971 1237 1009 1303 iis
1039 1243 1112 1303 novi
1139 1237 1333 1314 addisceres,
1363 1243 1417 1307 sed
1439 1253 1473 1309 ut

154 1352 206 1405 ea,
239 1332 372 1416 quaein
395 1353 429 1396 re
451 1332 592 1416 dispersa
614 1342 706 1419 atque
727 1332 845 1396 infinita
867 1331 1049 1396 viderentur
1071 1353 1152 1404 esse,
1175 1333 1296 1398 ratione
1318 1344 1349 1398 et
1371 1335 1495 1408 distri-,r

153 1423 282 1489 butione
297 1425 354 1490 sub
369 1447 433 1491 uno
454 1435 582 1510 aspectu
601 1437 804 1511 ponerentur.
842 1428 1038 1511 Quamquam
1060 1426 1228 1511 plurimum
1251 1438 1359 1492 natura
1383 1429 1483 1495 valet·

153 1529 257 1584 tamen
284 1518 408 1583 videtur
433 1518 466 1583 in
496 1539 668 1604 paucorum
696 1520 849 1584 mensium
877 1520 1003 1603 negotio
1034 1539 1126 1604 posse
1155 1520 1310 1584 simulatio
1333 1530 1472 1585 naturam

154 1612 289 1676 vincere.
333 1616 363 1676 2.
386 1611 499 1677 Civitas
521 1632 601 1698 quae
623 1619 681 1687 sit,
704 1613 821 1697 cogita3
844 1612 918 1697 quid
941 1622 1046 1697 petas;
1068 1612 1122 1698 qui
1145 1614 1197 1676 sis.
1248 1617 1349 1698 Prope
1371 1613 1474 1699 qnoti-

153 1705 204 1770 die
226 1703 282 1770 tibi
304 1705 364 1770 boc
385 1704 424 1769 ad
444 1703 549 1771 forum
571 1705 769 1773 descendenti
791 1707 972 1773 meditatum
994 1709 1048 1773 sit:
1071 1713 1196 1783 „Novus
1218 1729 1302 1783 sum;
1332 1706 1471 1772 consula·

153 1808 219 1864 tum
242 1808 329 1884 peto;
351 1804 450 1863 Roma
471 1804 552 1865 cst”
598 1801 737 1866 Nominis
758 1802 925 1866 novitatem
948 1801 1070 1866 dicendi
1091 1801 1192 1886 gloria
1213 1801 1348 1865 maxime
1370 1799 1472 1865 suble·
1485 1833 1510 1873 ιο

153 1891 251 1958 sabis.
290 1896 420 1977 Semper
434 1912 471 1957 ea
485 1914 538 1957 res
549 1893 718 1978 plurimum
740 1893 896 1979 dignitatis
912 1894 1028 1960 babuit.
1071 1901 1138 1960 Non
1153 1905 1268 1980 potest,
1291 1892 1345 1980 qui
1360 1893 1471 1979 dignus

153 1984 286 2050 babetur
307 1994 455 2070 patronus
477 1986 703 2060 consularium,
737 1987 881 2073 indignus
902 1989 1064 2053 consulatu
1086 1989 1197 2074 putari.
1243 1986 1470 2066 Quamobrem,

153 2079 301 2165 quoniam
327 2077 367 2142 ab
389 2078 447 2144 bac
467 2078 558 2144 laude
580 2079 788 2165 proficisceris
810 2090 859 2155 et,
882 2081 1034 2168 quidquid
1056 2103 1109 2156 es,
1131 2105 1171 2147 ex
1194 2081 1253 2146 boc
1274 2105 1323 2157 es,
1353 2083 1396 2147 iu
1417 2103 1471 2168 pa·

152 2182 238 2236 ratus
267 2171 305 2235 ad
332 2171 497 2236 dicendum
526 2173 647 2247 venito,
676 2174 766 2260 quasi
791 2175 823 2239 in
852 2175 981 2260 singulis
1010 2176 1111 2240 causis
1139 2175 1288 2241 iudicium
1316 2176 1356 2241 de
1385 2176 1469 2241 omni

154 2265 279 2349 ingenio
308 2264 445 2330 futurum
474 2267 524 2331 sit,
580 2272 610 2332 3.
632 2267 707 2331 Eius
730 2267 881 2333 facultatis
910 2269 1102 2344 adiumenta,
1135 2290 1214 2355 quae
1237 2268 1292 2334 tibi
1314 2269 1379 2334 scio
1401 2289 1470 2334 esse
1483 2303 1507 2340 u

152 2359 298 2443 seposita,
311 2369 354 2422 ⁴ut
376 2369 481 2444 parata
503 2382 540 2425 ac
560 2371 704 2446 prompta
726 2362 802 2435 sint,
825 2382 916 2437 cura;
939 2369 970 2425 et
990 2382 1103 2446 saepe,
1126 2383 1205 2446 quae
1228 2361 1267 2426 de
1288 2362 1469 2427 Demosthe·

153 2452 200 2516 nis
222 2452 325 2517 studio
347 2462 378 2517 et
400 2454 622 2520 exercitatione
644 2455 768 2540 scripsit
788 2456 980 2529 Demetrius,
1003 2454 1183 2531 recordare;
1206 2454 1318 2520 deinde
1340 2466 1374 2520 ut
1394 2455 1469 2520 ami·

152 2567 262 2610 corum
283 2555 314 2610 et
335 2547 501 2612 multitudo
523 2558 554 2612 et
575 2568 691 2632 genera
712 2557 890 2633 appareant.
933 2547 1037 2613 llabes
1059 2549 1142 2613 enim
1163 2568 1220 2621 ea,
1243 2569 1323 2634 quae
1345 2547 1419 2612 novi
1433 2552 1469 2578 '¹'

152 2639 342 2704 babuerunt:
377 2661 485 2705 omnes
517 2640 718 2726 publicanos,
754 2650 853 2706 totum
885 2640 953 2706 fere
985 2650 1161 2728 equestrem
1183 2641 1340 2715 ordinem,
1374 2641 1469 2706 multa

151 2742 313 2816 praeterea
339 2734 519 2819 municipia;
545 2736 659 2800 multos
680 2733 735 2798 abs
758 2742 788 2798 te
810 2733 971 2808 defensos,
995 2734 1136 2799 homines
1158 2732 1308 2819 cuiusque
1330 2733 1506 2812 ordiniano

151 2825 272 2911 aliquot
291 2827 437 2911 collegia;
466 2838 629 2914 praeterea
650 2827 754 2892 studio
776 2826 898 2891 dicendi
919 2827 1098 2893 conciliatos
1120 2819 1271 2912 plurimos
1292 2825 1471 2891 adolescens

152 2919 248 2994 tulos,
271 2920 484 3005 quotidianam
505 2921 677 2986 amicorum
699 2920 911 2985 assiduitatem
932 2930 964 2985 et
984 2919 1201 3008 frequentiam.
1244 2924 1275 2984 4.
1290 2923 1375 2984 llaec
1394 2939 1469 2983 cura

153 3023 187 3076 ut
208 3022 313 3077 teneas
335 3013 582 3079 commendando
603 3023 634 3079 et
656 3015 798 3099 rogando
819 3024 851 3078 et
871 3015 957 3081 omni
978 3016 1098 3080 ratione
1121 3014 1296 3085 efficiendo,
1326 3021 1360 3077 ut
1380 3011 1471 3076 intel·

151 3107 260 3192 ligant,
294 3108 347 3194 qui
370 3107 485 3173 debent
505 3118 558 3173 tua
578 3128 686 3180 causa,
714 3107 897 3172 referendae
919 3109 1052 3193 gratiae,
1086 3108 1141 3195 qui
1164 3108 1288 3180 volunt,
1312 3103 1467 3189 obligandi

99 3274 110 3295 ⁰
151 3201 197 3266 tui
217 3210 340 3287 tempus
361 3200 420 3266 sibi
442 3199 528 3266 aliud
549 3201 667 3266 nullum
688 3200 767 3266 fore.
821 3200 920 3265 Etiam
943 3192 1007 3266 boc
1024 3201 1154 3265 multum
1176 3198 1300 3264 videtur
1320 3198 1468 3263 adiuvare
1478 3233 1505 3274 ,ἃ

151 3315 243 3380 posse
264 3316 381 3360 novum
404 3295 576 3360 bominem:
605 3294 766 3360 bominum
789 3294 940 3360 nobilium
962 3296 1120 3368 voluntas,
1148 3304 1180 3359 et
1200 3293 1335 3358 maxime
1357 3312 1469 3357 consu·

151 3388 273 3453 larium.
316 3389 462 3463 Prodest,
485 3408 620 3474 quorum
641 3388 673 3452 in
695 3388 799 3454 locum
820 3410 856 3452 ac
877 3411 1041 3455 numerum
1063 3388 1230 3475 pervenire
1246 3385 1336 3459 velis,
1358 3383 1398 3449 ab
1419 3384 1468 3450 bis

150 3482 225 3567 ipsis
247 3482 301 3547 illo
323 3483 393 3548 loco
415 3503 451 3547 ac
472 3502 604 3546 numero
630 3482 757 3566 dignum
780 3482 892 3567 putari.
936 3489 964 3549 5.
987 3485 1026 3548 lli
1048 3481 1179 3569 rogandi
1202 3500 1309 3547 omnes
1330 3487 1402 3542 sunt
1422 3473 1515 3542 dt‘

151 3576 283 3658 ligenter
309 3588 341 3640 et
367 3576 405 3640 ad
435 3597 490 3641 eos
519 3575 713 3658 allegandum
746 3587 814 3648 est,
849 3577 1162 3663 persuadendumque
1190 3576 1229 3639 iis
1257 3593 1315 3637 nos
1345 3592 1469 3656 semper

219 3742 244 3789 1.
266 3741 296 3802 Q.
324 3741 360 3790 m.
383 3742 502 3804 fratria.
522 3741 549 3788 d.
570 3740 708 3800 inscriptio
727 3741 753 3788 in
772 3741 805 3789 Ι).
837 3767 869 3777 -
915 3742 1060 3804 Suppetunt
1085 3755 1116 3789 eu
1138 3754 1204 3804 quoe
1223 3739 1256 3788 Ι).
1289 3764 1317 3775 -
1356 3737 1468 3786 bominac

150 3824 205 3859 om.
226 3810 293 3859 Van.
313 3812 377 3860 Nor.
398 3811 483 3866 Bon..
503 3811 677 3871 probantibus
697 3810 815 3860 corrado
835 3812 861 3860 iu
881 3811 1029 3873 Quaestum
1049 3826 1075 3874 p.
1094 3810 1146 3859 185
1164 3816 1191 3859 et
1209 3809 1314 3859 bluroto
1333 3807 1364 3856 V.
1384 3806 1415 3856 Ι..
1433 3806 1466 3862 ’1,

151 3880 194 3928 11.
215 3905 248 3914 -
283 3881 309 3928 Ε.
328 3881 500 3943 inteltiqentio
518 3879 550 3929 Ι).
583 3903 613 3914 -
649 3880 682 3928 ob
701 3894 789 3929 umore
807 3881 838 3930 T.
872 3907 903 3917 —
945 3882 1059 3931 alianum
1081 3881 1229 3929 arbitratus
1253 3880 1290 3928 lt:
1322 3878 1468 3927 arbitratus

150 3950 264 3998 alienum
282 3949 310 3999 Ε.
345 3975 373 3986 -
411 3950 438 4000 4.
457 3949 601 3999 addisceres
618 3948 780 3999 Lambinus:
808 3952 964 4001 addiscerem
981 3951 1018 4008 Ι),
1048 3952 1183 4000 adiicerem
1201 3949 1232 3998 Ε.
1259 3974 1290 3984 -
1327 3948 1353 3998 6.
1373 3948 1468 4008 Quum·

150 4034 229 4082 quom
246 4045 257 4056 ·
273 4045 285 4056 ·
303 4044 313 4054 -
331 4016 447 4082 uincam]
477 4018 583 4068 blonuit
601 4018 736 4069 Puteanus
756 4026 836 4069 totam
854 4021 925 4072 banc
943 4021 1103 4084 particulam
1123 4034 1176 4068 uon
1197 4019 1312 4068 inveniri
1330 4019 1357 4066 in
1376 4016 1468 4079 aliquo

151 4096 241 4139 vetere
259 4089 341 4148 libro;
373 4091 450 4138 cuius
470 4089 597 4138 iudicium
616 4090 702 4138 secuti
720 4090 876 4140 Schuetziua
894 4105 954 4141 eam
972 4091 1099 4150 aeclusit,
1132 4090 1278 4138 Salvertiue
1306 4087 1468 4150 transposuit

151 4161 178 4207 iu
197 4160 261 4222 Cap.
280 4159 327 4208 xl.
347 4156 375 4220 ὅ.
396 4159 439 4208 tl.
461 4165 519 4222 post
536 4160 632 4210 rerba:
651 4161 735 4222 socen
752 4162 865 4210 audeone.
883 4186 918 4196 -
936 4162 962 4211 7.
982 4175 1095 4210 mensum
1113 4161 1144 4210 Ι).
1165 4186 1196 4195 -
1214 4167 1373 4208 naturarum
1391 4157 1467 4206 Ι).-

150 4229 175 4277 tl.
191 4230 238 4278 tibi
250 4231 296 4278 boc
307 4229 343 4276 od
353 4230 440 4292 [orum
453 4229 489 4278 ll:
509 4231 545 4278 ud
555 4231 642 4293 [ornem
655 4229 702 4278 tibi
715 4229 744 4279 Ε.
759 4254 790 4280 -.
805 4232 1012 4281 descendendill.
1029 4255 1057 4264 -
1077 4231 1252 4280 meditandum
1266 4230 1298 4279 Ι).
1317 4228 1371 4279 Cfr·
1383 4226 1411 4290 ὅ.
1421 4226 1464 4278 51.

153 4322 180 4331 -
201 4299 286 4348 eitlls
306 4299 352 4347 boe
370 4301 403 4346 alt
425 4299 453 4347 Ε.
475 4322 507 4332 -
526 4299 568 4348 15.
588 4301 657 4348 rocio
675 4299 708 4348 Ι).
727 4326 753 4336 -
778 4302 1045 4351 ao.daom.1)·-
1069 4301 1112 4350 17.
1132 4308 1160 4349 ut
1178 4303 1319 4350 amicorum
1336 4308 1362 4350 et
1379 4301 1467 4349 multi·

151 4369 214 4416 tudo
227 4368 266 4416 Ι);
287 4377 311 4418 et
329 4369 473 4417 amicorum
490 4370 630 4418 multitudo
648 4368 679 4418 Ε.
692 4393 725 4402 -
745 4370 787 4419 18.
805 4385 871 4433 quoe
888 4373 949 4420 noui
967 4371 1000 4390 '¹
1019 4371 1162 4420 babuerunt
1180 4371 1311 4420 Orelliue:
1331 4371 1467 4434 quoenoul

149 4438 295 4487 babuerunt
313 4452 374 4486 cum
393 4439 469 4487 libris
488 4438 517 4487 Ε.
565 4439 657 4489 Malim
676 4452 708 4489 er
728 4439 792 4502 llpp.
814 4442 847 4490 ad
866 4442 940 4490 Fam.
960 4442 990 4499 5,
1011 4439 1059 4489 l8:
1090 4455 1155 4503 quoe
1177 4443 1239 4489 nooi
1257 4456 1310 4491 non
1327 4442 1404 4490 multi
1420 4442 1465 4490 bo·

149 4507 269 4557 buerunt.
301 4508 351 4557 On.
372 4534 403 4544 -
441 4509 482 4557 ΙΙ).
503 4509 619 4558 omnibus
638 4508 669 4557 Ι).
687 4533 722 4543 -
756 4513 812 4574 [ore
830 4510 861 4558 Ι).
883 4535 913 4546 -
944 4512 986 4560 20.
1005 4508 1152 4573 praetereo]
1170 4515 1281 4573 propriu
1301 4512 1337 4571 Ι),
1355 4512 1468 4574 propalo

149 4578 211 4626 dnae
229 4578 264 4635 Τ,
286 4573 294 4638 (
304 4577 388 4627 multu
403 4585 540 4639 praetereo
558 4578 648 4628 diuino
666 4581 808 4642 municipia
827 4581 870 4638 C.)
888 4581 999 4630 Latetne
1019 4581 1046 4629 in
1063 4581 1118 4629 bis:
1138 4582 1221 4630 multu
1238 4583 1267 4630 in
1283 4583 1331 4646 fida
1348 4591 1395 4632 tuo
1412 4597 1467 4632 en*
1571 4591 1576 4602 '

149 4648 266 4709 nicipiu‘l
302 4647 353 4696 On.
392 4672 420 4681 -
458 4648 589 4711 delaruor,
617 4649 786 4698 bomineall:
816 4651 931 4713 defensos
949 4650 979 4699 Ε.
1009 4675 1043 4683 ·-
1078 4650 1121 4700 ld.
1142 4653 1304 4715 qui··qui
1322 4652 1362 4701 b:
1380 4659 1404 4702 et
1423 4656 1468 4718 qui

150 4741 161 4752 ·
179 4724 235 4766 -et
253 4717 298 4780 qui
317 4715 347 4765 ll·
378 4741 411 4749 -
447 4717 491 4766 28.
510 4717 616 4782 diqnum
633 4731 740 4767 numero
758 4719 790 4768 Ι).
824 4742 850 4752 -
888 4717 943 4783 lli]
963 4720 1013 4769 llic
1030 4720 1063 4770 Ι).
1092 4745 1121 4756 -
1158 4721 1202 4772 20.
1222 4721 1388 4785 olleponduen
1413 4731 1466 4784 att.

149 4787 405 4850 persuadendumque
422 4784 459 4836 o:
478 4787 662 4851 alterandum
677 4789 932 4853 persuadendumque
949 4796 986 4840 eat
1003 4790 1035 4840 Ε.
