3256 5400
608 217 884 293 EPIETOLARUII
904 221 958 283 th
980 219 1071 285 ΕΔΜ.

657 376 1026 461 mmmmm

609 500 752 566 CICERO
781 501 1010 564 CRASSIPEDI
1038 500 1087 563 Sy

265 620 293 681 l.
316 617 512 700 Quamquam
544 609 602 677 tihi
637 631 784 697 praesens
810 608 1043 685 commendavi,
1071 617 1107 674 nt
1127 613 1216 695 potul
1246 610 1504 697 diligentissime,

179 711 281 777 socios
302 707 481 796 Bithyniae,
519 715 613 792 teque
634 726 705 770 cum
732 724 801 768 mea
823 703 1093 769 commendatione
1115 713 1181 768 tum
1203 703 1295 769 etiam
1318 716 1369 770 tua
1392 717 1505 791 sponte

154 802 318 871 ³intellcxi
349 821 466 886 cupere
502 799 532 864 ei
559 797 697 864 societati
731 796 969 884 quibuscunque
1005 795 1100 863 rebus
1135 817 1244 882 posses
1280 799 1503 873 commodare,

179 908 301 969 umen,
337 916 408 960 cum
438 894 475 966 ii,
508 914 645 980 qnorum
673 914 724 958 res
745 892 863 976 agitur,
897 891 1001 976 magni
1023 913 1080 956 sua
1101 890 1252 957 interesse
1274 892 1504 959 arbitrarentur

178 1012 228 1059 me
251 989 344 1055 etiam
369 1010 428 1075 per
453 987 569 1053 litteras
587 988 746 1053 declarare
768 985 844 1059 tihi,
881 1006 943 1071 qua
975 1006 1076 1050 essem
1111 1006 1186 1070 erga
1210 985 1296 1073 ipsos
1326 989 1502 1065 voluntate,

179 1107 241 1152 non
262 1083 400 1150 dubitavi
422 1082 499 1147 haec
521 1081 559 1146 ad
581 1091 611 1146 te
633 1078 783 1147 scrihere.
826 1084 856 1144 2.
880 1079 959 1143 Volo
982 1079 1065 1144 enim
1087 1087 1118 1143 tc
1144 1079 1325 1147 existimare
1348 1105 1407 1159 me,
1431 1105 1502 1149 cum

179 1179 325 1245 universo
348 1175 449 1240 ordini
473 1174 709 1260 publicanorum
732 1195 857 1259 semper
884 1171 1086 1238 libentissime
1108 1173 1291 1250 tribuerim,
1320 1176 1415 1264 idque
1437 1199 1502 1242 ma·

141 1277 247 1358 regnis
269 1271 335 1335 eius
357 1269 477 1334 ordinis
499 1290 574 1353 erga
597 1289 646 1332 me
667 1267 788 1333 meritis
811 1267 915 1331 lacere
938 1266 1120 1342 debuerim,
1153 1277 1218 1333 tum
1241 1268 1404 1356 inprimis
1426 1271 1502 1334 arni-

177 1387 248 1431 cnm
270 1385 338 1428 esse
361 1363 433 1428 huie
455 1363 631 1449 Bithynicae
654 1360 809 1426 societati:
832 1382 914 1447 qnae
937 1360 1069 1425 societas
1091 1361 1222 1436 ordine,
1246 1363 1316 1448 ipso
1339 1362 1502 1428 hominum

178 1478 307 1543 genere,
330 1478 402 1542 pars
425 1468 471 1521 est
494 1456 627 1519 maxima
649 1454 795 1532 civitatis;
832 1463 952 1518 constat
973 1453 1055 1518 enim
1080 1475 1121 1518 cx
1143 1454 1255 1519 ceteris
1277 1455 1500 1524 societatibus:

178 1560 209 1615 et
230 1571 303 1615 casu
336 1550 481 1636 permulti
513 1557 583 1613 sunt
612 1553 643 1613 in
673 1570 710 1613 ca
732 1549 880 1613 societate
903 1546 991 1612 valde
1020 1547 1095 1611 mihi
1119 1546 1301 1620 familiares,
1324 1549 1356 1613 in
1378 1549 1503 1634 primis·

178 1665 239 1731 que
271 1645 314 1716 is,
348 1647 436 1708 cuius
459 1642 663 1728 praecipuum
685 1643 821 1707 officium
844 1640 949 1725 agitur
968 1640 1029 1705 hoc
1055 1649 1214 1726 ternpore,
1248 1645 1281 1706 P.
1304 1643 1446 1728 Rupilius
1468 1647 1501 1709 P.

142 1742 210 1802 rnF.
232 1741 392 1809 Menenia,
416 1737 468 1821 (qui
492 1747 539 1800 cst
560 1741 708 1820 magister
729 1736 761 1800 in
784 1756 820 1799 ea
846 1735 1004 1799 societate.
1048 1738 1078 1799 3.
1102 1738 1190 1812 Quae
1211 1755 1281 1800 cum
1304 1736 1345 1800 ita
1368 1737 1445 1811 sint,
1468 1737 1500 1802 in

179 1831 329 1895 maiorem
352 1830 478 1894 modum
502 1852 518 1893 a
544 1840 572 1893 te
594 1842 687 1915 peto,
725 1834 780 1894 Cn.
802 1829 954 1914 Pupium,
983 1827 1036 1912 qui
1059 1839 1106 1892 est
1127 1828 1159 1892 in
1181 1829 1287 1913 operis
1310 1831 1378 1894 cius
1401 1831 1500 1895 socie·

179 1925 263 1996 tatis,
286 1922 431 1988 omnihus
448 1924 509 1987 tuis
525 1924 635 1988 officiis
657 1934 749 2009 atquc
765 1923 848 1987 omni
866 1921 1047 1987 liberalitate
1062 1930 1169 1986 tueare
1184 1943 1352 2008 curesque,
1375 1931 1410 1988 ut
1431 1929 1500 1988 eius

177 2037 309 2102 operae,
334 2016 419 2101 quod
442 2016 496 2080 tibi
521 2016 608 2080 l‘acile
631 2017 713 2081 lactu
735 2026 801 2090 est,
824 2037 918 2102 quam
940 2015 1133 2098 gratissimae
1152 2015 1212 2079 sint
1233 2017 1345 2089 sociis,
1368 2038 1499 2102 remque

177 2119 208 2173 ct
230 2109 392 2173 utilitatem
417 2114 575 2173 sociorum
598 2145 638 2155 -
660 2109 747 2173 cuins
771 2110 816 2174 rei
838 2120 983 2195 quantam
1005 2118 1190 2194 potestatem
1211 2119 1359 2195 quaestor
1374 2108 1498 2184 habeat,

139 2224 166 2262 ro
178 2224 240 2267 non
272 2224 340 2267 sum
368 2203 493 2286 ignarus
524 2239 563 2248 -
599 2224 657 2288 per
689 2212 718 2267 tc
745 2225 837 2289 quam
877 2201 1012 2266 maxime
1034 2201 1193 2266 defensam
1216 2211 1247 2266 et
1267 2214 1388 2268 auctam
1412 2205 1498 2268 velis.

177 2295 212 2361 Id
234 2317 304 2361 cum
328 2296 402 2361 mihi
425 2297 635 2380 gratissimum
659 2296 790 2371 leceris,
828 2305 893 2360 tum
923 2295 998 2359 illud
1030 2294 1088 2360 libi
1124 2305 1273 2381 expertus
1300 2297 1450 2381 promitto
1469 2304 1500 2359 ct

179 2389 339 2475 spondeo,
378 2402 407 2454 te
444 2390 547 2454 socios
576 2390 755 2480 Bithyniae,
793 2390 820 2454 si
851 2390 889 2454 iis
910 2388 1135 2464 commodaris,
1170 2410 1326 2454 memores
1362 2410 1430 2454 esse
1468 2398 1499 2453 et

178 2491 285 2567 gratos
308 2483 516 2569 cogniturum.

653 2622 1012 2708 mmmmm

138 2756 167 2799 ‘⁵
660 2748 802 2813 CICERO
824 2747 954 2811 BRUTO
977 2747 1009 2810 S.

262 2860 289 2921 1.
313 2859 390 2921 Cum
412 2857 450 2921 ad
474 2867 503 2921 tc
529 2867 600 2922 tuus
622 2868 786 2944 quaestor,
823 2862 864 2922 Μ.
887 2862 1003 2929 Varro,
1033 2855 1304 2942 proficisceretur,
1340 2879 1499 2924 commen-

175 2948 301 3014 datione
330 2971 423 3034 egere
452 2972 523 3015 eum
552 2936 614 3016 noh
646 2950 802 3037 putabam.
860 2951 940 3015 Satis
969 2949 1052 3015 enim
1073 2950 1321 3016 commendatum
1344 2951 1402 3017 tihi
1424 2974 1496 3020 eum

175 3042 352 3109 arbitrabar
383 3044 422 3108 ab
455 3045 523 3130 ipso
552 3067 641 3110 more
670 3046 843 3119 maiorum,
881 3044 950 3130 qui,
985 3054 1020 3109 ut
1042 3052 1071 3107 te
1095 3065 1158 3108 non
1180 3044 1278 3129 sugit,
1302 3044 1381 3109 hanc
1403 3068 1498 3132 quac-

175 3145 279 3202 sturae
310 3137 559 3203 coniunctionem
597 3138 771 3205 liberorum
808 3137 1029 3204 necessitudini
1070 3137 1247 3223 proximam
1282 3139 1381 3204 voluit
1417 3161 1496 3210 csse.

138 3230 237 3296 ³⁰Sed
258 3253 330 3296 curn
352 3230 411 3295 sihi
433 3231 475 3295 ita
497 3233 701 3317 persuasisset
733 3234 801 3318 ipse
833 3252 917 3296 meas
939 3231 978 3296 de
1001 3252 1034 3296 se
1061 3240 1204 3296 accurate
1226 3230 1356 3318 scriptas
1378 3233 1497 3298 litteras

176 3325 345 3390 maximum
366 3325 448 3410 apud
470 3334 500 3389 tc
523 3325 645 3411 pondus
666 3325 825 3391 habituras
847 3346 865 3389 a
886 3347 998 3411 meque
1014 3325 1232 3398 contenderet,
1255 3334 1403 3413 utquam
1426 3326 1497 3392 dili·

175 3419 354 3503 gentissime
376 3419 568 3496 scriberem,
605 3420 699 3485 malui
722 3421 845 3493 lacere,
869 3419 954 3505 qnod
978 3440 1066 3484 meus
1087 3419 1249 3484 familiaris
1267 3422 1343 3485 tanti
1369 3443 1425 3487 sua
1450 3422 1497 3487 in·

175 3520 292 3575 teresse
325 3510 542 3578 arbitraretur.
592 3517 622 3578 2.
645 3519 681 3580 Ut
703 3515 799 3600 igitur
821 3513 935 3578 debere
960 3534 1010 3577 me
1033 3513 1135 3577 lacere
1158 3513 1218 3577 hoe
1232 3514 1400 3599 intelligas,
1424 3536 1494 3580 cum

175 3605 311 3690 primurn
335 3611 376 3671 Μ.
406 3607 569 3672 Terentius
587 3607 620 3672 in
645 3607 749 3672 lorum
779 3611 882 3681 venit,
918 3606 958 3671 ad
980 3606 1146 3670 amicitiam
1172 3628 1206 3671 se
1227 3628 1328 3672 meam
1355 3608 1494 3674 contulit.

136 3699 311 3773 ulteinde,
344 3709 379 3764 ut
410 3720 444 3764 se
473 3700 705 3775 corroboravit,
739 3701 818 3766 dnae
845 3721 955 3765 causae
978 3709 1198 3774 accesserunt,
1235 3722 1317 3787 quac
1339 3721 1440 3765 meam
1462 3702 1496 3768 in

175 3791 262 3857 illum
281 3791 528 3858 benevolentiam
552 3805 718 3878 augerent:
755 3816 832 3868 una,
862 3793 948 3880 quod
971 3792 1154 3858 versabatur
1174 3798 1207 3857 in
1230 3793 1290 3859 hoc
1308 3794 1413 3858 studio
1439 3816 1496 3860 no·

174 3895 257 3960 stro,
279 3909 343 3973 qno
359 3886 533 3952 etiamnunc
549 3889 685 3953 maxime
706 3887 916 3963 delectamur,
940 3896 971 3951 et
996 3907 1067 3951 cum
1093 3887 1235 3970 ingenio,
1258 3895 1292 3951 ut
1316 3888 1415 3962 nosti,
1438 3909 1495 3952 nec

173 3979 241 4044 sine
265 3980 431 4057 industria;
455 3980 580 4054 deindo,
614 3982 699 4067 qnod
720 3991 841 4046 mature
865 4002 899 4046 se
921 3980 1051 4045 contulit
1074 3981 1106 4044 in
1128 3981 1291 4045 societates
1312 3980 1495 4067 publicano·

173 4092 262 4147 rum,
297 4073 382 4160 quod
418 4075 545 4161 quidem
574 4076 704 4152 nollcm;
731 4076 875 4141 maximis
903 4075 987 4141 enirn
1013 4075 1133 4140 damnis
1166 4074 1294 4141 allectus
1317 4087 1373 4141 est.
1432 4077 1494 4142 Sed

135 4173 277 4231 tttamen
304 4188 398 4233 causa
427 4170 600 4235 communis
633 4170 751 4235 ordinis
782 4170 860 4235 mihi
895 4168 1188 4235 commendatissimi
1222 4169 1296 4234 fecit
1326 4169 1493 4234 amicitiam

177 4268 316 4325 nostram
344 4261 526 4328 firmiorem.
579 4264 698 4329 Deinde
725 4276 867 4331 versatus
899 4270 932 4330 in
959 4264 1102 4350 utrisque
1134 4262 1291 4328 subselliis
1322 4262 1440 4348 optima
1463 4272 1494 4327 et

179 4347 240 4414 lide
262 4362 293 4417 et
317 4355 397 4421 lama
430 4357 491 4420 iam
525 4366 595 4422 ante
623 4357 702 4422 hanc
730 4362 1003 4423 commutationem
1026 4356 1236 4442 reipublicae
1261 4356 1403 4443 petitioni
1425 4377 1494 4420 sese

178 4440 264 4507 dedit
276 4444 489 4536 honoremque
511 4450 762 4517 honestissimum
783 4452 970 4518 existimarit
987 4452 1124 4518 fructum
1145 4449 1260 4517 laboris
1281 4450 1340 4515 sni.
1383 4454 1413 4515 3.
1436 4449 1493 4514 llis

246 4659 362 4721 5410331
379 4663 417 4715 at.
438 4690 469 4702 -
504 4667 531 4717 h.
550 4670 578 4718 hi
595 4670 632 4720 Μ.
651 4696 683 4706 -
721 4673 748 4723 tl.
766 4685 865 4733 semper
882 4672 927 4722 M:
946 4668 1078 4733 (multum)
1096 4684 1195 4733 aernper
1213 4669 1243 4719 E.
1260 4693 1290 4705 -
1327 4670 1370 4719 11.
1391 4669 1492 4725 ordine,

173 4731 231 4792 lpse
250 4731 381 4782 hominnm
398 4736 452 4786 Va:
472 4738 564 4790 ordine
581 4741 654 4802 ipso,
673 4743 805 4792 hominum
824 4742 853 4791 E.
874 4765 907 4776 ·-
944 4742 987 4791 18.
1006 4744 1091 4805 [actua
1109 4749 1145 4792 ert
1164 4740 1201 4791 Μ.
1222 4764 1249 4773 -
1279 4740 1321 4789 22.
1343 4740 1383 4788 his
1402 4739 1440 4788 Μ.
1460 4765 1492 4775 -

172 4800 407 4922 {zrisllqtgyffssm
436 4805 474 4859 tt.
505 4832 536 4845 -
576 4809 622 4861 40.
659 4819 746 4864 tumen
771 4812 912 4863 communia
937 4811 983 4872 Μ,
1014 4819 1102 4863 tomen
1130 4811 1276 4862 communio
1303 4809 1437 4861 Victorius
1465 4810 1494 4860 lu
