3256 5400
182 248 221 310 12
608 242 881 308 EPISTULARUM
903 242 954 305 AD
976 243 1066 305 subt.

180 424 260 490 quae
282 402 358 468 mibi
379 422 442 467 non
463 400 566 465 carior
598 400 637 464 sit
672 420 766 485 quam
795 420 882 463 meae
904 420 954 463 res
976 418 1094 463 omnes.
1137 395 1234 482 ldquc
1256 416 1327 460 cum
1349 395 1495 468 sentiam,

179 497 342 563 sedulitate
377 494 517 560 mihimet
548 493 614 580 ipse
647 491 824 558 satisfacere
853 512 996 580 possum,
1025 511 1060 555 re
1088 489 1214 576 quidem
1236 491 1303 575 ipsa
1324 489 1397 554 ideo
1421 488 1496 552 mibi

180 612 244 657 noo
264 589 435 663 satisfacio,
463 586 549 674 quod
570 587 685 652 nullam
706 595 825 673 partem
849 594 974 652 tuorum
1001 584 1188 650 meritorum
1214 604 1277 647 uon
1298 581 1394 646 modo
1415 582 1497 646 rele-

179 684 276 750 renda
297 682 352 748 sed
373 703 412 747 ue
434 680 595 765 cogitanda
618 680 743 767 quidem
758 679 858 764 gratia
872 678 1021 765 consequi
1036 698 1173 764 possum.
1216 680 1245 741 7.
1269 682 1345 742 Rem
1359 684 1390 739 te
1407 673 1496 739 valde

157 776 260 842 abene
282 775 413 861 gessisse
434 796 545 840 rumor
566 784 642 839 erat.
687 771 953 860 Exspectabantur
974 773 1095 837 litterae
1113 780 1200 845 tuae,
1229 770 1268 834 de
1294 768 1408 856 quibus
1429 789 1497 833 era-

180 891 249 935 mus
271 870 331 933 iam
354 889 423 933 eum
446 869 595 954 Pompeio
618 867 728 932 locuti:
766 866 1008 953 quaesierunt
1033 865 1157 940 allatae,
1191 873 1333 929 nostrum
1360 861 1496 927 studium

180 960 313 1027 exstabit
334 961 366 1025 in
388 960 609 1027 conveniendis
631 959 861 1045 magistratibus
878 968 909 1024 et
923 956 1137 1035 senatoribus;
1158 966 1334 1042 ceteraque,
1356 977 1436 1043 quae
1457 954 1496 1019 ad

178 1063 209 1119 te
231 1053 446 1141 pertinebunt,
476 1075 546 1119 cum
574 1054 668 1119 etiam
689 1053 759 1139 plus
781 1052 1047 1126 contenderimus,
1076 1071 1170 1138 qnam
1190 1071 1372 1136 possumus,
1394 1049 1497 1114 miuus

178 1156 281 1213 umen
302 1147 468 1221 faciemus,
491 1168 584 1234 quam
606 1144 765 1212 debemus.

143 1318 169 1359 ω
660 1287 1013 1372 mmuww

411 1405 451 1466 u.
474 1400 617 1466 cronno
640 1401 985 1464 senmurum
1008 1399 1259 1464 nonnarum.

265 1526 293 1586 l.
317 1520 529 1586 periucundae
551 1518 626 1583 mibi
646 1518 775 1584 suerunt
796 1519 914 1584 litterae
936 1531 1028 1594 tuae,
1061 1517 1175 1605 quibus
1204 1518 1341 1583 intellexi
1368 1530 1399 1586 te
1426 1541 1498 1605 per-

178 1613 298 1701 spicere
321 1636 422 1678 meam
444 1613 474 1678 in
497 1623 526 1678 te
547 1612 706 1699 pietatem:
729 1612 803 1699 quid
827 1612 909 1676 enim
932 1612 1031 1677 dicam
1048 1610 1312 1684 benevolentiam,
1335 1632 1406 1677 cum
1421 1612 1496 1678 illud

177 1709 282 1794 ipsum
314 1707 531 1788 gravissimum
559 1718 591 1772 et
619 1706 845 1773 sanctissimum
871 1726 986 1769 nomen
1013 1705 1133 1792 pietatis
1161 1704 1260 1769 levius
1283 1703 1358 1769 mibi
1379 1707 1497 1771 meritis

143 1825 171 1865 sa
179 1824 254 1887 erga
276 1825 326 1867 me
349 1800 408 1867 tuis
430 1821 499 1864 esse
522 1799 684 1865 videatur?
724 1799 816 1876 Quod
839 1810 944 1863 autem
972 1797 1026 1864 tibi
1048 1810 1135 1884 mata
1156 1819 1225 1862 mea
1248 1818 1323 1882 erga
1344 1809 1374 1862 te
1396 1799 1496 1865 studia

178 1895 287 1960 scribis
310 1916 393 1968 esse,
415 1893 490 1958 sacis
511 1904 546 1958 tu
568 1893 694 1981 qrridem
716 1892 902 1959 abundantia
925 1892 1059 1977 quadam
1080 1891 1210 1965 amoris,
1239 1902 1274 1957 ut
1295 1892 1387 1957 etiam
1410 1904 1496 1976 grata

179 1988 238 2055 sint
259 2010 312 2065 ea,
335 2010 416 2074 quae
438 1987 641 2073 praetermitti
663 1986 729 2050 sine
751 1986 872 2051 nefario
895 1987 1013 2050 scelere
1034 2006 1103 2067 uon¹
1119 1997 1258 2070 possunt.
1302 1986 1379 2052 Tibi
1392 1998 1497 2053 autem

179 2082 276 2147 multo
304 2080 410 2146 notior
437 2092 530 2166 atque
552 2079 703 2145 illustrior
723 2101 812 2146 meus
834 2079 865 2145 in
888 2090 917 2145 te
948 2079 1068 2143 animus
1090 2090 1190 2152 esset,
1227 2080 1252 2144 si
1275 2080 1334 2145 boc
1356 2092 1497 2167 tempore

178 2176 284 2250 omni,
307 2195 371 2262 quo
393 2174 522 2239 diiuncti
544 2173 674 2247 fuimus,
708 2182 739 2237 et
759 2188 820 2239 una
843 2183 874 2238 et
895 2178 1011 2239 Romae
1033 2170 1209 2236 finissemus.
1253 2177 1283 2238 2.
1306 2180 1381 2238 Nam
1404 2176 1435 2239 iu
1458 2196 1498 2240 eo

140 2268 263 2355 seipso,
287 2267 372 2354 quod
393 2278 423 2332 te
446 2267 583 2332 ostendis
606 2288 674 2331 esse
696 2266 850 2332 facturum
872 2266 1021 2353 quodque
1043 2264 1127 2329 etin
1149 2266 1259 2350 primis
1280 2278 1370 2352 potes
1392 2278 1423 2332 et
1437 2290 1497 2354 ego

178 2382 196 2425 a
223 2368 253 2425 te
282 2360 483 2425 vehementer
511 2372 675 2447 exspecto,
708 2361 742 2425 in
769 2360 931 2426 sententiis
959 2361 1124 2426 senatoriis
1150 2370 1181 2424 et
1208 2360 1240 2424 in
1268 2362 1352 2424 omni
1375 2362 1498 2427 actione

177 2462 270 2540 atque
292 2452 558 2519 administratione
574 2453 779 2539 reipublicae
799 2453 1014 2519 floruissemus
1036 2489 1075 2499 —
1099 2453 1138 2518 de
1153 2475 1213 2541 qun
1232 2454 1392 2518 ostendam
1410 2456 1500 2542 equi-

178 2546 249 2611 dem
271 2547 376 2632 paullo
397 2558 482 2633 post,
505 2548 559 2634 qui
582 2547 621 2612 sit
642 2569 730 2613 meus
751 2568 861 2612 sensus
882 2557 914 2611 et
935 2556 1046 2619 status,
1070 2557 1101 2611 et
1121 2547 1291 2611 rescribam
1314 2547 1370 2613 tibi
1392 2547 1431 2612 ad
1450 2543 1496 2622 e'a,

179 2661 258 2726 quae
280 2640 421 2726 quaeris:
457 2639 512 2705 sed
545 2650 628 2705 certe
657 2650 687 2704 et
709 2660 769 2723 ego
792 2647 822 2704 te
850 2648 979 2703 auctore
1001 2639 1190 2705 amicissimo
1212 2663 1248 2705 ae
1269 2642 1498 2727 sapientissimo

141 2745 210 2798 sset
231 2741 264 2798 tu
286 2754 336 2796 me
357 2733 536 2797 consiliario
558 2734 690 2798 sortasse
712 2755 775 2797 non
803 2733 1054 2818 imperitissimo,
1088 2733 1171 2798 fideli
1199 2736 1324 2821 quidem
1346 2744 1376 2799 et
1404 2733 1500 2799 bene·

177 2826 252 2891 volo
274 2835 373 2900 certe,
407 2847 482 2891 usus
504 2847 604 2890 esses:
629 2862 669 2872 -
699 2847 887 2912 quamquam
908 2835 959 2889 tua
982 2826 1110 2911 quidem
1132 2849 1224 2892 cansa
1247 2838 1275 2891 te
1304 2851 1372 2893 esse
1402 2830 1499 2914 impe·

178 2927 316 2983 ratorem
337 2919 593 3005 provinciamque
615 2918 695 2983 bene
717 2919 811 3004 gestis
832 2918 928 2983 rebus
950 2940 1020 2983 cum
1042 2921 1181 2985 exercitu
1203 2922 1322 2986 victore
1345 2921 1497 2996 obtinere,

177 3022 213 3078 ut
240 3012 354 3088 debeo,
384 3012 499 3077 laetor:
524 3043 563 3056 -
597 3012 652 3078 sed
679 3024 764 3078 certe
793 3013 848 3098 qui
876 3010 930 3076 tibi
960 3034 999 3076 ex
1029 3035 1078 3077 me
1101 3014 1220 3079 lructus
1242 3015 1411 3090 debentur,
1442 3038 1497 3081 eos

177 3103 343 3171 uberiores
364 3114 395 3170 et
416 3106 646 3193 praesentiores
668 3126 816 3191 praesens
838 3126 950 3191 supere
971 3107 1137 3191 potuisses.
1188 3112 1221 3171 ln
1244 3109 1289 3172 eis
1317 3131 1395 3174 vero
1423 3110 1500 3174 ulci-

140 3198 314 3274 suscendis‚
336 3221 416 3286 quos
438 3199 494 3264 tibi
516 3201 629 3285 partim
652 3200 794 3265 inimicos
816 3221 885 3264 esse
907 3200 1052 3285 intelligis
1066 3210 1197 3286 propter
1216 3211 1300 3267 tuam
1322 3225 1500 3291 propugna-

177 3292 294 3357 tionem
316 3293 423 3359 salutis
445 3315 550 3368 meae,
573 3293 687 3378 partim
708 3293 848 3358 invidere
871 3304 1001 3379 propter
1023 3294 1104 3359 illius
1120 3295 1248 3360 aetionis
1264 3296 1497 3383 amplitudinem

178 3395 210 3452 et
241 3388 389 3473 gloriam,
423 3387 588 3452 mirificum
620 3409 671 3450 me
704 3387 759 3453 tibi
789 3389 934 3453 comitem
963 3388 1194 3474 praebuissem:
1229 3410 1417 3476 quamquam
1447 3388 1499 3453 ille

177 3481 324 3566 perennis
345 3481 489 3546 iuimicus
510 3481 683 3545 amicorum
706 3503 850 3555 suorum,
873 3483 927 3569 qui
951 3483 1010 3547 tuis
1032 3483 1175 3547 maximis
1197 3482 1356 3548 benefieiis
1371 3493 1500 3547 ornatus

177 3573 211 3638 in
232 3582 262 3639 te
283 3575 480 3661 potissimum
503 3574 631 3639 fractam
651 3574 734 3638 illam
756 3584 787 3638 et
808 3573 997 3640 debilitatam
1013 3577 1076 3640 vim
1091 3597 1178 3641 suam
1193 3577 1338 3649 eontulit,
1361 3586 1499 3640 nostram

140 3667 278 3733 savicem
300 3668 383 3733 ultus
406 3676 452 3732 est
472 3668 540 3755 ipse
562 3690 641 3733 sese.
684 3672 728 3733 Ea
750 3678 797 3732 cst
816 3669 899 3733 enim
913 3679 1057 3741 conatus,
1080 3669 1195 3754 quibus
1210 3670 1369 3756 patelactis
1384 3669 1499 3734 nullam

177 3759 237 3824 sibi
264 3761 296 3824 iu
323 3771 484 3847 posterum
514 3782 576 3826 non
604 3761 700 3826 modo
728 3761 884 3846 dignitatis
913 3761 967 3826 sed
998 3783 1036 3824 ne
1061 3761 1209 3827 libertatis
1232 3763 1356 3850 quidem
1379 3771 1499 3848 partem

177 3853 312 3939 reliquit.
356 3858 386 3919 3.
409 3860 453 3919 Te
475 3865 578 3920 autem
601 3856 659 3919 etsi
681 3855 805 3920 mallem
828 3855 858 3919 in
882 3855 959 3919 meis
981 3854 1076 3919 rebus
1104 3867 1268 3942 expertum
1291 3877 1382 3941 quam
1407 3856 1499 3920 etiam

177 3946 211 4012 in
232 3946 307 4020 tuis,
329 3957 433 4012 umen
455 3949 486 4013 iu
510 3949 651 4013 molestia
673 3949 795 4033 gaudeo
817 3970 885 4012 eam
907 3947 1000 4012 fidem
1023 3969 1175 4032 cognosse
1190 3949 1350 4014 bominum
1374 3972 1435 4014 non
1460 3950 1499 4013 ita

177 4060 288 4124 magns
322 4041 481 4116 mercede,
510 4064 604 4128 quam
633 4063 693 4127 ego
716 4042 851 4106 maximo
874 4040 984 4105 dolore
1006 4060 1185 4123 cognoram.
1228 4048 1274 4106 lte
1297 4065 1358 4129 epm
1379 4043 1500 4107 ratione

141 4140 243 4197 sotota
263 4133 324 4198 iam
350 4134 475 4200 videtur
503 4135 578 4200 mibi
597 4135 776 4220 exponendi
803 4144 924 4221 tempus
948 4135 1031 4209 dari,
1060 4145 1094 4199 ut
1112 4135 1168 4200 tibi
1190 4137 1359 4200 rescribam
1387 4136 1424 4200 ad
1447 4158 1499 4210 ea,

179 4247 259 4312 quae
279 4228 414 4313 quaeris.
464 4234 495 4294 d.
521 4229 696 4294 Certiorem
722 4238 753 4292 te
778 4251 836 4315 per
858 4229 975 4293 litteras
997 4227 1108 4293 scribis
1130 4250 1198 4293 esse
1220 4229 1334 4293 lactum
1358 4251 1407 4293 me
1429 4251 1499 4294 cum

179 4320 309 4385 Caesare
332 4329 456 4388 etcum
478 4322 577 4409 Appio
599 4343 668 4387 esse
691 4321 722 4386 in
750 4322 863 4406 gratia,
898 4332 992 4408 teque
1019 4322 1050 4387 id
1077 4343 1139 4386 non
1165 4323 1356 4408 reprendere
1385 4323 1502 4388 adscri-

247 4540 272 4588 1.
287 4539 367 4602 'idque
378 4553 483 4604 cumque
491 4542 601 4591 sentiam
610 4541 747 4591 sedulitate
755 4541 819 4589 mtbs'
830 4555 869 4590 ms
881 4545 966 4604 ipsum
975 4544 1124 4606 satisfecere
1132 4557 1185 4591 non
1196 4545 1294 4604 possim
1307 4543 1343 4591 Μ.
1361 4566 1390 4576 -
1410 4542 1436 4591 2.
1451 4545 1502 4604 ipsi

178 4603 246 4656 au
259 4608 338 4658 Beier
356 4608 433 4660 ome.
454 4611 479 4659 1.
500 4624 525 4674 p.
546 4610 590 4660 dl.
612 4635 641 4646 -
663 4611 691 4661 t.
710 4606 812 4676 pratia]
832 4613 860 4658 s‘a
877 4616 969 4676 pretio
982 4613 1169 4662 Cratandrina.
1191 4612 1244 4661 Clr.
1269 4613 1435 4662 llaudTurs.
1452 4613 1499 4662 ΙΙΙ.

179 4676 282 4739 Md'l.
305 4703 335 4714 -
371 4679 618 4744 ⁵1.ceeraqael1:
644 4688 729 4730 estora
749 4681 778 4730 ll.
807 4681 860 4730 vid.
882 4682 957 4730 ttaud
979 4683 1094 4731 'lsrrsell
1118 4684 1151 4731 ll.
1173 4698 1197 4745 p.
1219 4684 1262 4730 lb.
1290 4706 1314 4716 -
1343 4682 1370 4731 8.
1389 4686 1501 4744 pertine

178 4744 243 4796 bont
260 4746 297 4798 lt.
320 4773 347 4784 -
370 4749 413 4799 to.
432 4750 543 4799 diiuncti
561 4750 606 4799 M:
627 4751 750 4801 disiuncti
769 4750 799 4799 ll.
823 4777 852 4786 -
888 4753 933 4800 2'4.
955 4767 985 4800 oc
1004 4753 1049 4801 ll:
1070 4760 1094 4801 et
1115 4753 1143 4802 li.
1166 4779 1193 4787 —
1232 4754 1275 4801 29.
1295 4755 1502 4815 pramtnau'eres

178 4814 360 4879 coddltegit.
381 4845 409 4855 -
448 4819 491 4869 35.
513 4821 554 4868 llo
571 4826 609 4870 est
626 4821 694 4871 euim
713 4836 754 4886 pr.
774 4820 819 4871 bl:
850 4820 896 4870 Est
914 4823 981 4870 enlm
999 4838 1029 4872 ea
1049 4832 1130 4877 (corr.
1151 4822 1190 4879 Μ)
1210 4821 1240 4870 Ε.
1265 4848 1292 4857 -
1331 4823 1374 4872 ts.
1394 4837 1500 4885 repren-

179 4885 240 4936 dere
256 4884 301 4938 lt:
322 4890 505 4951 reprehendere
517 4889 547 4940 ll.
