<?xml version="1.0" encoding="UTF-8"?>
<!DOCTYPE html PUBLIC "-//W3C//DTD XHTML 1.0 Transitional//EN"
    "http://www.w3.org/TR/xhtml1/DTD/xhtml1-transitional.dtd">
<html xmlns="http://www.w3.org/1999/xhtml" xml:lang="en" lang="en">
 <head>
  <title>
</title>
<meta http-equiv="Content-Type" content="text/html;charset=utf-8" />
  <meta name='ocr-system' content='tesseract 3.04.00' />
  <meta name='ocr-capabilities' content='ocr_page ocr_carea ocr_par ocr_line ocrx_word'/>
</head>
<body>
  <div class='ocr_page' id='page_1' title='image "./operaquaesupers06halmgoog/operaquaesupers06halmgoog_0175.png"; bbox 0 0 3256 5400; ppageno 0'>
   <div class='ocr_carea' id='block_1_1' title="bbox 567 230 1463 298">
    <p class='ocr_par' dir='ltr' id='par_1_1' title="bbox 567 230 1463 298">
     <span class='ocr_line' id='line_1_1' title="bbox 567 230 1463 298; baseline 0.004 -4"><span class='ocrx_word' id='word_1_1' title='bbox 567 231 642 295; x_wconf 76' lang='lat' dir='ltr'><strong>nm.</strong></span> <span class='ocrx_word' id='word_1_2' title='bbox 662 230 715 296; x_wconf 78' lang='lat' dir='ltr'><strong>Vl.</strong></span> <span class='ocrx_word' id='word_1_3' title='bbox 757 231 817 294; x_wconf 81' lang='grc' dir='ltr'><strong>ΕΡ.</strong></span> <span class='ocrx_word' id='word_1_4' title='bbox 838 231 890 294; x_wconf 81' lang='lat'><strong>20.</strong></span> <span class='ocrx_word' id='word_1_5' title='bbox 911 230 964 294; x_wconf 89' lang='lat'><strong>21.</strong></span> <span class='ocrx_word' id='word_1_6' title='bbox 984 231 1036 294; x_wconf 90' lang='lat'><strong>22.</strong></span> <span class='ocrx_word' id='word_1_7' title='bbox 1402 234 1463 298; x_wconf 84' lang='lat'><strong>105</strong></span> 
     </span>
    </p>
   </div>
   <div class='ocr_carea' id='block_1_2' title="bbox 140 385 1487 1033">
    <p class='ocr_par' dir='ltr' id='par_1_2' title="bbox 140 385 1464 474">
     <span class='ocr_line' id='line_1_2' title="bbox 140 385 1464 474; baseline 0.004 -24"><span class='ocrx_word' id='word_1_8' title='bbox 140 395 246 450; x_wconf 83' lang='lat' dir='ltr'><strong>umen</strong></span> <span class='ocrx_word' id='word_1_9' title='bbox 265 393 352 450; x_wconf 88' lang='lat' dir='ltr'><strong>recte</strong></span> <span class='ocrx_word' id='word_1_10' title='bbox 374 406 512 473; x_wconf 86' lang='lat' dir='ltr'><strong>vereque</strong></span> <span class='ocrx_word' id='word_1_11' title='bbox 534 387 677 451; x_wconf 85' lang='lat' dir='ltr'><strong>sensisse.</strong></span> <span class='ocrx_word' id='word_1_12' title='bbox 720 392 821 472; x_wconf 85' lang='lat' dir='ltr'><strong>Atque</strong></span> <span class='ocrx_word' id='word_1_13' title='bbox 842 385 960 451; x_wconf 88' lang='lat' dir='ltr'><strong>utinam</strong></span> <span class='ocrx_word' id='word_1_14' title='bbox 982 387 1072 452; x_wconf 92' lang='lat' dir='ltr'><strong>liceat</strong></span> <span class='ocrx_word' id='word_1_15' title='bbox 1098 386 1266 474; x_wconf 90' lang='lat' dir='ltr'><strong>aliquando</strong></span> <span class='ocrx_word' id='word_1_16' title='bbox 1287 388 1394 474; x_wconf 90' lang='lat' dir='ltr'><strong>aliquo</strong></span> <span class='ocrx_word' id='word_1_17' title='bbox 1415 390 1464 457; x_wconf 91' lang='lat' dir='ltr'><strong>rei</strong></span> 
     </span>
    </p>

    <p class='ocr_par' dir='ltr' id='par_1_3' title="bbox 140 477 1464 571">
     <span class='ocr_line' id='line_1_3' title="bbox 140 477 1464 571; baseline 0.004 -28"><span class='ocrx_word' id='word_1_18' title='bbox 140 477 284 564; x_wconf 90' lang='lat' dir='ltr'><strong>publicae</strong></span> <span class='ocrx_word' id='word_1_19' title='bbox 306 488 388 544; x_wconf 89' lang='lat' dir='ltr'><strong>statu</strong></span> <span class='ocrx_word' id='word_1_20' title='bbox 408 501 466 545; x_wconf 92' lang='lat' dir='ltr'><strong>nos</strong></span> <span class='ocrx_word' id='word_1_21' title='bbox 488 480 550 544; x_wconf 87' lang='lat' dir='ltr'><strong>lrui</strong></span> <span class='ocrx_word' id='word_1_22' title='bbox 571 481 653 543; x_wconf 89' lang='lat' dir='ltr'><strong>inter</strong></span> <span class='ocrx_word' id='word_1_23' title='bbox 673 501 794 565; x_wconf 89' lang='lat' dir='ltr'><strong>nosque</strong></span> <span class='ocrx_word' id='word_1_24' title='bbox 812 479 956 544; x_wconf 81' lang='lat' dir='ltr'><strong>conferre</strong></span> <span class='ocrx_word' id='word_1_25' title='bbox 979 480 1202 546; x_wconf 81' lang='lat' dir='ltr'><strong>sollicitudines</strong></span> <span class='ocrx_word' id='word_1_26' title='bbox 1223 491 1362 558; x_wconf 85' lang='lat' dir='ltr'><strong>nostras,</strong></span> <span class='ocrx_word' id='word_1_27' title='bbox 1386 504 1464 571; x_wconf 87' lang='lat' dir='ltr'><strong>quas</strong></span> 
     </span>
    </p>

    <p class='ocr_par' dir='ltr' id='par_1_4' title="bbox 140 572 1463 661">
     <span class='ocr_line' id='line_1_4' title="bbox 140 572 1463 661; baseline 0.002 -25"><span class='ocrx_word' id='word_1_28' title='bbox 140 572 326 656; x_wconf 72' lang='lat' dir='ltr'><strong>pertulimus</strong></span> <span class='ocrx_word' id='word_1_29' title='bbox 348 581 430 646; x_wconf 89' lang='lat' dir='ltr'><strong>tum,</strong></span> <span class='ocrx_word' id='word_1_30' title='bbox 452 594 523 637; x_wconf 91' lang='lat' dir='ltr'><strong>cum</strong></span> <span class='ocrx_word' id='word_1_31' title='bbox 546 573 645 637; x_wconf 89' lang='lat' dir='ltr'><strong>timidi</strong></span> <span class='ocrx_word' id='word_1_32' title='bbox 667 573 868 659; x_wconf 88' lang='lat' dir='ltr'><strong>putabamur,</strong></span> <span class='ocrx_word' id='word_1_33' title='bbox 891 574 965 659; x_wconf 89' lang='lat' dir='ltr'><strong>quia</strong></span> <span class='ocrx_word' id='word_1_34' title='bbox 980 573 1158 639; x_wconf 83' lang='lat' dir='ltr'><strong>dicebamus</strong></span> <span class='ocrx_word' id='word_1_35' title='bbox 1179 596 1216 639; x_wconf 88' lang='lat' dir='ltr'><strong>oa</strong></span> <span class='ocrx_word' id='word_1_36' title='bbox 1239 574 1359 649; x_wconf 85' lang='lat' dir='ltr'><strong>lutura,</strong></span> <span class='ocrx_word' id='word_1_37' title='bbox 1383 597 1463 661; x_wconf 90' lang='lat' dir='ltr'><strong>quae</strong></span> 
     </span>
    </p>

    <p class='ocr_par' dir='ltr' id='par_1_5' title="bbox 140 662 1462 753">
     <span class='ocr_line' id='line_1_5' title="bbox 140 662 1462 753; baseline 0.004 -25"><span class='ocrx_word' id='word_1_38' title='bbox 140 662 221 729; x_wconf 86' lang='lat' dir='ltr'><strong>lacta</strong></span> <span class='ocrx_word' id='word_1_39' title='bbox 243 676 324 731; x_wconf 91' lang='lat' dir='ltr'><strong>sunt.</strong></span> <span class='ocrx_word' id='word_1_40' title='bbox 368 671 398 730; x_wconf 85' lang='lat'><strong>3.</strong></span> <span class='ocrx_word' id='word_1_41' title='bbox 419 672 465 731; x_wconf 89' lang='lat' dir='ltr'><strong>De</strong></span> <span class='ocrx_word' id='word_1_42' title='bbox 488 666 548 730; x_wconf 90' lang='lat' dir='ltr'><strong>tuis</strong></span> <span class='ocrx_word' id='word_1_43' title='bbox 570 666 665 731; x_wconf 90' lang='lat' dir='ltr'><strong>rehus</strong></span> <span class='ocrx_word' id='word_1_44' title='bbox 688 667 763 731; x_wconf 91' lang='lat' dir='ltr'><strong>nihil</strong></span> <span class='ocrx_word' id='word_1_45' title='bbox 785 687 869 741; x_wconf 90' lang='lat' dir='ltr'><strong>esse,</strong></span> <span class='ocrx_word' id='word_1_46' title='bbox 898 667 983 753; x_wconf 94' lang='lat' dir='ltr'><strong>quod</strong></span> <span class='ocrx_word' id='word_1_47' title='bbox 1005 668 1127 742; x_wconf 89' lang='lat' dir='ltr'><strong>timeas,</strong></span> <span class='ocrx_word' id='word_1_48' title='bbox 1150 677 1276 753; x_wconf 90' lang='lat' dir='ltr'><strong>praetor</strong></span> <span class='ocrx_word' id='word_1_49' title='bbox 1297 668 1462 734; x_wconf 84' lang='lat' dir='ltr'><strong>universae</strong></span> 
     </span>
    </p>

    <p class='ocr_par' dir='ltr' id='par_1_6' title="bbox 141 758 1487 940">
     <span class='ocr_line' id='line_1_6' title="bbox 142 758 1487 843; baseline 0.001 -20"><span class='ocrx_word' id='word_1_50' title='bbox 142 759 189 823; x_wconf 88' lang='lat' dir='ltr'><strong>rei</strong></span> <span class='ocrx_word' id='word_1_51' title='bbox 209 758 353 843; x_wconf 89' lang='lat' dir='ltr'><strong>publicae</strong></span> <span class='ocrx_word' id='word_1_52' title='bbox 381 760 555 833; x_wconf 89' lang='lat' dir='ltr'><strong>interitum,</strong></span> <span class='ocrx_word' id='word_1_53' title='bbox 592 758 648 824; x_wconf 88' lang='lat' dir='ltr'><strong>tihi</strong></span> <span class='ocrx_word' id='word_1_54' title='bbox 671 759 837 836; x_wconf 86' lang='lat' dir='ltr'><strong>confirmo;</strong></span> <span class='ocrx_word' id='word_1_55' title='bbox 871 758 909 823; x_wconf 89' lang='lat' dir='ltr'><strong>de</strong></span> <span class='ocrx_word' id='word_1_56' title='bbox 940 781 990 824; x_wconf 91' lang='lat' dir='ltr'><strong>me</strong></span> <span class='ocrx_word' id='word_1_57' title='bbox 1012 770 1115 825; x_wconf 91' lang='lat' dir='ltr'><strong>autem</strong></span> <span class='ocrx_word' id='word_1_58' title='bbox 1137 762 1182 825; x_wconf 92' lang='lat' dir='ltr'><strong>sic</strong></span> <span class='ocrx_word' id='word_1_59' title='bbox 1202 762 1295 826; x_wconf 86' lang='lat' dir='ltr'><strong>velim</strong></span> <span class='ocrx_word' id='word_1_60' title='bbox 1317 761 1437 826; x_wconf 90' lang='lat' dir='ltr'><strong>iudices</strong></span> <span class='ocrx_word' id='word_1_61' title='bbox 1453 785 1487 835; x_wconf 83' lang='lat' dir='ltr'><strong>‚s</strong></span> 
     </span>
     <span class='ocr_line' id='line_1_7' title="bbox 141 853 1464 940; baseline 0.005 -25"><span class='ocrx_word' id='word_1_62' title='bbox 141 861 290 937; x_wconf 90' lang='lat' dir='ltr'><strong>quantum</strong></span> <span class='ocrx_word' id='word_1_63' title='bbox 322 874 382 937; x_wconf 80' lang='lat' dir='ltr'><strong>ego</strong></span> <span class='ocrx_word' id='word_1_64' title='bbox 409 854 541 939; x_wconf 90' lang='lat' dir='ltr'><strong>possim,</strong></span> <span class='ocrx_word' id='word_1_65' title='bbox 578 875 627 917; x_wconf 91' lang='lat' dir='ltr'><strong>me</strong></span> <span class='ocrx_word' id='word_1_66' title='bbox 654 853 727 926; x_wconf 89' lang='lat' dir='ltr'><strong>tihi,</strong></span> <span class='ocrx_word' id='word_1_67' title='bbox 766 854 856 918; x_wconf 91' lang='lat' dir='ltr'><strong>saluti</strong></span> <span class='ocrx_word' id='word_1_68' title='bbox 878 862 949 917; x_wconf 88' lang='lat' dir='ltr'><strong>tuae</strong></span> <span class='ocrx_word' id='word_1_69' title='bbox 971 853 1141 940; x_wconf 86' lang='lat' dir='ltr'><strong>liberisque</strong></span> <span class='ocrx_word' id='word_1_70' title='bbox 1163 854 1224 919; x_wconf 92' lang='lat' dir='ltr'><strong>tuis</strong></span> <span class='ocrx_word' id='word_1_71' title='bbox 1246 877 1369 921; x_wconf 89' lang='lat' dir='ltr'><strong>summo</strong></span> <span class='ocrx_word' id='word_1_72' title='bbox 1391 878 1464 921; x_wconf 93' lang='lat' dir='ltr'><strong>cum</strong></span> 
     </span>
    </p>

    <p class='ocr_par' dir='ltr' id='par_1_7' title="bbox 142 946 709 1033">
     <span class='ocr_line' id='line_1_8' title="bbox 142 946 709 1033; baseline 0.002 -23"><span class='ocrx_word' id='word_1_73' title='bbox 142 946 246 1011; x_wconf 88' lang='lat' dir='ltr'><strong>studio</strong></span> <span class='ocrx_word' id='word_1_74' title='bbox 266 957 393 1032; x_wconf 89' lang='lat' dir='ltr'><strong>praesto</strong></span> <span class='ocrx_word' id='word_1_75' title='bbox 415 969 538 1033; x_wconf 85' lang='lat' dir='ltr'><strong>semper</strong></span> <span class='ocrx_word' id='word_1_76' title='bbox 559 948 709 1012; x_wconf 82' lang='lat' dir='ltr'><strong>futurum.</strong></span> 
     </span>
    </p>
   </div>
   <div class='ocr_carea' id='block_1_3' title="bbox 592 1086 1028 1265">
    <p class='ocr_par' dir='ltr' id='par_1_8' title="bbox 592 1086 1028 1265">
     <span class='ocr_line' id='line_1_9' title="bbox 592 1086 1028 1172; baseline 0.007 -22"><span class='ocrx_word' id='word_1_77' title='bbox 592 1090 692 1151; x_wconf 77' lang='lat' dir='ltr'><strong>nnn.</strong></span> <span class='ocrx_word' id='word_1_78' title='bbox 738 1088 787 1166; x_wconf 77' lang='lat' dir='ltr'><strong>(A.</strong></span> <span class='ocrx_word' id='word_1_79' title='bbox 814 1091 845 1152; x_wconf 85' lang='lat' dir='ltr'><strong>u.</strong></span> <span class='ocrx_word' id='word_1_80' title='bbox 869 1092 901 1153; x_wconf 84' lang='lat' dir='ltr'><strong>c.</strong></span> <span class='ocrx_word' id='word_1_81' title='bbox 924 1086 1028 1172; x_wconf 67' lang='lat' dir='ltr'><strong>roa).</strong></span> 
     </span>
     <span class='ocr_line' id='line_1_10' title="bbox 627 1202 978 1265; baseline 0.003 -1"><span class='ocrx_word' id='word_1_82' title='bbox 627 1202 769 1264; x_wconf 80' lang='lat' dir='ltr'><strong>cronno</strong></span> <span class='ocrx_word' id='word_1_83' title='bbox 796 1202 978 1265; x_wconf 84' lang='lat' dir='ltr'><strong>nummo.</strong></span> 
     </span>
    </p>
   </div>
   <div class='ocr_carea' id='block_1_4' title="bbox 142 1319 1505 3652">
    <p class='ocr_par' dir='ltr' id='par_1_9' title="bbox 142 1319 1505 3652">
     <span class='ocr_line' id='line_1_11' title="bbox 229 1319 1502 1409; baseline 0 -22"><span class='ocrx_word' id='word_1_84' title='bbox 229 1326 257 1387; x_wconf 93' lang='grc'><strong>1.</strong></span> <span class='ocrx_word' id='word_1_85' title='bbox 278 1325 346 1386; x_wconf 90' lang='lat' dir='ltr'><strong>Non</strong></span> <span class='ocrx_word' id='word_1_86' title='bbox 369 1342 406 1385; x_wconf 88' lang='lat' dir='ltr'><strong>ea</strong></span> <span class='ocrx_word' id='word_1_87' title='bbox 427 1342 479 1385; x_wconf 89' lang='lat' dir='ltr'><strong>res</strong></span> <span class='ocrx_word' id='word_1_88' title='bbox 501 1341 550 1384; x_wconf 87' lang='lat' dir='ltr'><strong>me</strong></span> <span class='ocrx_word' id='word_1_89' title='bbox 572 1319 739 1395; x_wconf 89' lang='lat' dir='ltr'><strong>deterruit,</strong></span> <span class='ocrx_word' id='word_1_90' title='bbox 763 1342 826 1406; x_wconf 92' lang='lat' dir='ltr'><strong>quo</strong></span> <span class='ocrx_word' id='word_1_91' title='bbox 848 1322 969 1396; x_wconf 91' lang='lat' dir='ltr'><strong>minus,</strong></span> <span class='ocrx_word' id='word_1_92' title='bbox 991 1330 1195 1409; x_wconf 89' lang='lat' dir='ltr'><strong>posteaquam</strong></span> <span class='ocrx_word' id='word_1_93' title='bbox 1216 1323 1248 1388; x_wconf 93' lang='lat' dir='ltr'><strong>iu</strong></span> <span class='ocrx_word' id='word_1_94' title='bbox 1270 1327 1389 1390; x_wconf 90' lang='lat' dir='ltr'><strong>ltaliam</strong></span> <span class='ocrx_word' id='word_1_95' title='bbox 1411 1346 1502 1392; x_wconf 82' lang='lat' dir='ltr'><strong>ve·1o</strong></span> 
     </span>
     <span class='ocr_line' id='line_1_12' title="bbox 142 1414 1465 1507; baseline 0.002 -25"><span class='ocrx_word' id='word_1_96' title='bbox 142 1417 231 1489; x_wconf 87' lang='lat' dir='ltr'><strong>nisti,</strong></span> <span class='ocrx_word' id='word_1_97' title='bbox 264 1416 383 1480; x_wconf 86' lang='lat' dir='ltr'><strong>litteras</strong></span> <span class='ocrx_word' id='word_1_98' title='bbox 411 1414 451 1477; x_wconf 92' lang='lat' dir='ltr'><strong>ad</strong></span> <span class='ocrx_word' id='word_1_99' title='bbox 479 1425 508 1479; x_wconf 89' lang='lat' dir='ltr'><strong>te</strong></span> <span class='ocrx_word' id='word_1_100' title='bbox 530 1415 702 1489; x_wconf 74' lang='lat' dir='ltr'><strong>mitterem,</strong></span> <span class='ocrx_word' id='word_1_101' title='bbox 725 1414 811 1499; x_wconf 92' lang='lat' dir='ltr'><strong>quod</strong></span> <span class='ocrx_word' id='word_1_102' title='bbox 832 1424 866 1478; x_wconf 94' lang='lat' dir='ltr'><strong>tu</strong></span> <span class='ocrx_word' id='word_1_103' title='bbox 886 1415 926 1479; x_wconf 92' lang='lat' dir='ltr'><strong>ad</strong></span> <span class='ocrx_word' id='word_1_104' title='bbox 946 1436 997 1479; x_wconf 91' lang='lat' dir='ltr'><strong>me</strong></span> <span class='ocrx_word' id='word_1_105' title='bbox 1019 1417 1118 1480; x_wconf 89' lang='lat' dir='ltr'><strong>nullas</strong></span> <span class='ocrx_word' id='word_1_106' title='bbox 1140 1418 1285 1490; x_wconf 91' lang='lat' dir='ltr'><strong>miseras,</strong></span> <span class='ocrx_word' id='word_1_107' title='bbox 1315 1419 1369 1483; x_wconf 90' lang='lat' dir='ltr'><strong>sed</strong></span> <span class='ocrx_word' id='word_1_108' title='bbox 1392 1422 1465 1507; x_wconf 92' lang='lat' dir='ltr'><strong>quia</strong></span> 
     </span>
     <span class='ocr_line' id='line_1_13' title="bbox 142 1506 1463 1598; baseline 0.002 -24"><span class='ocrx_word' id='word_1_109' title='bbox 142 1532 200 1576; x_wconf 87' lang='lat' dir='ltr'><strong>nec</strong></span> <span class='ocrx_word' id='word_1_110' title='bbox 221 1510 296 1595; x_wconf 90' lang='lat' dir='ltr'><strong>quid</strong></span> <span class='ocrx_word' id='word_1_111' title='bbox 319 1509 375 1573; x_wconf 89' lang='lat' dir='ltr'><strong>tihi</strong></span> <span class='ocrx_word' id='word_1_112' title='bbox 404 1509 572 1593; x_wconf 84' lang='lat' dir='ltr'><strong>pollicerer</strong></span> <span class='ocrx_word' id='word_1_113' title='bbox 593 1509 660 1593; x_wconf 88' lang='lat' dir='ltr'><strong>ipse</strong></span> <span class='ocrx_word' id='word_1_114' title='bbox 690 1529 784 1592; x_wconf 83' lang='lat' dir='ltr'><strong>egens</strong></span> <span class='ocrx_word' id='word_1_115' title='bbox 806 1506 900 1573; x_wconf 87' lang='lat' dir='ltr'><strong>rebus</strong></span> <span class='ocrx_word' id='word_1_116' title='bbox 923 1509 1077 1583; x_wconf 84' lang='lat' dir='ltr'><strong>omnihus,</strong></span> <span class='ocrx_word' id='word_1_117' title='bbox 1101 1531 1157 1574; x_wconf 91' lang='lat' dir='ltr'><strong>nec</strong></span> <span class='ocrx_word' id='word_1_118' title='bbox 1179 1511 1255 1598; x_wconf 95' lang='lat' dir='ltr'><strong>quid</strong></span> <span class='ocrx_word' id='word_1_119' title='bbox 1277 1512 1463 1589; x_wconf 87' lang='lat' dir='ltr'><strong>suaderem,</strong></span> 
     </span>
     <span class='ocr_line' id='line_1_14' title="bbox 142 1601 1465 1688; baseline 0.003 -20"><span class='ocrx_word' id='word_1_120' title='bbox 142 1625 212 1668; x_wconf 89' lang='lat' dir='ltr'><strong>cum</strong></span> <span class='ocrx_word' id='word_1_121' title='bbox 236 1602 376 1666; x_wconf 87' lang='lat' dir='ltr'><strong>mihimet</strong></span> <span class='ocrx_word' id='word_1_122' title='bbox 397 1602 456 1687; x_wconf 92' lang='lat' dir='ltr'><strong>ipsi</strong></span> <span class='ocrx_word' id='word_1_123' title='bbox 479 1602 643 1667; x_wconf 89' lang='lat' dir='ltr'><strong>consilium</strong></span> <span class='ocrx_word' id='word_1_124' title='bbox 665 1601 808 1675; x_wconf 88' lang='lat' dir='ltr'><strong>deesset,</strong></span> <span class='ocrx_word' id='word_1_125' title='bbox 845 1624 903 1667; x_wconf 91' lang='lat' dir='ltr'><strong>nec</strong></span> <span class='ocrx_word' id='word_1_126' title='bbox 924 1602 1000 1688; x_wconf 92' lang='lat' dir='ltr'><strong>quid</strong></span> <span class='ocrx_word' id='word_1_127' title='bbox 1022 1603 1243 1669; x_wconf 82' lang='lat' dir='ltr'><strong>consolationis</strong></span> <span class='ocrx_word' id='word_1_128' title='bbox 1264 1605 1411 1670; x_wconf 81' lang='lat' dir='ltr'><strong>afferrem</strong></span> <span class='ocrx_word' id='word_1_129' title='bbox 1432 1612 1465 1672; x_wconf 86' lang='lat' dir='ltr'><strong>in</strong></span> 
     </span>
     <span class='ocr_line' id='line_1_15' title="bbox 143 1695 1466 1783; baseline 0.002 -21"><span class='ocrx_word' id='word_1_130' title='bbox 143 1697 234 1762; x_wconf 87' lang='lat' dir='ltr'><strong>tantis</strong></span> <span class='ocrx_word' id='word_1_131' title='bbox 256 1696 362 1770; x_wconf 90' lang='lat' dir='ltr'><strong>malis,</strong></span> <span class='ocrx_word' id='word_1_132' title='bbox 395 1695 602 1780; x_wconf 90' lang='lat' dir='ltr'><strong>reperiebam.</strong></span> <span class='ocrx_word' id='word_1_133' title='bbox 658 1700 744 1760; x_wconf 84' lang='lat' dir='ltr'><strong>llaec</strong></span> <span class='ocrx_word' id='word_1_134' title='bbox 770 1718 957 1783; x_wconf 91' lang='lat' dir='ltr'><strong>quamquam</strong></span> <span class='ocrx_word' id='word_1_135' title='bbox 980 1696 1078 1760; x_wconf 92' lang='lat' dir='ltr'><strong>nihilo</strong></span> <span class='ocrx_word' id='word_1_136' title='bbox 1105 1697 1236 1762; x_wconf 90' lang='lat' dir='ltr'><strong>meliora</strong></span> <span class='ocrx_word' id='word_1_137' title='bbox 1257 1707 1347 1774; x_wconf 89' lang='lat' dir='ltr'><strong>sunt,</strong></span> <span class='ocrx_word' id='word_1_138' title='bbox 1383 1720 1466 1764; x_wconf 91' lang='lat' dir='ltr'><strong>nunc</strong></span> 
     </span>
     <span class='ocr_line' id='line_1_16' title="bbox 143 1789 1503 1875; baseline 0.001 -21"><span class='ocrx_word' id='word_1_139' title='bbox 143 1790 237 1854; x_wconf 87' lang='lat' dir='ltr'><strong>etiam</strong></span> <span class='ocrx_word' id='word_1_140' title='bbox 265 1799 358 1874; x_wconf 84' lang='lat' dir='ltr'><strong>atque</strong></span> <span class='ocrx_word' id='word_1_141' title='bbox 389 1791 481 1854; x_wconf 85' lang='lat' dir='ltr'><strong>etiarn</strong></span> <span class='ocrx_word' id='word_1_142' title='bbox 510 1790 608 1853; x_wconf 90' lang='lat' dir='ltr'><strong>multo</strong></span> <span class='ocrx_word' id='word_1_143' title='bbox 631 1789 858 1875; x_wconf 90' lang='lat' dir='ltr'><strong>desperatiora,</strong></span> <span class='ocrx_word' id='word_1_144' title='bbox 896 1799 999 1855; x_wconf 89' lang='lat' dir='ltr'><strong>tamen</strong></span> <span class='ocrx_word' id='word_1_145' title='bbox 1019 1789 1126 1854; x_wconf 87' lang='lat' dir='ltr'><strong>inanes</strong></span> <span class='ocrx_word' id='word_1_146' title='bbox 1149 1812 1217 1854; x_wconf 91' lang='lat' dir='ltr'><strong>esse</strong></span> <span class='ocrx_word' id='word_1_147' title='bbox 1240 1813 1323 1856; x_wconf 89' lang='lat' dir='ltr'><strong>meas</strong></span> <span class='ocrx_word' id='word_1_148' title='bbox 1345 1791 1464 1857; x_wconf 81' lang='lat' dir='ltr'><strong>litteras</strong></span> <span class='ocrx_word' id='word_1_149' title='bbox 1477 1810 1503 1850; x_wconf 72' lang='lat' dir='ltr'><strong>tt</strong></span> 
     </span>
     <span class='ocr_line' id='line_1_17' title="bbox 143 1882 1463 1970; baseline 0.002 -23"><span class='ocrx_word' id='word_1_150' title='bbox 143 1905 235 1970; x_wconf 65' lang='lat' dir='ltr'><strong>mam</strong></span> <span class='ocrx_word' id='word_1_151' title='bbox 259 1882 357 1947; x_wconf 90' lang='lat' dir='ltr'><strong>nullas</strong></span> <span class='ocrx_word' id='word_1_152' title='bbox 380 1883 484 1947; x_wconf 93' lang='lat' dir='ltr'><strong>malui.</strong></span> <span class='ocrx_word' id='word_1_153' title='bbox 527 1887 557 1946; x_wconf 87' lang='lat'><strong>2.</strong></span> <span class='ocrx_word' id='word_1_154' title='bbox 579 1888 666 1967; x_wconf 80' lang='lat' dir='ltr'><strong>Ego,</strong></span> <span class='ocrx_word' id='word_1_155' title='bbox 690 1883 717 1947; x_wconf 89' lang='lat' dir='ltr'><strong>si</strong></span> <span class='ocrx_word' id='word_1_156' title='bbox 740 1892 769 1947; x_wconf 90' lang='lat' dir='ltr'><strong>te</strong></span> <span class='ocrx_word' id='word_1_157' title='bbox 790 1883 996 1968; x_wconf 83' lang='lat' dir='ltr'><strong>intelligerem</strong></span> <span class='ocrx_word' id='word_1_158' title='bbox 1018 1884 1088 1968; x_wconf 92' lang='lat' dir='ltr'><strong>plus</strong></span> <span class='ocrx_word' id='word_1_159' title='bbox 1109 1893 1253 1948; x_wconf 87' lang='lat' dir='ltr'><strong>conatum</strong></span> <span class='ocrx_word' id='word_1_160' title='bbox 1275 1906 1343 1949; x_wconf 89' lang='lat' dir='ltr'><strong>esse</strong></span> <span class='ocrx_word' id='word_1_161' title='bbox 1365 1886 1463 1950; x_wconf 92' lang='lat' dir='ltr'><strong>susci·</strong></span> 
     </span>
     <span class='ocr_line' id='line_1_18' title="bbox 142 1974 1464 2065; baseline 0.001 -23"><span class='ocrx_word' id='word_1_162' title='bbox 142 1999 218 2064; x_wconf 88' lang='lat' dir='ltr'><strong>pere</strong></span> <span class='ocrx_word' id='word_1_163' title='bbox 255 1977 304 2041; x_wconf 89' lang='lat' dir='ltr'><strong>rei</strong></span> <span class='ocrx_word' id='word_1_164' title='bbox 330 1974 472 2061; x_wconf 89' lang='lat' dir='ltr'><strong>publicae</strong></span> <span class='ocrx_word' id='word_1_165' title='bbox 504 1997 596 2041; x_wconf 89' lang='lat' dir='ltr'><strong>causa</strong></span> <span class='ocrx_word' id='word_1_166' title='bbox 629 1976 782 2049; x_wconf 86' lang='lat' dir='ltr'><strong>muneris,</strong></span> <span class='ocrx_word' id='word_1_167' title='bbox 821 1998 912 2062; x_wconf 90' lang='lat' dir='ltr'><strong>quam</strong></span> <span class='ocrx_word' id='word_1_168' title='bbox 942 1987 1091 2062; x_wconf 90' lang='lat' dir='ltr'><strong>quantum</strong></span> <span class='ocrx_word' id='word_1_169' title='bbox 1113 1986 1272 2061; x_wconf 87' lang='lat' dir='ltr'><strong>praestare</strong></span> <span class='ocrx_word' id='word_1_170' title='bbox 1294 1981 1464 2065; x_wconf 91' lang='lat' dir='ltr'><strong>potuisses,</strong></span> 
     </span>
     <span class='ocr_line' id='line_1_19' title="bbox 144 2069 1463 2156; baseline 0.002 -21"><span class='ocrx_word' id='word_1_171' title='bbox 144 2081 265 2140; x_wconf 82' lang='lat' dir='ltr'><strong>tamen.</strong></span> <span class='ocrx_word' id='word_1_172' title='bbox 304 2070 542 2156; x_wconf 87' lang='lat' dir='ltr'><strong>quibuscunque</strong></span> <span class='ocrx_word' id='word_1_173' title='bbox 569 2070 664 2134; x_wconf 94' lang='lat' dir='ltr'><strong>rehus</strong></span> <span class='ocrx_word' id='word_1_174' title='bbox 693 2090 833 2154; x_wconf 87' lang='lat' dir='ltr'><strong>possem,</strong></span> <span class='ocrx_word' id='word_1_175' title='bbox 870 2069 999 2133; x_wconf 89' lang='lat' dir='ltr'><strong>adeam</strong></span> <span class='ocrx_word' id='word_1_176' title='bbox 1026 2069 1242 2134; x_wconf 88' lang='lat' dir='ltr'><strong>condicionem</strong></span> <span class='ocrx_word' id='word_1_177' title='bbox 1265 2081 1295 2136; x_wconf 90' lang='lat' dir='ltr'><strong>te</strong></span> <span class='ocrx_word' id='word_1_178' title='bbox 1318 2073 1463 2150; x_wconf 89' lang='lat' dir='ltr'><strong>vivendi,</strong></span> 
     </span>
     <span class='ocr_line' id='line_1_20' title="bbox 144 2161 1464 2251; baseline 0.002 -23"><span class='ocrx_word' id='word_1_179' title='bbox 144 2185 223 2251; x_wconf 88' lang='lat' dir='ltr'><strong>quac</strong></span> <span class='ocrx_word' id='word_1_180' title='bbox 246 2164 373 2227; x_wconf 90' lang='lat' dir='ltr'><strong>daretur</strong></span> <span class='ocrx_word' id='word_1_181' title='bbox 395 2184 538 2248; x_wconf 91' lang='lat' dir='ltr'><strong>quaeque</strong></span> <span class='ocrx_word' id='word_1_182' title='bbox 561 2172 657 2234; x_wconf 85' lang='lat' dir='ltr'><strong>osset,</strong></span> <span class='ocrx_word' id='word_1_183' title='bbox 681 2162 835 2226; x_wconf 88' lang='lat' dir='ltr'><strong>hortarer.</strong></span> <span class='ocrx_word' id='word_1_184' title='bbox 887 2161 948 2226; x_wconf 88' lang='lat' dir='ltr'><strong>Sed</strong></span> <span class='ocrx_word' id='word_1_185' title='bbox 970 2183 1041 2226; x_wconf 87' lang='lat' dir='ltr'><strong>cum</strong></span> <span class='ocrx_word' id='word_1_186' title='bbox 1063 2162 1185 2226; x_wconf 89' lang='lat' dir='ltr'><strong>consilii</strong></span> <span class='ocrx_word' id='word_1_187' title='bbox 1208 2163 1253 2227; x_wconf 93' lang='lat' dir='ltr'><strong>tui</strong></span> <span class='ocrx_word' id='word_1_188' title='bbox 1275 2163 1355 2229; x_wconf 89' lang='lat' dir='ltr'><strong>heuc</strong></span> <span class='ocrx_word' id='word_1_189' title='bbox 1376 2165 1464 2230; x_wconf 85' lang='lat' dir='ltr'><strong>sorti-</strong></span> 
     </span>
     <span class='ocr_line' id='line_1_21' title="bbox 144 2254 1502 2344; baseline 0.001 -21"><span class='ocrx_word' id='word_1_190' title='bbox 144 2270 254 2344; x_wconf 89' lang='lat' dir='ltr'><strong>terque</strong></span> <span class='ocrx_word' id='word_1_191' title='bbox 284 2257 418 2342; x_wconf 88' lang='lat' dir='ltr'><strong>suscepti</strong></span> <span class='ocrx_word' id='word_1_192' title='bbox 440 2278 511 2321; x_wconf 91' lang='lat' dir='ltr'><strong>eum</strong></span> <span class='ocrx_word' id='word_1_193' title='bbox 534 2256 589 2320; x_wconf 90' lang='lat' dir='ltr'><strong>tihi</strong></span> <span class='ocrx_word' id='word_1_194' title='bbox 613 2255 705 2320; x_wconf 87' lang='lat' dir='ltr'><strong>finem</strong></span> <span class='ocrx_word' id='word_1_195' title='bbox 727 2256 888 2343; x_wconf 87' lang='lat' dir='ltr'><strong>statueris,</strong></span> <span class='ocrx_word' id='word_1_196' title='bbox 925 2277 1018 2341; x_wconf 93' lang='lat' dir='ltr'><strong>quem</strong></span> <span class='ocrx_word' id='word_1_197' title='bbox 1047 2255 1112 2340; x_wconf 92' lang='lat' dir='ltr'><strong>ipsa</strong></span> <span class='ocrx_word' id='word_1_198' title='bbox 1145 2254 1269 2320; x_wconf 85' lang='lat' dir='ltr'><strong>fortuna</strong></span> <span class='ocrx_word' id='word_1_199' title='bbox 1298 2259 1502 2323; x_wconf 73' lang='lat' dir='ltr'><strong>terminumn</strong></span> 
     </span>
     <span class='ocr_line' id='line_1_22' title="bbox 144 2348 1466 2435; baseline 0.001 -19"><span class='ocrx_word' id='word_1_200' title='bbox 144 2361 324 2417; x_wconf 89' lang='lat' dir='ltr'><strong>nostrarum</strong></span> <span class='ocrx_word' id='word_1_201' title='bbox 345 2351 579 2415; x_wconf 91' lang='lat' dir='ltr'><strong>contentionum</strong></span> <span class='ocrx_word' id='word_1_202' title='bbox 601 2372 668 2414; x_wconf 89' lang='lat' dir='ltr'><strong>osse</strong></span> <span class='ocrx_word' id='word_1_203' title='bbox 696 2350 857 2426; x_wconf 88' lang='lat' dir='ltr'><strong>voluisset;</strong></span> <span class='ocrx_word' id='word_1_204' title='bbox 895 2370 954 2413; x_wconf 95' lang='lat' dir='ltr'><strong>oro</strong></span> <span class='ocrx_word' id='word_1_205' title='bbox 976 2348 1179 2434; x_wconf 87' lang='lat' dir='ltr'><strong>obtestorque</strong></span> <span class='ocrx_word' id='word_1_206' title='bbox 1208 2359 1237 2413; x_wconf 86' lang='lat' dir='ltr'><strong>te</strong></span> <span class='ocrx_word' id='word_1_207' title='bbox 1270 2371 1330 2435; x_wconf 93' lang='lat' dir='ltr'><strong>pro</strong></span> <span class='ocrx_word' id='word_1_208' title='bbox 1359 2360 1466 2417; x_wconf 83' lang='lat' dir='ltr'><strong>vetere</strong></span> 
     </span>
     <span class='ocr_line' id='line_1_23' title="bbox 144 2441 1468 2529; baseline -0.001 -19"><span class='ocrx_word' id='word_1_209' title='bbox 144 2455 251 2511; x_wconf 91' lang='lat' dir='ltr'><strong>nostra</strong></span> <span class='ocrx_word' id='word_1_210' title='bbox 280 2445 498 2510; x_wconf 88' lang='lat' dir='ltr'><strong>coniunctione</strong></span> <span class='ocrx_word' id='word_1_211' title='bbox 527 2466 563 2508; x_wconf 91' lang='lat' dir='ltr'><strong>ac</strong></span> <span class='ocrx_word' id='word_1_212' title='bbox 596 2443 823 2508; x_wconf 90' lang='lat' dir='ltr'><strong>necessitudine</strong></span> <span class='ocrx_word' id='word_1_213' title='bbox 845 2462 967 2529; x_wconf 91' lang='lat' dir='ltr'><strong>proque</strong></span> <span class='ocrx_word' id='word_1_214' title='bbox 990 2463 1108 2506; x_wconf 91' lang='lat' dir='ltr'><strong>summa</strong></span> <span class='ocrx_word' id='word_1_215' title='bbox 1131 2464 1200 2506; x_wconf 87' lang='lat' dir='ltr'><strong>mea</strong></span> <span class='ocrx_word' id='word_1_216' title='bbox 1222 2443 1253 2507; x_wconf 91' lang='lat' dir='ltr'><strong>in</strong></span> <span class='ocrx_word' id='word_1_217' title='bbox 1276 2454 1307 2507; x_wconf 90' lang='lat' dir='ltr'><strong>te</strong></span> <span class='ocrx_word' id='word_1_218' title='bbox 1329 2441 1468 2509; x_wconf 89' lang='lat' dir='ltr'><strong>benevo-</strong></span> 
     </span>
     <span class='ocr_line' id='line_1_24' title="bbox 145 2535 1463 2623; baseline -0.002 -20"><span class='ocrx_word' id='word_1_219' title='bbox 145 2540 238 2603; x_wconf 89' lang='lat' dir='ltr'><strong>lentia</strong></span> <span class='ocrx_word' id='word_1_220' title='bbox 259 2547 291 2602; x_wconf 88' lang='lat' dir='ltr'><strong>et</strong></span> <span class='ocrx_word' id='word_1_221' title='bbox 312 2547 364 2602; x_wconf 92' lang='lat' dir='ltr'><strong>tua</strong></span> <span class='ocrx_word' id='word_1_222' title='bbox 386 2539 417 2602; x_wconf 92' lang='lat' dir='ltr'><strong>in</strong></span> <span class='ocrx_word' id='word_1_223' title='bbox 439 2561 488 2603; x_wconf 93' lang='lat' dir='ltr'><strong>me</strong></span> <span class='ocrx_word' id='word_1_224' title='bbox 509 2538 593 2623; x_wconf 91' lang='lat' dir='ltr'><strong>pari,</strong></span> <span class='ocrx_word' id='word_1_225' title='bbox 617 2548 647 2601; x_wconf 92' lang='lat' dir='ltr'><strong>te</strong></span> <span class='ocrx_word' id='word_1_226' title='bbox 669 2547 704 2602; x_wconf 96' lang='lat' dir='ltr'><strong>ut</strong></span> <span class='ocrx_word' id='word_1_227' title='bbox 724 2536 832 2609; x_wconf 90' lang='lat' dir='ltr'><strong>nohis,</strong></span> <span class='ocrx_word' id='word_1_228' title='bbox 856 2535 991 2621; x_wconf 86' lang='lat' dir='ltr'><strong>parenti,</strong></span> <span class='ocrx_word' id='word_1_229' title='bbox 1014 2536 1141 2620; x_wconf 81' lang='lat' dir='ltr'><strong>coniugi</strong></span> <span class='ocrx_word' id='word_1_230' title='bbox 1162 2536 1286 2622; x_wconf 87' lang='lat' dir='ltr'><strong>tuisque</strong></span> <span class='ocrx_word' id='word_1_231' title='bbox 1308 2537 1463 2611; x_wconf 89' lang='lat' dir='ltr'><strong>omnihus,</strong></span> 
     </span>
     <span class='ocr_line' id='line_1_25' title="bbox 146 2629 1467 2720; baseline -0.002 -23"><span class='ocrx_word' id='word_1_232' title='bbox 146 2631 258 2718; x_wconf 92' lang='lat' dir='ltr'><strong>quihus</strong></span> <span class='ocrx_word' id='word_1_233' title='bbox 281 2653 314 2696; x_wconf 91' lang='lat' dir='ltr'><strong>es</strong></span> <span class='ocrx_word' id='word_1_234' title='bbox 336 2631 481 2720; x_wconf 85' lang='lat' dir='ltr'><strong>fuistique</strong></span> <span class='ocrx_word' id='word_1_235' title='bbox 503 2653 629 2717; x_wconf 89' lang='lat' dir='ltr'><strong>semper</strong></span> <span class='ocrx_word' id='word_1_236' title='bbox 656 2630 850 2702; x_wconf 89' lang='lat' dir='ltr'><strong>carissimus,</strong></span> <span class='ocrx_word' id='word_1_237' title='bbox 887 2629 1008 2693; x_wconf 88' lang='lat' dir='ltr'><strong>salvum</strong></span> <span class='ocrx_word' id='word_1_238' title='bbox 1043 2649 1226 2705; x_wconf 86' lang='lat' dir='ltr'><strong>conserves;</strong></span> <span class='ocrx_word' id='word_1_239' title='bbox 1263 2630 1467 2695; x_wconf 89' lang='lat' dir='ltr'><strong>incolumitati</strong></span> 
     </span>
     <span class='ocr_line' id='line_1_26' title="bbox 147 2722 1505 2811; baseline -0.001 -22"><span class='ocrx_word' id='word_1_240' title='bbox 147 2735 215 2790; x_wconf 87' lang='lat' dir='ltr'><strong>tuae</strong></span> <span class='ocrx_word' id='word_1_241' title='bbox 236 2735 435 2811; x_wconf 90' lang='lat' dir='ltr'><strong>tuorumque,</strong></span> <span class='ocrx_word' id='word_1_242' title='bbox 458 2725 511 2810; x_wconf 93' lang='lat' dir='ltr'><strong>qui</strong></span> <span class='ocrx_word' id='word_1_243' title='bbox 534 2734 626 2789; x_wconf 85' lang='lat' dir='ltr'><strong>exte</strong></span> <span class='ocrx_word' id='word_1_244' title='bbox 649 2723 793 2809; x_wconf 89' lang='lat' dir='ltr'><strong>pendent,</strong></span> <span class='ocrx_word' id='word_1_245' title='bbox 816 2723 975 2799; x_wconf 86' lang='lat' dir='ltr'><strong>consulas;</strong></span> <span class='ocrx_word' id='word_1_246' title='bbox 998 2740 1078 2808; x_wconf 89' lang='lat' dir='ltr'><strong>quae</strong></span> <span class='ocrx_word' id='word_1_247' title='bbox 1101 2722 1235 2786; x_wconf 93' lang='lat' dir='ltr'><strong>didicisti</strong></span> <span class='ocrx_word' id='word_1_248' title='bbox 1255 2744 1398 2809; x_wconf 89' lang='lat' dir='ltr'><strong>quaeque</strong></span> <span class='ocrx_word' id='word_1_249' title='bbox 1427 2722 1505 2788; x_wconf 77' lang='lat' dir='ltr'><strong>abo</strong></span> 
     </span>
     <span class='ocr_line' id='line_1_27' title="bbox 146 2815 1466 2903; baseline -0.003 -19"><span class='ocrx_word' id='word_1_250' title='bbox 146 2819 353 2884; x_wconf 87' lang='lat' dir='ltr'><strong>adolescentia</strong></span> <span class='ocrx_word' id='word_1_251' title='bbox 376 2817 584 2903; x_wconf 91' lang='lat' dir='ltr'><strong>pulcherrime</strong></span> <span class='ocrx_word' id='word_1_252' title='bbox 606 2840 624 2881; x_wconf 93' lang='lat' dir='ltr'><strong>a</strong></span> <span class='ocrx_word' id='word_1_253' title='bbox 651 2815 886 2902; x_wconf 89' lang='lat' dir='ltr'><strong>sapientissimis</strong></span> <span class='ocrx_word' id='word_1_254' title='bbox 908 2816 984 2880; x_wconf 88' lang='lat' dir='ltr'><strong>viris</strong></span> <span class='ocrx_word' id='word_1_255' title='bbox 1007 2815 1117 2880; x_wconf 89' lang='lat' dir='ltr'><strong>tradita</strong></span> <span class='ocrx_word' id='word_1_256' title='bbox 1139 2817 1292 2881; x_wconf 80' lang='lat' dir='ltr'><strong>memoria</strong></span> <span class='ocrx_word' id='word_1_257' title='bbox 1315 2825 1346 2879; x_wconf 91' lang='lat' dir='ltr'><strong>et</strong></span> <span class='ocrx_word' id='word_1_258' title='bbox 1367 2815 1466 2880; x_wconf 88' lang='lat' dir='ltr'><strong>scien·</strong></span> 
     </span>
     <span class='ocr_line' id='line_1_28' title="bbox 146 2909 1467 2998; baseline -0.004 -21"><span class='ocrx_word' id='word_1_259' title='bbox 146 2912 187 2977; x_wconf 81' lang='lat' dir='ltr'><strong>tia</strong></span> <span class='ocrx_word' id='word_1_260' title='bbox 209 2912 486 2998; x_wconf 89' lang='lat' dir='ltr'><strong>comprehendisti,</strong></span> <span class='ocrx_word' id='word_1_261' title='bbox 510 2912 548 2976; x_wconf 89' lang='lat' dir='ltr'><strong>iis</strong></span> <span class='ocrx_word' id='word_1_262' title='bbox 570 2910 629 2975; x_wconf 92' lang='lat' dir='ltr'><strong>hoc</strong></span> <span class='ocrx_word' id='word_1_263' title='bbox 651 2922 792 2995; x_wconf 90' lang='lat' dir='ltr'><strong>temporo</strong></span> <span class='ocrx_word' id='word_1_264' title='bbox 813 2919 919 2988; x_wconf 88' lang='lat' dir='ltr'><strong>utare;</strong></span> <span class='ocrx_word' id='word_1_265' title='bbox 943 2930 1021 2995; x_wconf 90' lang='lat' dir='ltr'><strong>quos</strong></span> <span class='ocrx_word' id='word_1_266' title='bbox 1041 2909 1222 2974; x_wconf 92' lang='lat' dir='ltr'><strong>coniunctos</strong></span> <span class='ocrx_word' id='word_1_267' title='bbox 1237 2931 1357 2974; x_wconf 91' lang='lat' dir='ltr'><strong>summa</strong></span> <span class='ocrx_word' id='word_1_268' title='bbox 1372 2909 1467 2973; x_wconf 92' lang='lat' dir='ltr'><strong>hene·</strong></span> 
     </span>
     <span class='ocr_line' id='line_1_29' title="bbox 146 3001 1466 3091; baseline -0.003 -20"><span class='ocrx_word' id='word_1_269' title='bbox 146 3006 281 3071; x_wconf 90' lang='lat' dir='ltr'><strong>volentia</strong></span> <span class='ocrx_word' id='word_1_270' title='bbox 307 3005 511 3091; x_wconf 90' lang='lat' dir='ltr'><strong>plurimisque</strong></span> <span class='ocrx_word' id='word_1_271' title='bbox 533 3004 643 3068; x_wconf 86' lang='lat' dir='ltr'><strong>officiis</strong></span> <span class='ocrx_word' id='word_1_272' title='bbox 665 3003 810 3075; x_wconf 89' lang='lat' dir='ltr'><strong>amisisti,</strong></span> <span class='ocrx_word' id='word_1_273' title='bbox 848 3024 959 3068; x_wconf 89' lang='lat' dir='ltr'><strong>eorum</strong></span> <span class='ocrx_word' id='word_1_274' title='bbox 988 3001 1196 3076; x_wconf 90' lang='lat' dir='ltr'><strong>desidorium,</strong></span> <span class='ocrx_word' id='word_1_275' title='bbox 1230 3004 1341 3067; x_wconf 90' lang='lat' dir='ltr'><strong>sinon</strong></span> <span class='ocrx_word' id='word_1_276' title='bbox 1364 3023 1466 3089; x_wconf 89' lang='lat' dir='ltr'><strong>aequo</strong></span> 
     </span>
     <span class='ocr_line' id='line_1_30' title="bbox 146 3090 1466 3182; baseline -0.003 -18"><span class='ocrx_word' id='word_1_277' title='bbox 146 3100 266 3174; x_wconf 88' lang='lat' dir='ltr'><strong>animo,</strong></span> <span class='ocrx_word' id='word_1_278' title='bbox 288 3107 319 3163; x_wconf 84' lang='lat' dir='ltr'><strong>at</strong></span> <span class='ocrx_word' id='word_1_279' title='bbox 340 3097 414 3163; x_wconf 88' lang='lat' dir='ltr'><strong>sorti</strong></span> <span class='ocrx_word' id='word_1_280' title='bbox 437 3098 528 3161; x_wconf 85' lang='lat' dir='ltr'><strong>seras.</strong></span> <span class='ocrx_word' id='word_1_281' title='bbox 572 3103 602 3161; x_wconf 88' lang='lat'><strong>3.</strong></span> <span class='ocrx_word' id='word_1_282' title='bbox 624 3090 706 3182; x_wconf 81' lang='lat' dir='ltr'><strong>Ego,</strong></span> <span class='ocrx_word' id='word_1_283' title='bbox 730 3097 806 3182; x_wconf 96' lang='lat' dir='ltr'><strong>quid</strong></span> <span class='ocrx_word' id='word_1_284' title='bbox 827 3101 961 3181; x_wconf 90' lang='lat' dir='ltr'><strong>possim,</strong></span> <span class='ocrx_word' id='word_1_285' title='bbox 984 3095 1090 3160; x_wconf 89' lang='lat' dir='ltr'><strong>nescio</strong></span> <span class='ocrx_word' id='word_1_286' title='bbox 1105 3096 1153 3159; x_wconf 86' lang='lat' dir='ltr'><strong>vel</strong></span> <span class='ocrx_word' id='word_1_287' title='bbox 1168 3096 1272 3180; x_wconf 90' lang='lat' dir='ltr'><strong>potius</strong></span> <span class='ocrx_word' id='word_1_288' title='bbox 1289 3118 1338 3160; x_wconf 90' lang='lat' dir='ltr'><strong>me</strong></span> <span class='ocrx_word' id='word_1_289' title='bbox 1353 3117 1466 3182; x_wconf 91' lang='lat' dir='ltr'><strong>parum</strong></span> 
     </span>
     <span class='ocr_line' id='line_1_31' title="bbox 146 3187 1504 3278; baseline -0.006 -21"><span class='ocrx_word' id='word_1_290' title='bbox 146 3213 239 3278; x_wconf 89' lang='lat' dir='ltr'><strong>posse</strong></span> <span class='ocrx_word' id='word_1_291' title='bbox 260 3191 377 3269; x_wconf 86' lang='lat' dir='ltr'><strong>sentio;</strong></span> <span class='ocrx_word' id='word_1_292' title='bbox 413 3191 490 3257; x_wconf 90' lang='lat' dir='ltr'><strong>illud</strong></span> <span class='ocrx_word' id='word_1_293' title='bbox 512 3200 614 3254; x_wconf 90' lang='lat' dir='ltr'><strong>tamen</strong></span> <span class='ocrx_word' id='word_1_294' title='bbox 635 3189 692 3254; x_wconf 90' lang='lat' dir='ltr'><strong>tihi</strong></span> <span class='ocrx_word' id='word_1_295' title='bbox 714 3190 883 3275; x_wconf 89' lang='lat' dir='ltr'><strong>polliceor,</strong></span> <span class='ocrx_word' id='word_1_296' title='bbox 906 3210 972 3263; x_wconf 87' lang='lat' dir='ltr'><strong>rno,</strong></span> <span class='ocrx_word' id='word_1_297' title='bbox 996 3209 1199 3274; x_wconf 90' lang='lat' dir='ltr'><strong>quaecunque</strong></span> <span class='ocrx_word' id='word_1_298' title='bbox 1221 3189 1312 3253; x_wconf 91' lang='lat' dir='ltr'><strong>saluti</strong></span> <span class='ocrx_word' id='word_1_299' title='bbox 1335 3187 1504 3272; x_wconf 78' lang='lat' dir='ltr'><strong>dignita-m</strong></span> 
     </span>
     <span class='ocr_line' id='line_1_32' title="bbox 146 3280 1465 3371; baseline -0.005 -21"><span class='ocrx_word' id='word_1_300' title='bbox 146 3290 233 3371; x_wconf 88' lang='lat' dir='ltr'><strong>tique</strong></span> <span class='ocrx_word' id='word_1_301' title='bbox 262 3296 333 3351; x_wconf 88' lang='lat' dir='ltr'><strong>tuae</strong></span> <span class='ocrx_word' id='word_1_302' title='bbox 365 3285 540 3349; x_wconf 88' lang='lat' dir='ltr'><strong>conducere</strong></span> <span class='ocrx_word' id='word_1_303' title='bbox 569 3283 767 3357; x_wconf 87' lang='lat' dir='ltr'><strong>arbitrabor,</strong></span> <span class='ocrx_word' id='word_1_304' title='bbox 805 3292 889 3347; x_wconf 89' lang='lat' dir='ltr'><strong>tanto</strong></span> <span class='ocrx_word' id='word_1_305' title='bbox 917 3281 1021 3346; x_wconf 89' lang='lat' dir='ltr'><strong>studio</strong></span> <span class='ocrx_word' id='word_1_306' title='bbox 1055 3303 1123 3345; x_wconf 88' lang='lat' dir='ltr'><strong>esse</strong></span> <span class='ocrx_word' id='word_1_307' title='bbox 1150 3280 1319 3354; x_wconf 77' lang='lat' dir='ltr'><strong>facturum,</strong></span> <span class='ocrx_word' id='word_1_308' title='bbox 1349 3291 1465 3366; x_wconf 87' lang='lat' dir='ltr'><strong>quanto</strong></span> 
     </span>
     <span class='ocr_line' id='line_1_33' title="bbox 146 3374 1467 3465; baseline -0.005 -21"><span class='ocrx_word' id='word_1_309' title='bbox 146 3401 272 3465; x_wconf 89' lang='lat' dir='ltr'><strong>semper</strong></span> <span class='ocrx_word' id='word_1_310' title='bbox 292 3388 327 3443; x_wconf 96' lang='lat' dir='ltr'><strong>tu</strong></span> <span class='ocrx_word' id='word_1_311' title='bbox 349 3389 380 3443; x_wconf 88' lang='lat' dir='ltr'><strong>et</strong></span> <span class='ocrx_word' id='word_1_312' title='bbox 401 3378 503 3443; x_wconf 88' lang='lat' dir='ltr'><strong>studio</strong></span> <span class='ocrx_word' id='word_1_313' title='bbox 526 3386 557 3441; x_wconf 89' lang='lat' dir='ltr'><strong>ot</strong></span> <span class='ocrx_word' id='word_1_314' title='bbox 578 3378 682 3442; x_wconf 88' lang='lat' dir='ltr'><strong>ollicio</strong></span> <span class='ocrx_word' id='word_1_315' title='bbox 705 3377 737 3440; x_wconf 94' lang='lat' dir='ltr'><strong>iu</strong></span> <span class='ocrx_word' id='word_1_316' title='bbox 759 3377 836 3439; x_wconf 91' lang='lat' dir='ltr'><strong>meis</strong></span> <span class='ocrx_word' id='word_1_317' title='bbox 858 3374 953 3439; x_wconf 93' lang='lat' dir='ltr'><strong>rebus</strong></span> <span class='ocrx_word' id='word_1_318' title='bbox 976 3375 1070 3439; x_wconf 87' lang='lat' dir='ltr'><strong>luisti.</strong></span> <span class='ocrx_word' id='word_1_319' title='bbox 1124 3378 1211 3438; x_wconf 86' lang='lat' dir='ltr'><strong>Hanc</strong></span> <span class='ocrx_word' id='word_1_320' title='bbox 1233 3396 1334 3438; x_wconf 90' lang='lat' dir='ltr'><strong>meam</strong></span> <span class='ocrx_word' id='word_1_321' title='bbox 1355 3374 1467 3438; x_wconf 88' lang='lat' dir='ltr'><strong>volun·</strong></span> 
     </span>
     <span class='ocr_line' id='line_1_34' title="bbox 146 3466 1466 3555; baseline -0.006 -18"><span class='ocrx_word' id='word_1_322' title='bbox 146 3483 241 3537; x_wconf 90' lang='lat' dir='ltr'><strong>tatem</strong></span> <span class='ocrx_word' id='word_1_323' title='bbox 263 3473 302 3536; x_wconf 87' lang='lat' dir='ltr'><strong>ad</strong></span> <span class='ocrx_word' id='word_1_324' title='bbox 323 3481 452 3536; x_wconf 91' lang='lat' dir='ltr'><strong>matrem</strong></span> <span class='ocrx_word' id='word_1_325' title='bbox 476 3480 576 3544; x_wconf 84' lang='lat' dir='ltr'><strong>tuam,</strong></span> <span class='ocrx_word' id='word_1_326' title='bbox 608 3476 757 3555; x_wconf 91' lang='lat' dir='ltr'><strong>optimam</strong></span> <span class='ocrx_word' id='word_1_327' title='bbox 779 3468 928 3532; x_wconf 84' lang='lat' dir='ltr'><strong>feminam</strong></span> <span class='ocrx_word' id='word_1_328' title='bbox 949 3468 1056 3552; x_wconf 91' lang='lat' dir='ltr'><strong>tuique</strong></span> <span class='ocrx_word' id='word_1_329' title='bbox 1078 3467 1332 3540; x_wconf 87' lang='lat' dir='ltr'><strong>amantissimam,</strong></span> <span class='ocrx_word' id='word_1_330' title='bbox 1359 3466 1466 3531; x_wconf 91' lang='lat' dir='ltr'><strong>detuli.</strong></span> 
     </span>
     <span class='ocr_line' id='line_1_35' title="bbox 147 3561 1466 3652; baseline -0.007 -22"><span class='ocrx_word' id='word_1_331' title='bbox 147 3566 179 3630; x_wconf 86' lang='lat' dir='ltr'><strong>si</strong></span> <span class='ocrx_word' id='word_1_332' title='bbox 202 3566 278 3652; x_wconf 93' lang='lat' dir='ltr'><strong>quid</strong></span> <span class='ocrx_word' id='word_1_333' title='bbox 299 3566 338 3629; x_wconf 88' lang='lat' dir='ltr'><strong>ad</strong></span> <span class='ocrx_word' id='word_1_334' title='bbox 360 3587 408 3629; x_wconf 92' lang='lat' dir='ltr'><strong>me</strong></span> <span class='ocrx_word' id='word_1_335' title='bbox 431 3565 609 3649; x_wconf 90' lang='lat' dir='ltr'><strong>scripseris,</strong></span> <span class='ocrx_word' id='word_1_336' title='bbox 633 3565 675 3627; x_wconf 92' lang='lat' dir='ltr'><strong>ita</strong></span> <span class='ocrx_word' id='word_1_337' title='bbox 697 3562 822 3635; x_wconf 84' lang='lat' dir='ltr'><strong>faciam,</strong></span> <span class='ocrx_word' id='word_1_338' title='bbox 845 3571 880 3625; x_wconf 96' lang='lat' dir='ltr'><strong>ut</strong></span> <span class='ocrx_word' id='word_1_339' title='bbox 901 3571 932 3624; x_wconf 89' lang='lat' dir='ltr'><strong>te</strong></span> <span class='ocrx_word' id='word_1_340' title='bbox 954 3561 1034 3625; x_wconf 88' lang='lat' dir='ltr'><strong>velle</strong></span> <span class='ocrx_word' id='word_1_341' title='bbox 1055 3561 1249 3625; x_wconf 80' lang='lat' dir='ltr'><strong>intellexero.</strong></span> <span class='ocrx_word' id='word_1_342' title='bbox 1293 3561 1347 3625; x_wconf 85' lang='lat' dir='ltr'><strong>Sin</strong></span> <span class='ocrx_word' id='word_1_343' title='bbox 1362 3570 1466 3623; x_wconf 90' lang='lat' dir='ltr'><strong>autem</strong></span> 
     </span>
    </p>
   </div>
   <div class='ocr_carea' id='block_1_5' title="bbox 147 3651 1505 3837">
    <p class='ocr_par' dir='ltr' id='par_1_10' title="bbox 147 3651 1505 3837">
     <span class='ocr_line' id='line_1_36' title="bbox 147 3651 1505 3744; baseline -0.01 -18"><span class='ocrx_word' id='word_1_344' title='bbox 147 3671 181 3727; x_wconf 91' lang='lat' dir='ltr'><strong>tu</strong></span> <span class='ocrx_word' id='word_1_345' title='bbox 203 3661 306 3725; x_wconf 91' lang='lat' dir='ltr'><strong>minus</strong></span> <span class='ocrx_word' id='word_1_346' title='bbox 329 3659 505 3744; x_wconf 88' lang='lat' dir='ltr'><strong>scripseris,</strong></span> <span class='ocrx_word' id='word_1_347' title='bbox 529 3679 588 3742; x_wconf 84' lang='lat' dir='ltr'><strong>ego</strong></span> <span class='ocrx_word' id='word_1_348' title='bbox 614 3667 717 3722; x_wconf 90' lang='lat' dir='ltr'><strong>tamen</strong></span> <span class='ocrx_word' id='word_1_349' title='bbox 739 3655 860 3729; x_wconf 89' lang='lat' dir='ltr'><strong>omnia,</strong></span> <span class='ocrx_word' id='word_1_350' title='bbox 891 3676 970 3740; x_wconf 91' lang='lat' dir='ltr'><strong>quac</strong></span> <span class='ocrx_word' id='word_1_351' title='bbox 993 3653 1047 3718; x_wconf 89' lang='lat' dir='ltr'><strong>tihi</strong></span> <span class='ocrx_word' id='word_1_352' title='bbox 1069 3655 1156 3719; x_wconf 85' lang='lat' dir='ltr'><strong>utilia</strong></span> <span class='ocrx_word' id='word_1_353' title='bbox 1179 3676 1247 3719; x_wconf 88' lang='lat' dir='ltr'><strong>esse</strong></span> <span class='ocrx_word' id='word_1_354' title='bbox 1269 3651 1505 3729; x_wconf 55' lang='lat' dir='ltr'><strong>arbitratione</strong></span> 
     </span>
     <span class='ocr_line' id='line_1_37' title="bbox 147 3748 923 3837; baseline -0.008 -19"><span class='ocrx_word' id='word_1_355' title='bbox 147 3775 271 3818; x_wconf 89' lang='lat' dir='ltr'><strong>summo</strong></span> <span class='ocrx_word' id='word_1_356' title='bbox 293 3752 396 3818; x_wconf 91' lang='lat' dir='ltr'><strong>studio</strong></span> <span class='ocrx_word' id='word_1_357' title='bbox 418 3753 645 3837; x_wconf 80' lang='lat' dir='ltr'><strong>diligenterque</strong></span> <span class='ocrx_word' id='word_1_358' title='bbox 667 3748 795 3815; x_wconf 91' lang='lat' dir='ltr'><strong>curabo.</strong></span> <span class='ocrx_word' id='word_1_359' title='bbox 837 3750 923 3813; x_wconf 85' lang='lat' dir='ltr'><strong>Vale.</strong></span> 
     </span>
    </p>
   </div>
   <div class='ocr_carea' id='block_1_6' title="bbox 146 3929 1467 4139">
    <p class='ocr_par' dir='ltr' id='par_1_11' title="bbox 146 3929 1467 4139">
     <span class='ocr_line' id='line_1_38' title="bbox 217 3929 1467 3996; baseline -0.004 -12"><span class='ocrx_word' id='word_1_360' title='bbox 217 3935 245 3985; x_wconf 74' lang='grc'><strong>1.</strong></span> <span class='ocrx_word' id='word_1_361' title='bbox 265 3932 326 3996; x_wconf 75' lang='lat' dir='ltr'><strong>erse]</strong></span> <span class='ocrx_word' id='word_1_362' title='bbox 345 3942 382 3983; x_wconf 75' lang='lat' dir='ltr'><strong>est</strong></span> <span class='ocrx_word' id='word_1_363' title='bbox 401 3935 437 3984; x_wconf 85' lang='grc' dir='ltr'><strong>Μ.</strong></span> <span class='ocrx_word' id='word_1_364' title='bbox 464 3957 498 3971; x_wconf 89' lang='grc'>-</span> <span class='ocrx_word' id='word_1_365' title='bbox 534 3933 577 3983; x_wconf 90' lang='grc'><strong>13.</strong></span> <span class='ocrx_word' id='word_1_366' title='bbox 597 3933 665 3982; x_wconf 76' lang='lat' dir='ltr'><strong>desse</strong></span> <span class='ocrx_word' id='word_1_367' title='bbox 682 3932 720 3982; x_wconf 87' lang='lat' dir='ltr'><strong>M.</strong></span> <span class='ocrx_word' id='word_1_368' title='bbox 748 3957 777 3967; x_wconf 93' lang='lat'>-</span> <span class='ocrx_word' id='word_1_369' title='bbox 815 3929 859 3979; x_wconf 73' lang='lat' dir='ltr'><strong>ld.</strong></span> <span class='ocrx_word' id='word_1_370' title='bbox 877 3937 938 3979; x_wconf 76' lang='lat' dir='ltr'><strong>sunt</strong></span> <span class='ocrx_word' id='word_1_371' title='bbox 954 3944 1039 3990; x_wconf 82' lang='lat' dir='ltr'><strong>nunc,</strong></span> <span class='ocrx_word' id='word_1_372' title='bbox 1070 3937 1147 3993; x_wconf 80' lang='lat' dir='ltr'><strong>atque</strong></span> <span class='ocrx_word' id='word_1_373' title='bbox 1165 3932 1243 3979; x_wconf 80' lang='lat' dir='ltr'><strong>ettam</strong></span> <span class='ocrx_word' id='word_1_374' title='bbox 1261 3931 1342 3979; x_wconf 85' lang='lat' dir='ltr'><strong>multo</strong></span> <span class='ocrx_word' id='word_1_375' title='bbox 1361 3930 1467 3980; x_wconf 86' lang='lat' dir='ltr'><strong>Lumbi-</strong></span> 
     </span>
     <span class='ocr_line' id='line_1_39' title="bbox 149 4000 1467 4067; baseline -0.003 -12"><span class='ocrx_word' id='word_1_376' title='bbox 149 4019 200 4055; x_wconf 80' lang='lat' dir='ltr'><strong>nos</strong></span> <span class='ocrx_word' id='word_1_377' title='bbox 220 4007 247 4055; x_wconf 86' lang='lat' dir='ltr'><strong>in</strong></span> <span class='ocrx_word' id='word_1_378' title='bbox 266 4019 321 4065; x_wconf 77' lang='lat' dir='ltr'><strong>mg.</strong></span> <span class='ocrx_word' id='word_1_379' title='bbox 340 4006 433 4067; x_wconf 83' lang='lat' dir='ltr'><strong>Repet.</strong></span> <span class='ocrx_word' id='word_1_380' title='bbox 465 4029 487 4037; x_wconf 97' lang='lat'>-</span> <span class='ocrx_word' id='word_1_381' title='bbox 530 4000 991 4065; x_wconf 74' lang='lat' dir='ltr'><strong>17.p01oosesl1:posmll.-</strong></span> <span class='ocrx_word' id='word_1_382' title='bbox 1029 4001 1072 4050; x_wconf 83' lang='grc'><strong>19.</strong></span> <span class='ocrx_word' id='word_1_383' title='bbox 1093 4000 1241 4064; x_wconf 79' lang='lat' dir='ltr'><strong>quiquohl.</strong></span> <span class='ocrx_word' id='word_1_384' title='bbox 1261 4027 1289 4037; x_wconf 93' lang='lat'>-</span> <span class='ocrx_word' id='word_1_385' title='bbox 1328 4000 1372 4050; x_wconf 76' lang='lat'><strong>25.</strong></span> <span class='ocrx_word' id='word_1_386' title='bbox 1392 4002 1467 4064; x_wconf 78' lang='lat' dir='ltr'><strong>quio</strong></span> 
     </span>
     <span class='ocr_line' id='line_1_40' title="bbox 146 4073 559 4139; baseline -0.007 -12"><span class='ocrx_word' id='word_1_387' title='bbox 146 4077 259 4139; x_wconf 67' lang='lat' dir='ltr'><strong>perdent</strong></span> <span class='ocrx_word' id='word_1_388' title='bbox 276 4075 313 4127; x_wconf 81' lang='lat' dir='ltr'><strong>hl.</strong></span> <span class='ocrx_word' id='word_1_389' title='bbox 335 4098 366 4111; x_wconf 91' lang='lat'>-</span> <span class='ocrx_word' id='word_1_390' title='bbox 403 4074 445 4123; x_wconf 82' lang='lat'><strong>27.</strong></span> <span class='ocrx_word' id='word_1_391' title='bbox 464 4074 504 4122; x_wconf 76' lang='lat' dir='ltr'><strong>hta</strong></span> <span class='ocrx_word' id='word_1_392' title='bbox 521 4073 559 4124; x_wconf 85' lang='grc' dir='ltr'><strong>Μ.</strong></span> 
     </span>
    </p>
   </div>
   <div class='ocr_carea' id='block_1_7' title="bbox 0 0 1644 5400">
    <p class='ocr_par' dir='ltr' id='par_1_12' title="bbox 0 0 1644 5400">
     <span class='ocr_line' id='line_1_41' title="bbox 0 0 1644 5400; baseline 0 0"><span class='ocrx_word' id='word_1_393' title='bbox 0 0 1644 5400; x_wconf 95' lang='lat' dir='ltr'><strong> </strong></span> 
     </span>
    </p>
   </div>
  </div>
 </body>
</html>
