3256 5400
611 250 685 314 ult.
707 250 745 314 ll.
787 249 847 314 ΕΡ.
892 250 943 315 fb.
966 250 1016 314 fd.
1429 258 1468 321 at

145 406 313 471 sollicitum
343 403 494 470 baberent
522 425 616 490 quam
644 412 755 472 tuum?
795 411 871 471 Nam
899 426 963 470 uon
985 426 1054 472 earn
1076 408 1210 491 cognovi
1232 409 1331 474 aciem
1352 411 1471 496 ingenii

145 502 212 573 tui,
235 498 322 586 quod
342 499 410 585 ipse
432 497 572 572 videam,
596 509 627 562 te
648 499 680 564 id
701 508 737 565 ut
756 520 820 563 nou
837 507 944 584 putem
959 499 1076 565 videre.
1120 501 1199 567 lllud
1216 503 1333 578 miror,
1356 504 1470 571 adduci

145 595 286 680 potuisse
305 602 351 667 te,
381 592 436 678 qui
457 612 508 655 mc
530 592 654 676 penitus
675 614 767 658 nosse
790 592 943 666 deberes,
983 603 1018 658 ut
1039 593 1238 661 existimares
1259 605 1313 661 aut
1333 619 1384 662 me
1406 607 1470 662 tam

146 687 378 774 improvidum,
415 685 468 772 qui
499 684 539 750 ub
568 686 703 750 excitata
727 687 853 752 fortuna
880 686 919 752 ad
941 686 1120 750 inclinatam
1142 698 1173 752 et
1194 710 1294 774 prope
1317 691 1470 758 iacentem

145 780 371 854 desciscerem‚
407 788 461 843 aut
488 786 551 842 tam
578 778 821 853 inconstantem,
858 787 893 844 ut
920 778 1081 844 collectam
1103 781 1234 862 gratiam
1256 781 1493 851 florentissimis

145 873 281 939 bominis
303 872 497 938 effunderem
520 893 538 935 a
559 893 672 957 meque
698 873 765 957 ipse
787 871 955 936 deficerem
977 880 1027 944 et,
1061 871 1145 957 quod
1169 873 1259 938 initio
1281 898 1470 966 semperque

143 968 229 1051 fugi,
252 967 336 1032 civili
353 965 460 1031 bello⁸
452 974 645 1029 interessem.
668 968 699 1029 9.
723 965 816 1042 Quod
832 974 879 1029 est
892 966 989 1049 igitur
1003 985 1134 1038 meum,
1136 967 1242 1038 ,triste
1257 972 1469 1039 consiliuml”

142 1070 178 1127 ut
199 1061 394 1126 discederem
414 1060 578 1125 fortasse'
569 1082 600 1124 ιιι
622 1058 742 1146 aliquas
765 1059 972 1124 solitudines?
994 1059 1082 1122 Nosti
1103 1059 1187 1125 enim
1210 1082 1273 1126 non
1294 1066 1391 1130 modo
1406 1076 1470 1132 sto-

144 1156 244 1221 macbi
266 1156 344 1230 mei,
366 1155 455 1219 cuius
478 1163 511 1218 tu
533 1153 666 1217 similem
689 1152 846 1238 quondam
868 1151 1026 1226 babebas,
1049 1151 1104 1216 sed
1126 1153 1220 1217 etiarn
1242 1158 1446 1224 oculorum⁸
1437 1180 1469 1225 ιιι

142 1249 304 1315 bominum
325 1249 525 1314 insolentium
547 1246 729 1331 indignitate
751 1244 920 1309 fastidium.
970 1243 1096 1308 Accedit
1117 1245 1212 1309 etiam
1239 1249 1371 1315 molesta
1392 1252 1508 1318 baecro

141 1364 257 1430 pompa
278 1342 424 1408 lictorum
445 1361 589 1406 meorum
610 1359 787 1425 nomenque
803 1338 948 1421 imperii,
971 1358 1035 1424 quo
1057 1338 1208 1424 appellor.
1251 1346 1299 1407 Eo
1320 1345 1348 1408 si
1370 1366 1469 1412 onere

142 1455 299 1509 carerem,
336 1436 478 1522 quamvis
500 1434 605 1520 parvis
628 1432 734 1498 ltaliae
756 1430 884 1496 latebris
906 1441 1070 1497 contentus
1093 1454 1203 1499 essem.
1254 1436 1315 1501 Sed
1336 1438 1470 1505 incurrit

144 1530 219 1595 baec
239 1539 346 1596 nostra
368 1531 475 1594 laurus
496 1548 560 1592 non
581 1527 685 1593 solum
706 1526 738 1589 iu
761 1523 887 1598 oculos,
922 1525 978 1589 sed
999 1525 1061 1589 iam
1084 1526 1178 1590 etiam
1200 1527 1233 1591 in
1254 1532 1383 1597 voculas
1405 1555 1471 1599 ma-

143 1623 329 1689 levolorum.
385 1621 478 1700 Quod
500 1620 636 1685 comita
658 1627 756 1692 esset,
779 1618 823 1683 nil
844 1626 947 1682 tamen
970 1639 1107 1705 unquam
1129 1618 1168 1684 de
1191 1622 1386 1706 profectione
1408 1627 1470 1692 uisi

143 1716 233 1782 robis
255 1713 502 1802 approbantibus
524 1711 671 1796 cogitavi.
727 1711 789 1777 Sed
810 1731 880 1774 mea
901 1711 1064 1797 praediola
1081 1711 1136 1776 tibi
1159 1722 1232 1777 nota
1254 1726 1344 1796 sunt;
1365 1720 1397 1783 in
1420 1719 1507 1786 bisin

143 1809 219 1875 mibi
241 1831 369 1874 necesse
392 1817 545 1879 estesse,
575 1826 615 1869 ue
636 1805 743 1870 amicis
765 1805 915 1870 molestus
936 1806 1007 1870 sim.
1054 1806 1148 1883 Quod
1169 1819 1274 1874 autem
1295 1810 1328 1875 in
1350 1813 1471 1878 mariti·

142 1904 201 1968 mis
223 1924 309 1977 sum,
332 1901 479 1966 facillime
501 1918 615 1963 moveo
629 1898 787 1963 nonnullis
802 1899 1014 1984 suspicionem
1028 1901 1110 1965 velle
1124 1921 1175 1964 me
1190 1903 1359 1986 navigare:
1382 1905 1469 1992 quod

141 2006 245 2063 tamen
268 1996 401 2060 fortasse
423 2016 487 2059 non
508 1992 640 2066 nollem,
673 1993 700 2057 si
721 2013 848 2079 possem
870 1991 910 2057 ad
932 1993 1042 2057 otium.
1092 1997 1170 2059 Nam
1198 1995 1239 2061 ad
1259 1995 1377 2062 bellum
1398 1997 1471 2085 qui·

142 2091 213 2156 dem
246 2098 299 2176 qut
332 2088 498 2153 convenit?
528 2085 714 2171 praesertim
736 2097 845 2152 contra
873 2106 962 2160 eum,
998 2085 1049 2150 cui
1071 2106 1166 2170 spero
1189 2109 1238 2152 me
1261 2090 1467 2167 satisfecisse,

142 2183 181 2249 ab
203 2205 259 2257 eo,
283 2182 334 2247 cui
354 2183 417 2246 iam
440 2178 585 2245 satisfieri
606 2178 693 2243 nullo
715 2179 811 2244 modo
831 2183 957 2264 potest?
979 2181 1009 2244 3.
1031 2178 1151 2244 Deinde
1166 2174 1350 2248 sententiam
1365 2205 1507 2250 meamea

142 2289 175 2342 tu
195 2277 343 2342 facillime
363 2273 544 2361 perspicere
572 2270 702 2358 potuisti
723 2271 786 2337 iam
807 2270 847 2335 ab
868 2271 923 2337 illo
944 2279 1108 2358 ternpore,
1145 2293 1217 2340 cum
1237 2275 1270 2339 in
1293 2281 1467 2343 Cumanum

142 2371 217 2436 mibi
239 2370 366 2435 obviam
388 2367 511 2432 venisti.
566 2370 634 2431 Nou
656 2364 741 2429 euim
763 2374 794 2429 te
815 2364 915 2429 celavi
937 2371 1173 2431 sermonemT.
1195 2369 1319 2454 Ampii3
1342 2369 1468 2445 vidisti,

142 2485 237 2551 quam
260 2462 466 2528 abhorrerem
490 2458 529 2524 ab
544 2457 624 2524 urbe
638 2457 854 2544 relinquenda.
898 2459 976 2522 Cum
991 2457 1169 2534 audissem,
1193 2481 1297 2526 nonne
1312 2462 1369 2528 tibi
1385 2464 1469 2528 affin

142 2557 225 2623 mavi
248 2555 373 2643 quidvis
395 2576 444 2618 me
470 2554 575 2640 potius
607 2572 849 2638 perpessurum,
886 2570 980 2635 quam
1002 2571 1044 2615 ex
1065 2551 1152 2616 ltalia
1174 2553 1214 2616 ad
1235 2552 1354 2620 bellum
1376 2555 1468 2621 civile

142 2673 192 2716 me
214 2650 401 2715 exiturum?
425 2646 510 2726 Quid
531 2666 609 2731 ergo
630 2644 757 2719 accidit,
780 2664 838 2708 cur
852 2642 1017 2708 consilium
1033 2650 1213 2710 mutarem?
1241 2652 1350 2714 Nonne
1363 2669 1469 2713 omma
1478 2672 1506 2716 ιι

141 2745 260 2832 potius,
284 2755 318 2809 ut
343 2743 376 2807 in
400 2741 551 2807 sententia
572 2742 811 2826 permanerem?
833 2735 949 2803 Credas
971 2735 1031 2802 boc
1052 2736 1129 2802 mibi
1151 2740 1260 2815 velim,
1284 2742 1369 2829 quod
1391 2751 1468 2829 puto

141 2848 171 2904 te
194 2838 391 2911 existimare,
414 2850 466 2900 me
488 2856 529 2899 ex
552 2834 600 2899 bis
621 2831 757 2897 miseriis
778 2831 855 2896 nibil
876 2830 962 2897 aliud
983 2852 1154 2918 quaerere,
1186 2833 1246 2899 nisi
1268 2842 1303 2898 ut
1324 2833 1468 2900 homines

141 2931 309 3019 aliquando
330 2930 503 3015 intelligant
523 2949 574 2993 rne
595 2926 672 2992 nibil
695 2925 843 2991 maluisse
865 2946 959 3011 quam
981 2945 1118 3012 pacem,
1146 2948 1183 2991 ea
1204 2926 1369 3015 desperata
1391 2929 1468 2994 nibil

141 3035 203 3091 tarn
225 3024 342 3109 fugisse
364 3045 458 3111 quam
479 3042 566 3086 arma
587 3020 701 3085 civilia
732 3018 833 3084 limus
854 3039 905 3082 me
929 3018 1119 3084 constantiae
1141 3031 1219 3106 puto
1240 3021 1310 3086 fore
1332 3033 1367 3090 ut
1388 3044 1468 3089 nun-

141 3141 236 3205 quarn
258 3116 427 3204 poeniteat
470 3115 593 3181 Etenim
607 3111 737 3178 memini
751 3111 785 3177 in
799 3110 990 3198 bocgenere
1007 3112 1137 3196 gloriari
1151 3115 1279 3180 solitum
1294 3137 1363 3181 esse
1378 3115 1469 3181 fami-
1453 3137 1506 3179 -ro

142 3212 253 3278 liarem
276 3211 480 3286 nostrqu.
508 3206 728 3280 Hortensium,
750 3204 836 3292 quod
861 3225 1022 3291 uunquam
1043 3205 1128 3272 bello
1150 3208 1233 3275 civili
1263 3209 1466 3276 interfuisset

141 3309 210 3372 Hoc
231 3314 337 3370 nostra
359 3304 428 3368 laus
450 3303 510 3366 erit
531 3299 702 3374 illustrior,
724 3298 811 3385 quod
831 3297 879 3363 illi
900 3297 1130 3365 tribuebatur
1120 3303 1281 3386 ignaviam
1314 3302 1354 3368 de
1375 3302 1468 3369 nobis

140 3396 172 3462 id
195 3395 371 3463 existimari
392 3416 485 3487 posse
508 3415 570 3458 non
593 3389 741 3458 arbitror.
784 3396 814 3458 4.
836 3396 899 3456 Nec
920 3411 971 3456 mo
993 3392 1052 3458 ista
1074 3400 1213 3469 terrent,
1246 3418 1328 3485 quae
1350 3397 1467 3463 mibia

141 3501 172 3555 te
193 3489 232 3555 ad
255 3490 401 3555 timorem
420 3464 602 3553 fidelissime
615 3495 709 3573 atque
724 3485 935 3550 amantissime
950 3496 1180 3571 proponuntur.
1210 3489 1298 3554 Nulla
1322 3499 1370 3555 est
1384 3491 1468 3555 euim

141 3584 312 3660 acerbitas,
334 3603 414 3670 quae
436 3602 500 3646 nou
516 3578 664 3647 omuibus
679 3578 738 3644 buc
752 3577 840 3645 orbis
855 3584 1013 3643 terrarum
1031 3580 1269 3664 perturbatione
1283 3580 1466 3669 impendere
1478 3607 1506 3650 ιι

140 3678 304 3756 videntum
326 3697 419 3765 quam
442 3674 570 3763 quidem
591 3692 652 3759 ego
673 3694 692 3738 a
713 3669 896 3757 republica
915 3671 995 3736 meis
1016 3671 1147 3758 privatis
1169 3684 1200 3740 et
1221 3675 1430 3741 domesticis
1420 3700 1469 3742 ιιι-

140 3769 315 3836 commodis
343 3766 549 3834 libentissime
581 3767 631 3832 rel
660 3765 728 3832 istis
756 3763 852 3852 ipsis,
888 3785 969 3853 quae
1000 3775 1033 3831 tu
1060 3788 1112 3832 me
1133 3789 1243 3834 mones
1264 3780 1300 3834 ut
1321 3791 1467 3845 caveam,

140 3863 355 3929 redemissem.
413 3864 442 3927 5.
464 3859 544 3926 Filio
565 3879 654 3935 meo,
690 3880 786 3968 quem
807 3856 865 3923 tibi
887 3878 995 3924 carum
1018 3881 1087 3925 esse
1101 3861 1248 3970 gaudeo,
1276 3862 1303 3926 si
1323 3862 1383 3927 erit
1404 3862 1469 3928 ulla

140 3979 193 4022 res
214 3956 355 4044 publica,
388 3954 464 4020 satis
493 3954 631 4041 amplum
653 3951 878 4039 patrimonium
899 3951 1108 4039 relinquam
1098 3976 1131 4019 ru
1153 3957 1306 4021 memoria
1329 3957 1466 4022 nominis

141 4051 213 4115 mei.
256 4049 311 4116 Sin
333 4057 439 4114 autem
459 4048 545 4113 nulla
566 4046 642 4121 erit,
664 4046 743 4112 nibil
764 4044 884 4111 accidet
904 4045 935 4111 ei
956 4047 1125 4134 separatim
1148 4071 1166 4115 a
1187 4049 1318 4137 reliquis
1333 4048 1464 4115 civibus.
1477 4074 1506 4118 to

140 4147 217 4207 Nam
240 4141 325 4229 quod
346 4162 459 4226 rogas,
490 4148 525 4206 ut
545 4139 713 4226 respiciam
735 4159 888 4225 generum
908 4159 1032 4214 meum,
1062 4141 1291 4208 adolescentem
1313 4143 1468 4229 optimum

142 4235 280 4323 mihique
302 4235 515 4309 carissimum,
538 4254 578 4299 an
599 4231 743 4309 dubitas,
764 4232 820 4321 qui
840 4232 938 4308 scias,
965 4234 1072 4319 quanti
1094 4256 1166 4300 curn
1188 4235 1277 4300 illum
1298 4247 1366 4301 tum
1388 4256 1467 4302 rero

142 4329 275 4395 Tulliam
297 4349 401 4393 meam
422 4326 549 4402 faciam,
571 4326 648 4414 quin
669 4347 708 4392 ea
727 4346 779 4391 me
800 4346 877 4392 cura
899 4324 1173 4393 vehementissime
1188 4329 1358 4394 sollicitet?
1380 4337 1413 4394 et
1426 4348 1467 4394 eo

209 4558 235 4607 1.
262 4555 385 4605 bolmont
403 4554 441 4604 n:
467 4554 572 4604 nobem
589 4552 651 4604 ms.
672 4580 701 4591 -
739 4555 766 4605 3.
786 4556 1014 4606 entetimoreroot
1033 4570 1072 4606 me
1091 4564 1145 4606 tom
1173 4558 1222 4608 tt:
1248 4571 1289 4607 ms
1306 4558 1469 4607 ortelium

141 4631 188 4677 oet
211 4632 267 4676 tom
287 4624 317 4675 li.
342 4650 371 4661 -
410 4626 453 4674 17.
472 4636 551 4683 ιιιιιι,
569 4625 692 4690 Mittere
709 4638 800 4675 moveo
817 4638 889 4674 corr.
909 4625 954 4676 bf:
972 4626 1095 4689 soctmm
1116 4641 1190 4687 rum,
1209 4641 1298 4677 moneo
1315 4626 1411 4677 licum
1424 4639 1466 4689 pr.

141 4695 178 4747 ll.
193 4717 222 4732 -
240 4697 285 4747 90.
300 4696 355 4745 tom
372 4692 452 4744 Mart.
473 4694 604 4756 ugone:
625 4701 680 4743 tom
697 4695 742 4757 M,
761 4702 849 4745 tomen
866 4694 897 4744 lt.
918 4720 950 4730 -
974 4695 1018 4745 93.
1039 4697 1081 4745 bu
1101 4697 1165 4746 cnm
1182 4700 1298 4747 eodum
1316 4697 1358 4749 rel
1378 4697 1468 4759 potius

141 4778 197 4815 ιιιιιι
213 4778 272 4814 usn
288 4765 425 4814 audium
442 4763 493 4814 οιι.
532 4765 604 4815 rou.
617 4765 804 4828 coaequando,
823 4778 881 4814 com
894 4759 981 4828 (eum)
1001 4767 1139 4816 caducan.
1176 4769 1266 4818 Nonne
1278 4772 1330 4817 cet.
1350 4766 1466 4818 burn.-

141 4834 183 4885 at.
203 4835 278 4885 etoile
295 4848 335 4884 me
353 4833 399 4885 bt:
423 4834 496 4883 nne
515 4833 545 4884 li.
566 4858 597 4870 -
634 4834 678 4884 33.
698 4837 849 4885 sublimare
867 4834 904 4885 bf.
932 4859 963 4871 -
999 4835 1044 4886 34.
1063 4837 1185 4901 Μῑιιιιιι
1202 4837 1240 4888 Μ.
1261 4859 1292 4873 ·-
1328 4835 1372 4888 33.
1388 4837 1467 4888 relte-

142 4919 219 4969 quom
237 4905 390 4955 morium
407 4903 565 4955 Cratander.
586 4927 616 4940 -
652 4903 697 4955 49.
717 4906 763 4968 qut
781 4904 919 4955 Orelliutz
938 4905 1002 4968 quin
1019 4906 1063 4965 ll,
1082 4919 1139 4956 cum
1158 4907 1187 4956 li.
