3256 5400
181 218 243 283 586
681 218 741 281 ΕΡ.
762 221 815 283 ΔΙ)
836 219 1009 285 ATTlCllbl

180 397 251 440 mus
283 373 410 440 Servius
436 407 493 447 -—,
523 373 579 460 qui
608 371 705 439 lilium
736 375 820 440 misit
846 375 887 441 ad
916 374 1115 461 ellligendum
1145 378 1199 443 Cn.
1228 373 1425 460 Pompeium
1456 379 1513 437 aut

181 478 265 533 certe
286 465 468 552 capiendum
489 486 560 531 cum
580 467 690 533 Pontio
712 468 875 534 Titininno.
932 473 997 534 Etsi
1019 468 1070 534 bic
1091 469 1217 556 quidem
1238 467 1372 535 timoris
1396 486 1510 533 causa:

79 580 82 589 ¹
178 562 232 627 ille
254 565 353 627 vero?
389 559 452 624 Sed
473 560 658 625 stomachari
679 561 857 628 desinamus
876 552 910 627 'et
932 562 1098 647 aliquando
1119 564 1290 629 sentiamus
1311 560 1397 627 nibil
1413 558 1511 625 nobis

180 654 240 719 nisi
260 652 302 728 id,
324 653 409 739 quod
430 653 557 718 minime
578 655 708 730 vellem,
737 656 883 742 spiritum
903 656 1059 743 reliquum
1081 678 1159 722 esse.
1191 663 1220 726 3.
1243 663 1324 731 Nos,
1351 655 1510 743 quoniam

157 768 328 833 ssuperum
349 767 435 811 mare
457 745 634 822 obsidetur,
662 748 764 813 insero
785 748 1015 835 navigabimus;
1048 759 1096 823 et,
1127 751 1154 815 si
1174 751 1311 816 Puteolis
1337 749 1403 814 erit
1427 748 1512 815 diffi-

180 842 255 916 cile,
289 845 455 908 Crotonem
477 851 620 927 petemus
641 851 695 907 aut
716 842 866 920 Tburios;
901 852 932 907 et
959 841 1033 907 boni
1055 847 1159 919 cives,
1193 855 1333 910 amantes
1356 841 1510 929 patriae,

180 956 266 999 mare
286 933 432 1000 infestum
454 934 647 1002 babebimus.
704 935 802 1000 Aliam
835 935 990 1000 rationem
1012 936 1104 1002 buius
1129 935 1203 1002 belli
1225 936 1360 1023 gerendi
1383 935 1509 1001 nullum

181 1027 282 1094 video.
324 1033 359 1093 ln
380 1034 552 1116 Aegyptum
574 1049 631 1095 nos
653 1027 813 1094 abdemus.
856 1030 1004 1094 Exercitu
1024 1051 1115 1115 pares
1136 1051 1204 1096 esso
1226 1052 1289 1096 non
1310 1049 1508 1117 possumus3

179 1120 262 1207 pacis
290 1119 367 1187 fides
400 1122 484 1187 nulla
514 1131 570 1187 est
626 1126 655 1187 3.
678 1123 740 1188 Sed
763 1121 838 1187 baec
858 1124 931 1188 satis
952 1122 1111 1209 deplorata
1133 1133 1213 1189 sunt
1256 1131 1304 1190 Tu
1326 1123 1433 1188 velim
1457 1122 1509 1189 lit-

142 1239 170 1276 m
180 1223 262 1279 teras
284 1214 463 1300 Cephalioni
484 1215 539 1281 des
562 1216 601 1281 de
623 1215 768 1281 omnibus
789 1216 884 1281 rebus
905 1217 1002 1291 actis,
1038 1217 1171 1304 denique
1197 1217 1290 1282 etiam
1311 1217 1355 1282 de
1377 1236 1511 1282 sermo·

178 1307 270 1372 nibus
291 1307 467 1386 bominum;
497 1310 555 1375 nisi
576 1310 667 1396 plano
688 1309 921 1376 obmutuerunt.
974 1314 1040 1394 Ego
1062 1311 1123 1378 tuis
1145 1311 1282 1377 consiliis
1303 1331 1387 1375 usus
1410 1330 1509 1383 sum,

179 1403 391 1490 maximeque,
414 1403 498 1489 quod
520 1413 551 1469 et
571 1404 754 1489 gravitatem
776 1404 809 1469 in
830 1424 1000 1488 congressu
1021 1414 1130 1470 nostro
1149 1409 1249 1479 tenui,
1273 1425 1374 1490 quam
1393 1401 1510 1479 debui,

179 1505 225 1569 ct,
252 1495 292 1560 ad
312 1496 424 1565 urbem
445 1507 564 1562 utnon
586 1497 783 1574 accederem,
814 1498 1022 1584 perseveravi.
1067 1497 1160 1575 Quod
1181 1508 1341 1583 superest,
1380 1495 1510 1570 scribe,

180 1610 312 1674 quaeso,
335 1612 426 1676 quam
448 1591 677 1657 accuratissime
701 1628 739 1639 -
761 1593 823 1658 iam
845 1596 927 1657 enim
950 1603 1089 1658 extrema
1111 1601 1183 1657 sunt
1205 1624 1243 1634 -
1267 1590 1346 1677 quid
1367 1590 1511 1676 placeat,

144 1680 256 1767 sequid
283 1702 425 1762 censeam
463 1685 520 1749 etsi
541 1685 602 1749 iam
624 1685 708 1750 nulla
729 1684 881 1752 dubitatio
903 1694 960 1752 est
1007 1691 1140 1760 Tamen,
1169 1683 1293 1770 siquid
1315 1683 1373 1750 vel
1395 1684 1513 1769 potius

180 1773 330 1861 quidquid
351 1778 455 1843 veniet
474 1778 507 1843 in
528 1788 678 1855 mentem,
701 1777 819 1846 scribas
841 1779 944 1845 velim.

656 2753 1011 2839 emucmp

655 2895 797 2964 CICERO
818 2896 961 2960 ATTICO
984 2898 1015 2960 S.

263 3015 291 3078 1.
321 3030 373 3078 ιιι.
404 3013 506 3076 Nonas
533 3030 604 3076 cum
632 3009 665 3074 in
693 3007 851 3073 Laterium
884 3006 989 3073 fratris
1016 3007 1185 3085 venissem,
1222 3009 1326 3097 occepi
1354 3011 1504 3089 litteras,

141 3145 168 3190 2,
178 3116 210 3172 et
230 3106 366 3193 paullum
395 3104 481 3169 lectis
510 3103 677 3188 respiravi,
710 3101 795 3189 quod
826 3111 898 3186 post
919 3100 974 3166 bas
1004 3103 1110 3168 ruinas
1132 3102 1208 3170 mibi
1229 3126 1292 3170 non
1314 3107 1503 3183 acciderat,

178 3204 238 3265 Per
266 3200 347 3264 enim
379 3198 482 3283 magni
515 3198 644 3263 aestimo
675 3196 731 3262 tibi
766 3195 986 3261 firmitudinem
1007 3197 1101 3262 animi
1124 3197 1223 3263 nostri
1245 3208 1275 3264 et
1296 3199 1417 3266 factum
1441 3223 1505 3268 no-

177 3303 275 3358 strum
297 3290 435 3378 probari.
489 3295 584 3357 Sexto
607 3291 689 3356 onim
711 3299 819 3354 nostro
841 3287 926 3374 quod
947 3288 1057 3355 scribis
1078 3290 1223 3376 probari,
1252 3293 1295 3356 ita
1315 3293 1439 3370 laetor,
1465 3304 1502 3361 ut

179 3406 227 3448 me
249 3385 337 3470 qnasi
357 3385 455 3470 patris
478 3385 565 3459 eius,
587 3384 638 3450 cui
659 3404 783 3469 semper
803 3383 859 3447 uni
880 3382 1050 3468 plurimum
1073 3382 1184 3459 tribui,
1207 3385 1322 3450 iudicio
1344 3407 1501 3473 compro·

177 3476 246 3542 bari
266 3485 389 3564 pute'm3
421 3478 475 3565 qui
498 3478 589 3552 mibi,
622 3477 708 3564 quod
729 3497 822 3562 saepo
843 3477 930 3541 soleo
951 3476 1130 3553 recordari,
1166 3478 1244 3543 dixit
1265 3478 1357 3554 olim,
1394 3481 1501 3547 Nonis

140 3569 255 3656 „illie
277 3571 337 3638 illis
358 3570 597 3648 Decembribus,
621 3592 691 3636 cum
713 3591 789 3657 ego,
813 3619 831 3646 „
842 3574 951 3645 Sexte,
974 3570 1122 3656 quidnam
1145 3572 1269 3656 ergot’'

263 3693 351 3772 „Mil
374 3694 481 3777 μάν”,
503 3693 603 3779 inquil
624 3693 693 3769 ille,
724 3696 909 3770 „oioxoudel
929 3717 964 3775 ys
985 3703 1041 3756 καὶ
1062 3695 1198 3769 ἀκλειῶς
1219 3697 1421 3779 ἀπολοίμην,

259 3787 366 3851 Ἀλλὰ
386 3800 470 3872 μέγα
491 3790 585 3873 ῥέξας
607 3815 637 3852 τι
658 3799 715 3852 καὶ
735 3798 941 3871 ἐσσομένοισι
963 3792 1155 3851 πυθέσθαι.”

246 4008 271 4056 1.
291 4006 459 4072 affligendum
478 4006 499 4054 Ι.
531 4032 563 4042 -
598 4007 624 4055 2.
647 4007 780 4055 thtniuuo
800 4007 830 4055 n.
858 4030 890 4041 -
927 4005 952 4055 3.
974 4019 1035 4055 uero
1052 4020 1114 4055 uon.
1152 4005 1201 4055 Sed
1227 4007 1249 4057 1.
1279 4032 1306 4044 -
1344 4010 1496 4060 sentiamus

177 4100 188 4112 ·
206 4100 216 4112 ·
233 4076 321 4126 vetlem
340 4077 360 4126 l.
381 4077 410 4126 F·
430 4077 565 4126 Gronovlo
583 4083 693 4125 anctore
712 4076 884 4125 Schuetrius:
903 4077 1075 4135 senteutiam,
1093 4084 1123 4126 ut
1140 4077 1207 4125 nibil
1223 4079 1303 4137 nont,
1323 4080 1375 4127 utut
1392 4080 1422 4127 td
1442 4080 1496 4135 (ud

177 4146 205 4195 s'd
222 4142 255 4208 lt)
279 4147 348 4210 quod
382 4148 516 4195 minimum
540 4147 628 4197 uellem
652 4145 743 4206 MRE,
774 4148 927 4195 sententium
954 4148 1117 4196 terminemus
1146 4152 1175 4194 ut
1200 4148 1265 4195 nibil
1291 4150 1353 4196 suom¹
1377 4151 1433 4199 utri
1463 4152 1494 4199 td

177 4218 247 4279 quod
259 4217 348 4266 vetlem
363 4219 497 4266 minimum
517 4217 538 4266 1.
560 4239 590 4250 -·
626 4215 652 4266 d.
671 4218 780 4278 petimus
797 4216 848 4266 ΜΙ.
869 4239 899 4250 -
935 4215 961 4264 ’1.
980 4219 1109 4265 rationem
1126 4229 1180 4264 uon
1198 4217 1271 4265 butus
1290 4217 1327 4266 Μ.
1352 4219 1425 4269 bort.
1446 4234 1494 4269 ru·

178 4286 273 4336 tionem
290 4287 358 4337 mim
376 4288 459 4335 butus·
481 4286 536 4336 Clr.
556 4285 634 4334 Hand
654 4287 732 4335 'durs
753 4286 787 4334 11.
809 4300 834 4348 p.
855 4284 915 4335 401.
936 4285 986 4341 on.
1007 4307 1038 4320 -
1060 4285 1088 4333 8.
1108 4286 1226 4335 abdimus
1244 4286 1294 4338 ΜΙ.
1318 4310 1345 4321 -
1365 4289 1392 4338 3.
1411 4290 1493 4339 uultu

178 4356 239 4420 fides
259 4357 289 4405 n.
311 4381 342 4392 -
378 4357 419 4405 10.
440 4357 581 4419 culpatam
599 4356 643 4416 Μ,
663 4356 802 4418 Cepbutont
821 4356 851 4414 l,
876 4355 994 4417 casatam
1017 4355 1049 4404 R.
1090 4355 1175 4408 (Corr.
1202 4357 1228 4405 in
1252 4357 1436 4416 Manutiana.)
1455 4385 1490 4394 -

178 4427 222 4475 11.
241 4422 330 4488 ptum]
349 4439 411 4475 sons
429 4426 450 4474 l.
479 4449 506 4459 -
544 4427 720 4476 obmutuereut
740 4440 778 4488 pr.
804 4426 841 4476 Μ.
869 4450 897 4461 -
936 4426 1197 4489 tenerositatem
1222 4427 1299 4475 Mlll:
1327 4429 1492 4491 pronitatem

179 4495 209 4545 ll·
240 4517 266 4527 -
305 4495 348 4544 13.
367 4502 396 4544 ut
414 4496 450 4544 ud
467 4496 555 4546 urbem
572 4497 605 4545 u.
637 4520 665 4529 -
702 4496 779 4545 scribi
797 4496 832 4544 Μ.
852 4519 885 4528 -
921 4495 964 4543 tu.
985 4491 1041 4556 ιιι]
1073 4497 1158 4545 Tertio
1178 4497 1272 4547 ΜΒΙΕ.
1304 4521 1337 4530 -
1374 4497 1491 4549 luterum

179 4579 219 4628 pr.
250 4565 293 4625 Μ,
322 4565 458 4614 lectorium
484 4580 554 4616 corr.
577 4564 614 4614 Μ.
648 4591 678 4601 -
715 4567 757 4616 20.
786 4565 903 4627 paullum
931 4565 1001 4613 tectis
1027 4568 1155 4627 respiravi
1179 4566 1243 4615 XYZ
1270 4572 1296 4615 et
1313 4567 1487 4619 Cratanders

178 4635 295 4698 paullum
314 4636 443 4697 respiravi
459 4636 519 4696 ΜΙ,
545 4636 691 4698 paullulum
708 4637 835 4698 respirant
853 4635 905 4682 RE.
943 4633 1054 4683 Malim:
1071 4636 1191 4696 paullum
1209 4637 1278 4685 lectis
1295 4638 1328 4685 tis
1345 4640 1486 4698 respiravi.

179 4704 229 4755 On.
260 4730 290 4741 -
326 4704 370 4754 33.
398 4705 478 4754 tribus·
500 4706 641 4767 plurimum
668 4707 690 4756 1.
723 4729 754 4741 -
789 4706 884 4753 iudicio
906 4717 946 4754 ms
962 4705 1126 4764 comprobari
1148 4718 1217 4754 corr.
1237 4707 1286 4765 Μ,
1314 4708 1411 4756 tudicio
1428 4722 1489 4758 mco

178 4775 440 4836 comprobarem·
479 4775 523 4824 24.
541 4777 677 4825 recordere
696 4791 735 4839 pr.
755 4775 793 4826 Μ.
811 4799 843 4808 -
880 4774 923 4823 25.
943 4774 1064 4824 Alterum
1083 4775 1136 4824 tuo
1154 4788 1208 4824 om·
1228 4776 1296 4826 lllll·
1317 4800 1348 4812 -—
1384 4777 1490 4829 Decem

179 4846 231 4895 brts
247 4845 279 4896 n.
300 4870 328 4882 -
366 4859 427 4910 erpo
448 4846 573 4908 (spatium
593 4848 718 4904 vacnum)
736 4845 804 4910 puod
819 4844 863 4893 uu
880 4843 953 4894 αλλιι
971 4845 1003 4894 u.
1023 4867 1054 4879 -
1074 4844 1118 4894 uo.
1138 4841 1282 4896 ἀσπουόει·
1298 4845 1327 4895 Ε.
