3256 5400
582 279 656 341 Lm.
678 279 730 342 vl.
770 278 831 341 ΕΡ.
854 277 904 340 11.
927 279 977 341 12.
1419 277 1460 339 99

140 452 253 519 spero,
274 431 328 498 liet
348 432 531 519 proclivius,
553 443 589 500 ut
609 433 702 499 etiam
716 432 858 519 polliceri
870 433 1004 518 possim;
1026 433 1059 498 id
1071 454 1108 498 re
1123 455 1217 519 quam
1227 432 1333 499 verbis
1349 433 1460 499 faciam

137 526 299 594 libenticu.
341 532 389 592 Tu
409 526 502 592 velim
525 526 685 592 existimes
705 536 737 590 et
757 526 864 612 plnres
885 535 917 591 te
939 527 1054 592 amicos
1076 525 1213 602 habore,
1236 549 1330 613 mam
1353 527 1461 615 quiin

140 625 201 687 isto
222 641 297 686 casu
319 619 380 685 sint
400 640 437 684 ae
457 620 598 693 fuerint,
635 629 786 707 quantum
807 619 934 706 quidem
956 641 1015 706 ego
1037 620 1210 704 intelligere
1231 621 1406 707 potuerim,
1430 628 1461 685 et

140 736 192 781 me
212 713 386 780 concedere
408 734 519 778 eorum
541 717 668 778 nemini.
725 718 850 778 Fortem
872 712 921 777 fac
948 714 1087 778 animum
1107 715 1221 781 habeas
1243 726 1275 779 et
1297 734 1460 798 magnum,

140 805 228 895 quod
248 816 296 873 est
316 807 350 872 in
370 828 434 873 uno
456 816 502 872 te:
537 828 617 893 quae
638 815 711 872 sunt
731 811 763 871 in
784 806 927 880 fortuna,
950 806 1144 893 temporibus
1164 816 1314 894 regentur
1335 817 1367 872 ct
1387 828 1485 873 oon-s

140 900 219 966 siliis
238 901 355 967 nostris
375 899 635 987 providebantur.

619 1044 674 1105 xl.
718 1038 766 1125 (A.
792 1043 825 1105 u.
848 1045 880 1106 c.
903 1040 988 1126 ros.)

525 1156 567 1219 u.
590 1155 732 1220 moeno
756 1156 787 1218 s
808 1157 846 1219 n.
868 1156 1076 1219 nanniano

227 1277 256 1340 1.
277 1273 472 1341 Dolabellam
493 1284 584 1338 antea
604 1274 821 1339 tantummodo
843 1273 1028 1360 diligebam;
1051 1273 1206 1360 obligatus
1226 1276 1256 1340 ei
1277 1277 1353 1342 nihil
1375 1294 1463 1342 eram

141 1403 183 1415 -
203 1389 263 1433 nec
283 1372 367 1433 enim
395 1367 550 1433 acciderat
578 1367 655 1432 mibi
677 1388 757 1453 opus
785 1389 854 1432 csse
877 1403 935 1442 -,
958 1379 989 1433 et
1017 1369 1069 1433 illo
1091 1370 1169 1435 mibi
1198 1367 1344 1443 debebat,
1377 1370 1463 1456 quod
1475 1377 1500 1418 ¹⁰

141 1482 205 1527 non
227 1461 389 1528 defueram
411 1466 479 1526 eius
500 1461 659 1547 periculis.
711 1467 798 1526 Nunc
819 1470 904 1527 tanto
927 1484 996 1527 sum
1019 1463 1180 1528 devinctus
1202 1463 1270 1528 eius
1291 1463 1463 1537 beneficio,

142 1554 229 1642 quod
260 1564 292 1620 et
318 1565 409 1620 antea
435 1556 468 1620 in
496 1577 532 1620 re
554 1564 585 1618 et
611 1555 672 1620 hoc
698 1563 840 1640 tempore
867 1555 899 1620 in
927 1557 1024 1622 salute
1047 1566 1100 1622 tua
1122 1557 1365 1623 cumulatissime
1388 1557 1464 1623 mibi

142 1647 304 1721 satisfecit,
326 1659 361 1714 ut
382 1649 499 1714 nernini
520 1649 590 1734 plus
613 1647 754 1714 debeam.
799 1652 867 1727 Qua
889 1651 978 1715 inre
1001 1650 1057 1715 tibi
1079 1651 1219 1736 gratulor
1240 1656 1282 1716 ita
1297 1652 1465 1718 vehemen-

143 1751 207 1815 ter,
238 1752 274 1809 ut
299 1752 329 1808 te
356 1764 483 1829 quoque
518 1741 594 1806 mibi
627 1741 776 1827 gratulari
802 1765 896 1829 quam
919 1745 1034 1828 gratias
1059 1765 1152 1829 agero
1173 1744 1294 1822 malim;
1332 1746 1464 1810 alterum

142 1834 272 1900 omnino
292 1856 356 1899 non
385 1835 549 1910 desidero,
579 1836 712 1900 alterum
734 1857 809 1900 vore
831 1837 935 1902 facero
956 1838 1084 1923 potoris.
1137 1842 1167 1901 2.
1191 1837 1286 1914 Quod
1305 1838 1463 1924 reliquum
1476 1849 1502 1888 ¹⁵

142 1938 206 2002 est,
243 1929 391 2014 quoniam
424 1927 479 1994 tibi
509 1933 608 1994 virtus
645 1939 677 1994 et
708 1930 840 2016 dignitas
870 1941 924 1996 tua
944 1932 1080 1996 reditum
1102 1930 1141 1995 ad
1164 1941 1234 1998 tuos
1255 1933 1394 2016 aperuit,
1418 1942 1465 1996 est

141 2032 214 2087 tuae
239 2021 411 2107 sapientiae
438 2022 722 2109 magnitudinisque
754 2024 865 2097 animi,
900 2023 976 2111 quid
1002 2025 1159 2098 amiseris,
1196 2022 1357 2099 oblivisci,
1388 2023 1465 2111 quid

142 2119 343 2200 reciperaris,
370 2121 517 2200 cogitare.
569 2116 662 2181 Vives
693 2138 764 2181 cum
788 2121 862 2192 tuis,
899 2118 985 2183 vives
1007 2117 1186 2195 uobiscum;
1214 2117 1284 2202 plus
1305 2118 1464 2204 acquisisti

142 2207 300 2293 dignitatis
328 2230 422 2295 quam
447 2209 577 2273 amisisti
605 2208 654 2272 rei
681 2209 858 2279 familiaris:
897 2233 977 2298 quae
1004 2211 1072 2297 ipsa
1092 2224 1158 2275 tum
1180 2220 1262 2276 esset
1281 2211 1463 2286 iucundior,

142 2301 170 2368 si
190 2301 254 2367 ulla
274 2323 326 2366 res
347 2309 429 2367 esset
450 2301 584 2388 publica.
645 2306 827 2379 Vestorius,
860 2314 968 2369 noster
1000 2304 1176 2379 familiaris,
1209 2305 1248 2369 ad
1268 2326 1319 2369 me
1342 2304 1501 2390 scripsitw

143 2404 174 2461 te
195 2395 273 2461 mibi
293 2396 444 2461 maximas
466 2395 581 2480 gratias
611 2415 715 2480 agore.
775 2402 859 2462 Haec
880 2398 1070 2484 praedicatio
1092 2407 1143 2463 tua
1168 2398 1245 2462 mibi
1266 2398 1355 2462 valde
1377 2406 1465 2482 grata

143 2498 191 2554 est
219 2509 318 2574 eaque
345 2498 375 2553 te
408 2488 454 2553 uti
484 2487 575 2553 facile
606 2490 723 2574 patior,
761 2511 832 2555 omn
854 2491 937 2576 apud
959 2491 1057 2567 alios,
1094 2500 1159 2556 tum
1181 2491 1360 2556 mehercule
1382 2489 1465 2577 apud

143 2585 311 2669 Syrouem,
333 2591 475 2647 nostrum
496 2582 641 2647 amioum.
691 2586 780 2660 Quae
802 2584 884 2648 enim
906 2584 1054 2657 facimus,
1077 2604 1115 2648 ea
1135 2585 1377 2670 prudentissimo
1399 2584 1466 2649 cui-

143 2696 204 2762 que
225 2676 361 2740 maxime
383 2673 515 2761 probata
536 2697 606 2741 esse
627 2676 782 2742 volumus.
826 2683 870 2742 To
892 2678 985 2764 cupio
1009 2677 1116 2744 videre
1137 2699 1231 2765 quam
1252 2679 1399 2764 primum.

610 2819 680 2881 xri.
724 2814 773 2900 (A.
800 2819 831 2881 u.
855 2819 887 2881 c
909 2813 993 2902 ros.)
1473 2836 1501 2874 ι.

545 2940 687 3004 CICERO
709 2940 833 3004 AMPIO
856 2941 939 3004 sat.
960 2942 1070 3005 PLb'll.

229 3054 258 3116 1.
281 3050 429 3116 Gratulor
449 3048 523 3124 tibi,
546 3049 589 3113 mi
611 3048 723 3125 Balbe,
757 3070 896 3136 vereque
918 3050 1058 3136 gratulor
1079 3071 1137 3116 nec
1158 3073 1228 3116 sum
1248 3059 1312 3116 tam
1334 3051 1462 3126 stultus,

143 3154 178 3210 nt
208 3152 239 3209 te
264 3165 362 3210 usura
389 3142 459 3208 falsi
493 3142 597 3228 gaudii
630 3143 693 3208 frui
721 3143 832 3216 velim,
862 3143 975 3209 deinde
1004 3143 1105 3230 frangi
1132 3155 1261 3230 repente
1293 3156 1386 3232 atque
1421 3146 1464 3210 ita

143 3237 272 3312 eadere,
294 3246 330 3302 ut
351 3236 435 3302 nulla
456 3259 508 3302 res
530 3245 560 3300 te
581 3236 620 3301 ad
642 3237 829 3323 aequitatem
851 3237 946 3301 animi
966 3238 1065 3322 possit
1085 3249 1193 3323 postea
1215 3238 1377 3303 extollere.
1405 3237 1463 3322 Egi

142 3341 227 3398 tuam
248 3352 373 3396 causam
395 3331 548 3415 apertius,
585 3351 680 3416 quam
710 3351 780 3393 mea
802 3338 943 3415 tempora
965 3330 1116 3396 ferebant.
1167 3330 1357 3397 vincebatur
1379 3330 1499 3395 animo

142 3424 268 3491 fortuna
290 3429 357 3511 ipsa
379 3423 556 3489 debilitatae
579 3423 697 3507 gratiae
718 3433 844 3488 nostrae
867 3425 912 3491 tui
933 3424 1059 3490 caritate
1082 3433 1112 3489 et
1131 3446 1203 3490 meo
1219 3434 1372 3511 perpetuo
1387 3444 1463 3509 erga

143 3528 172 3584 te
201 3541 309 3585 amore
339 3518 422 3584 culto
443 3539 462 3583 a
488 3527 519 3582 te
541 3517 787 3602 diligentissime.
847 3519 957 3582 Omnia
979 3518 1133 3604 promissa
1155 3519 1356 3593 confirmata,
1378 3526 1463 3582 certa

142 3621 174 3677 et
193 3621 262 3677 rata
283 3621 373 3685 sunt,
397 3632 477 3697 quae
499 3611 538 3675 ad
559 3611 695 3675 reditum
717 3620 749 3674 et
769 3611 808 3675 ad
830 3611 959 3675 salutem
987 3621 1072 3676 tuam
1093 3613 1258 3697 pertinent.
1301 3612 1387 3685 Vidi,
1409 3632 1463 3675 co-

142 3705 253 3790 gnovi,
284 3704 423 3769 interfui.
479 3709 509 3770 2.
542 3705 664 3769 Etenim
693 3725 802 3769 omnes
836 3706 976 3770 Caesaris
998 3705 1166 3770 familiares
1188 3707 1262 3771 satis
1283 3712 1461 3791 opportune
1574 3724 1580 3735 ·

142 3797 244 3863 babeo
266 3798 439 3884 implicatos
461 3797 685 3863 consuetudine
700 3807 731 3862 et
749 3797 965 3863 benevolentia
981 3799 1041 3872 sic,
1063 3808 1114 3872 ut,
1137 3821 1207 3864 cum
1222 3797 1260 3863 ab
1275 3798 1330 3863 illo
1346 3798 1499 3862 disces-³⁸

142 3893 255 3968 serint,
291 3912 341 3957 me
362 3890 495 3956 babeant
516 3891 705 3977 proximum.
749 3896 816 3957 Hoc
836 3897 951 3965 Pansa,
987 3893 1123 3968 Hirtius,
1160 3892 1288 3966 Balbus,
1323 3891 1459 3976 Oppius,

142 3984 267 4060 llatius,
290 3986 468 4050 Postumius
488 3985 579 4071 plane
600 3985 642 4050 ita
663 3984 795 4060 faciunt,
818 3995 852 4051 ut
873 4007 923 4050 me
944 3987 1036 4051 unice
1052 3987 1190 4071 diligant.
1234 3985 1328 4064 Quod
1342 3985 1368 4048 si
1383 3983 1461 4049 mibi

143 4098 199 4164 per
220 4099 271 4143 me
294 4078 490 4145 efficiendum
510 4080 634 4151 fuisset,
656 4100 721 4144 non
741 4101 792 4144 mo
814 4080 989 4164 poeniteret
1009 4101 1068 4166 pro
1088 4081 1211 4146 ratione
1226 4088 1403 4165 temporum
1417 4078 1460 4141 ita

143 4193 211 4238 esse
233 4173 384 4239 molitum.
442 4174 503 4241 Sed
524 4173 602 4239 nibil
623 4185 670 4239 est
691 4194 709 4238 a
731 4195 781 4237 me
803 4173 986 4237 inservitum
1014 4175 1163 4259 temporis
1191 4194 1303 4251 causa;
1336 4184 1459 4238 veteres

142 4267 219 4332 mibi
239 4267 482 4334 necessitudines
503 4289 574 4333 cum
596 4266 644 4332 bis
675 4266 820 4332 omnibus
841 4267 1052 4340 intercedant,
1075 4267 1261 4354 quibuscum
1283 4287 1342 4352 ego
1364 4275 1496 4349 agerem

144 4359 182 4426 de
203 4370 233 4425 te
266 4382 330 4426 non
360 4361 472 4427 destiti.
514 4363 690 4447 Principem
713 4369 814 4426 umen
836 4359 1001 4425 babuimus
1022 4367 1168 4437 Pansam,
1203 4361 1248 4426 tui
1269 4357 1457 4424 studiosissi-

142 4472 245 4525 mum,
267 4454 329 4517 mei
351 4454 515 4540 cupidum,
538 4455 592 4542 qni
613 4454 732 4519 valeret
752 4453 835 4538 apud
852 4454 940 4518 illum
961 4477 1025 4520 non
1046 4455 1148 4520 minus
1165 4455 1348 4520 auctoritato
1364 4471 1458 4537 quam

143 4547 252 4630 gratia.
305 4546 429 4613 Cimber
449 4557 553 4612 autem
575 4548 684 4613 Tillius
705 4547 783 4611 mibi
803 4547 894 4632 plane
916 4548 1072 4614 satisfecit.
1122 4550 1232 4616 Valent
1253 4558 1354 4612 tamen
1375 4543 1459 4629 apud

213 4763 258 4814 td.
277 4765 400 4827 quoniam
418 4763 464 4814 sl:
483 4764 588 4828 quondo
605 4763 637 4813 li.
659 4787 689 4798 -
726 4763 770 4814 18.
789 4766 944 4826 reciperaris
960 4765 1003 4815 bl:
1029 4767 1189 4828 recuperarit
1207 4765 1238 4814 E.
1259 4790 1291 4799 -
1328 4763 1370 4813 19.
1390 4757 1455 4823 tam]
1520 4746 1525 4759 ¹

146 4838 232 4883 tamea
249 4833 405 4885 Lambinus.
426 4858 455 4868 -
493 4835 537 4884 29.
558 4841 582 4883 te
600 4834 635 4883 od
652 4835 811 4896 aequitatem
828 4833 875 4883 bl:
900 4836 936 4883 ad
954 4838 1111 4899 aequitatem
1129 4844 1152 4886 te
1171 4836 1201 4884 Ε.
1224 4860 1253 4872 -
1291 4834 1335 4884 38.
1353 4844 1401 4894 per
1417 4845 1457 4881 ms

145 4900 189 4954 lt:
205 4917 258 4967 pro
276 4917 316 4954 me
333 4904 365 4954 E.
392 4927 424 4939 -
460 4903 505 4953 43.
524 4908 611 4954 auton
628 4902 699 4953 illius
717 4902 754 4952 11.
776 4925 807 4939 -
827 4902 926 4967 tamen]
939 4907 1009 4955 mira
1025 4920 1080 4969 mg.
1099 4907 1204 4970 Repett.
1223 4903 1316 4954 Lamb.
