3256 5400
197 259 218 320 4
628 252 904 317 EPlS'l’OLAliUH
924 255 976 316 ΑΙ)
997 254 1088 318 Fau.

197 413 330 483 catium,
353 411 423 496 qni,
446 413 535 493 Lupo
556 407 729 483 referente,
752 410 901 494 Pompeio
924 409 1078 482 decernit,
1101 418 1132 473 et
1147 408 1318 482 Afranium,
1341 409 1394 495 qui
1411 429 1514 474 assen-

199 508 272 570 titur
293 503 444 570 Volcatio.
478 506 565 580 Quae
587 524 639 567 res
660 513 753 587 auget
775 503 983 588 suspicionem
1005 503 1144 588 Pompeii
1168 503 1353 576 voluntatis,
1376 502 1513 567 animad-

198 598 378 662 uertebatur
396 596 536 681 Pompeii
558 596 727 671 familiares
752 597 895 660 assentiri
920 596 1071 662 Volcatio.
1107 594 1282 660 Laboratar
1297 595 1512 671 vehementer:

197 694 339 758 inclinata
365 711 417 754 res
439 698 496 753 est.
552 689 680 754 Libonis
708 699 739 754 et
760 691 895 776 Hypsaei
918 712 981 754 non
1008 689 1141 754 obscura
1169 688 1366 762 concursatio
1388 696 1419 751 et
1441 708 1513 752 con-

173 787 292 856 stentio
314 784 515 868 omniumque
537 783 678 868 Pompeii
699 782 899 847 familiarium
920 783 1058 879 studium
1088 783 1119 847 in
1151 803 1220 846 eam
1241 779 1424 867 opinionem
1446 800 1512 843 rem

195 880 406 948 adduxerunt,
443 886 478 940 ut
499 877 665 961 Pompeius
687 897 801 961 cupere
824 877 982 941 videatur:
1016 876 1067 940 cui
1090 875 1144 961 qui
1167 875 1291 948 nolunt,
1320 872 1416 936 iidem
1439 872 1511 947 tibi,

194 973 278 1058 quod
308 992 379 1036 eum
411 969 543 1043 ornasti,
578 991 640 1034 non
668 977 740 1033 sunt
767 969 867 1034 amici.
916 973 946 1033 tl.
982 973 1044 1033 ll'os
1066 969 1097 1032 in
1119 989 1210 1032 causa
1236 966 1452 1033 auctoritatem
1474 988 1512 1031 eo

194 1067 348 1130 minorem
370 1062 536 1135 babemus,
564 1062 649 1148 quod
671 1061 727 1126 tibi
749 1062 909 1126 debemus.
954 1061 1090 1128 Gratiam
1112 1071 1215 1126 autem
1237 1070 1374 1125 nostram
1396 1062 1513 1126 exstin-

194 1158 260 1244 guit
282 1157 443 1222 bominum
466 1155 616 1240 suspicio,
639 1155 723 1240 quod
746 1156 896 1241 Pompeio
919 1175 952 1219 se
967 1154 1134 1238 gratificari
1149 1163 1266 1240 putant.
1310 1158 1347 1220 Ut
1367 1155 1400 1219 in
1417 1154 1512 1220 rebus

158 1253 292 1321 tumulto
314 1260 399 1322 ante,
422 1269 515 1334 quam
537 1248 695 1333 proiectus
717 1271 765 1321 es,
788 1249 827 1313 ab
850 1250 918 1334 ipso
940 1269 1016 1333 rege
1038 1257 1069 1312 et
1090 1246 1129 1311 ab
1151 1248 1267 1312 intimis
1282 1269 1318 1311 ac
1333 1248 1511 1313 domesticis

194 1344 335 1430 Pompeii
363 1343 441 1406 clam
464 1341 664 1436 exulceratis,
701 1340 813 1406 deinde
843 1342 944 1427 palam
965 1363 983 1404 a
1005 1341 1221 1406 consedaribus
1243 1341 1406 1424 exagitatis
1428 1350 1459 1405 et
1480 1341 1511 1405 in

193 1458 344 1502 summam
364 1434 510 1499 invidiam
533 1433 694 1509 adductis,
717 1437 759 1499 ita
781 1449 954 1500 versamur.
997 1440 1141 1499 Nostram
1162 1433 1254 1499 iidem
1276 1455 1404 1507 omnes,
1426 1454 1512 1497 amo-

193 1553 260 1594 rem
283 1531 328 1595 tui
348 1527 484 1592 absentis
506 1536 684 1611 praesentes
706 1529 751 1593 tui
773 1537 970 1613 cognoscent.
1014 1528 1046 1593 Si
1067 1535 1150 1593 esset
1163 1527 1197 1593 in
1216 1527 1255 1594 iis
1275 1526 1367 1602 fides,
1390 1527 1423 1590 in
1444 1526 1512 1611 qui·

192 1623 251 1687 bus
273 1643 393 1687 summa
416 1641 484 1684 esse
506 1619 655 1698 debebat,
678 1643 741 1686 non
763 1621 989 1687 laboraremus.

157 1803 184 1841 η
670 1761 1025 1846 umnam)

471 1896 512 1957 u.
535 1894 678 1957 arcano
701 1895 732 1958 s.
753 1897 791 1958 u.
813 1896 847 1957 r.
869 1895 1049 1958 muruco
1070 1894 1236 1959 rnocos.

277 2027 305 2087 1.
327 2020 433 2087 idibus
462 2021 612 2085 Ianuariis
641 2020 674 2086 in
702 2031 810 2087 senatu
835 2022 911 2087 nihil
939 2031 986 2087 est
1013 2020 1203 2096 conlectum,
1236 2029 1403 2108 propterea
1426 2021 1511 2109 qnod

191 2113 258 2179 dies
286 2134 398 2198 magna
423 2136 463 2178 ex
494 2124 582 2199 parte
610 2124 812 2202 consumptus
846 2126 893 2182 est
925 2116 1125 2182 altercatione
1153 2117 1275 2181 Lentuli
1309 2116 1447 2181 considis
1482 2125 1513 2181 et

191 2208 310 2274 Caninii
333 2206 449 2272 tribuni
471 2209 512 2292 pl.
554 2212 601 2272 Eo
624 2207 675 2273 die
696 2231 754 2274 nos
775 2232 901 2296 quoque
923 2211 1019 2275 nmlta
1040 2208 1137 2274 verba
1158 2209 1289 2273 fecimus
1312 2211 1510 2296 maximeque

153 2300 248 2365 revisi
271 2322 378 2365 sumus
399 2311 540 2365 senatum
562 2303 859 2368 commemoratione
881 2312 953 2369 tuae
975 2302 1141 2368 voluntatis
1162 2323 1237 2387 erga
1259 2303 1345 2367 illum
1367 2301 1511 2367 ordinem

190 2415 388 2480 permovere.
441 2399 548 2480 ltaque
575 2396 726 2479 postridie
748 2397 878 2482 placuit,
914 2407 949 2462 ut
975 2395 1115 2460 breviter
1136 2396 1303 2460 sententias
1326 2393 1510 2461 diceremus.

188 2486 361 2552 Videbatur
383 2487 466 2551 enim
487 2488 686 2552 reconciliata
715 2489 806 2556 nobis
828 2491 970 2555 voluntas
992 2510 1061 2554 esse
1088 2499 1230 2554 senatus:
1260 2488 1346 2574 quod
1373 2510 1443 2554 cum
1465 2490 1512 2554 di·

190 2579 306 2651 cendo,
336 2588 401 2644 tum
424 2581 554 2664 singulis
583 2581 772 2665 appellandis
793 2579 1004 2669 rogandisque
1025 2602 1259 2668 perspexeram.
1304 2586 1412 2668 ltaque
1439 2604 1511 2648 cum

190 2673 341 2737 sententia
363 2675 463 2759 prima
492 2673 594 2738 Bibuli
616 2676 814 2759 pronuntiata
836 2686 931 2753 esset,
962 2683 997 2740 ut
1023 2684 1088 2739 tres
1115 2676 1208 2760 legati
1240 2695 1349 2760 regem
1380 2676 1512 2740 reduce·

153 2775 276 2841 esrerrt;
307 2766 441 2831 secunda
462 2767 638 2842 Hortensii,
667 2775 702 2833 ut
723 2777 757 2832 tu
779 2769 845 2833 sine
868 2769 1009 2834 exercitu
1031 2768 1214 2846 reduceres:
1249 2769 1340 2832 tertia
1362 2769 1510 2845 Volcatii,

190 2868 224 2922 ut
246 2861 412 2944 Pompeius
433 2861 614 2925 reduceret:
653 2862 842 2947 postulatum
864 2872 925 2938 est,
953 2872 989 2927 ut
1008 2862 1112 2927 Bibuli
1134 2862 1285 2926 sententia
1307 2861 1510 2927 divideretur.

191 2953 351 3028 Quatenus
380 2953 419 3018 de
448 2953 601 3038 religione
623 2953 762 3030 dicebat,
796 2957 847 3021 cui
868 2957 915 3021 rei
937 2956 999 3020 iam
1021 2955 1132 3021 obsisti
1154 2976 1217 3019 non
1238 2964 1376 3041 poterat,
1398 2953 1511 3020 Bibulo

189 3065 348 3110 assensum
371 3056 431 3123 est;
461 3046 499 3111 de
523 3046 621 3112 tribus
643 3048 751 3132 legatis
771 3048 951 3136 frequentes
971 3051 1075 3114 ierunt
1095 3049 1128 3113 in
1145 3049 1204 3112 alia
1224 3049 1339 3113 omnia.
1382 3052 1412 3112 2.
1434 3053 1511 3112 Pro-

190 3138 272 3202 xima
296 3149 362 3204 erat
384 3142 543 3206 Hortensii
564 3143 729 3218 sententia,
767 3165 837 3208 cum
859 3148 978 3229 Lupus,
1015 3142 1160 3208 tribunus
1181 3142 1240 3228 pl.,
1275 3141 1360 3227 quod
1382 3141 1449 3227 ipse
1472 3141 1518 3206 de

153 3234 338 3318 aaPompeio
370 3236 560 3310 rettulisset,
589 3236 750 3301 intendere
779 3238 903 3323 coepit,
940 3245 1010 3301 ante
1042 3258 1076 3301 se
1109 3245 1258 3322 oportere
1288 3235 1509 3300 discessionem

188 3325 291 3389 lacere
318 3349 411 3413 quam
436 3330 590 3394 eonsules.
638 3332 714 3396 Eius
744 3332 879 3396 orationi
901 3331 1102 3396 vehementer
1129 3329 1168 3393 ab
1196 3328 1341 3394 omnibus
1362 3329 1510 3393 reclama-

188 3427 254 3482 tum
277 3428 339 3497 est:
362 3431 429 3486 erat
450 3424 532 3487 enim
554 3433 584 3487 et
600 3424 705 3510 iniqua
722 3435 753 3488 et
766 3446 857 3490 nova.
901 3425 1050 3489 Consules
1064 3444 1167 3509 neque
1182 3423 1393 3487 concedebant
1408 3442 1509 3508 neque

189 3512 278 3577 valde
300 3514 532 3599 repugnabant,
569 3516 652 3581 diem
674 3520 816 3584 consumi
837 3517 997 3595 volebant:
1030 3516 1063 3580 id
1084 3516 1169 3603 quod
1196 3525 1243 3580 est
1268 3516 1392 3581 lactum.
1435 3519 1511 3580 Per-

188 3605 360 3691 spiciebant
387 3609 468 3672 enim
498 3609 530 3673 in
559 3611 720 3675 Hortensii
748 3613 930 3676 sententiam
959 3610 1065 3675 multis
1093 3608 1234 3694 partibus
1262 3611 1368 3694 plures
1389 3609 1508 3682 ituros,

152 3720 376 3785 :aquamquam
406 3710 513 3785 aperte
541 3703 682 3767 Volcatio
712 3706 946 3769 assentlrentur.
989 3703 1078 3767 Multi
1109 3701 1321 3786 rogabantur,
1351 3711 1444 3787 atque
1477 3700 1508 3766 id

187 3792 290 3877 ipsum
319 3793 498 3859 consulibus
527 3795 648 3874 invitis:
681 3820 753 3862 nam
785 3800 815 3862 ei
841 3798 944 3863 Bibuli
977 3798 1159 3861 sententiam
1191 3798 1297 3860 valere
1333 3793 1507 3880 cupierunt

188 3889 218 3948 3.
240 3887 325 3949 Haec
346 3888 560 3952 controversia
583 3912 682 3976 usque
703 3892 743 3956 ad
764 3901 886 3957 noctem
909 3891 1017 3964 ducta,
1050 3898 1174 3954 senatus
1196 3890 1356 3965 dimissus;
1393 3894 1425 3950 et
1447 3905 1506 3971 ego

257 4075 284 4124 3.
311 4076 454 4138 familiaria
480 4077 517 4127 Μ.
538 4102 569 4114 ··
604 4082 736 4131 'aerentr'rt
755 4081 949 4132 Cratandrina:
976 4081 1101 4130 assentire
1120 4079 1180 4129 bili.
1216 4103 1249 4114 -
1289 4079 1415 4130 Vulcatio.
1436 4078 1509 4141 Quae

186 4156 227 4194 rea
245 4169 256 4180 -
274 4170 285 4180 ·
303 4170 314 4180 ·
330 4147 497 4205 voluntatis,
517 4150 776 4201 animadvertebatur
795 4153 936 4202 Baiterua:
957 4150 1092 4201 Valentia:
1111 4163 1178 4213 quae
1195 4162 1236 4199 raa
1254 4174 1265 4185 -
1283 4174 1293 4184 ·
1311 4175 1322 4185 -
1339 4149 1507 4208 veluntatis,

186 4228 248 4262 nam
256 4215 441 4278 advertebatur
455 4216 490 4273 Μ,
506 4224 532 4265 et
541 4219 590 4273 sic,
605 4220 669 4270 sed:
683 4236 746 4271 ruam
759 4223 961 4272 adnectebantur
973 4218 1004 4277 Ε,
1020 4219 1156 4269 Volcatio:
1171 4233 1285 4283 quaeres
1294 4245 1304 4255 -
1313 4245 1323 4254 -
1332 4244 1342 4254 -
1351 4218 1505 4273 voluntatis,

186 4298 249 4332 uam
261 4285 519 4334 animadvertebatur
529 4286 685 4339 Lambinus.
697 4291 736 4341 Cl.
749 4291 824 4340 Orat.
835 4289 864 4352 ἕ.
879 4291 938 4341 tab.
952 4289 1068 4351 Philipp.
1083 4289 1125 4338 13.
1136 4287 1165 4350 ss.
1177 4290 1221 4340 32.
1235 4315 1263 4325 -
1285 4287 1312 4338 b.
1322 4288 1413 4337 volunt
1425 4287 1462 4336 Μ.
1475 4311 1504 4323 -

187 4354 253 4402 idem
267 4353 304 4402 Μ.
317 4379 346 4388 -
365 4356 392 4404 ’1.
414 4355 485 4404 Fort.
499 4358 527 4403 in
539 4357 596 4407 bac
608 4374 697 4410 causa.
717 4361 769 4412 Oa.
784 4385 814 4396 -
834 4361 877 4411 13.
886 4366 1033 4423 praeacutas
1046 4361 1084 4407 tut
1096 4359 1139 4409 lli:
1159 4365 1361 4420 praesentamur,
1381 4359 1421 4406 tut
1431 4357 1462 4406 ii.
1475 4379 1506 4390 -

187 4421 230 4486 tta]
247 4424 286 4471 bia
299 4424 335 4473 bt.
352 4448 382 4458 -
403 4425 446 4474 tt.
466 4426 642 4477 laboraremus
655 4431 681 4479 Μ
691 4444 697 4478 :
718 4431 906 4481 laboraremus.
923 4431 983 4478 l'ate
996 4429 1026 4484 E,
1044 4435 1071 4478 et
1086 4430 1125 4477 aie
1137 4429 1307 4491 plerumque.
1323 4449 1353 4462 -
1374 4427 1416 4476 13.
1431 4427 1507 4475 cani-

185 4494 226 4541 m'r'
238 4493 448 4556 ttraum'ipubtio
461 4495 569 4546 lentulo.
584 4512 613 4547 eo
626 4501 667 4548 die
682 4500 718 4550 Μ.
732 4525 763 4536 -
783 4502 827 4550 21.
840 4512 987 4563 permovere
1000 4499 1146 4548 Lambinus
1157 4499 1195 4561 (in
1210 4491 1342 4559 margine)
1355 4511 1362 4545 ε
1376 4507 1506 4545 removere

187 4560 230 4617 Μ,
245 4575 403 4613 commouere
416 4564 445 4613 li.
462 4588 492 4598 -
511 4566 555 4615 22.
573 4582 624 4617 aare
636 4577 743 4619 renatus
755 4571 783 4620 Μ
794 4585 801 4619 2
821 4577 924 4618 amatus
941 4581 991 4619 aare
1004 4568 1035 4618 ii.
1051 4592 1081 4604 -
1100 4583 1157 4617 eum
1169 4569 1196 4619 Μ
1207 4581 1215 4617 :
1235 4575 1291 4618 tum
1303 4566 1335 4615 ii.
1351 4591 1380 4603 -
1400 4566 1445 4616 27.
1465 4565 1507 4614 eut

188 4631 227 4680 rai
245 4630 469 4699 (luetierbytanas
488 4644 621 4696 quartus:
641 4641 729 4702 cuique
746 4643 785 4689 ret
798 4640 869 4699 biii,
889 4641 930 4687 cui
941 4640 1041 4702 quidem
1053 4640 1091 4687 rei
1104 4639 1262 4688 Lambinus.
1278 4660 1308 4673 -
1328 4635 1372 4685 28.
1389 4637 1507 4699 trequen-

187 4706 228 4753 Μ
243 4703 267 4750 tt'
284 4709 360 4753 auat
379 4703 416 4755 ab
438 4728 467 4742 -
486 4705 530 4755 23.
550 4707 626 4769 lupus
645 4712 768 4759 ttraumra
777 4711 867 4772 publia
879 4709 975 4758 teututa
987 4709 1055 4771 quod
1067 4708 1105 4758 Μ.
1123 4732 1154 4744 ·-
1173 4709 1218 4757 30.
1237 4706 1388 4758 contendere
1400 4706 1504 4768 Repett.

179 4766 394 4827 ‚hubinhm-
411 4797 442 4811 -
473 4775 517 4823 32.
537 4783 560 4826 et
579 4779 671 4840 iniqua
689 4781 735 4829 M:
748 4783 839 4843 iniqua
853 4780 883 4828 E.
906 4805 934 4814 -
966 4779 1010 4827 33.
1029 4779 1097 4840 quod
1114 4775 1161 4840 est]
1174 4785 1211 4828 est
1224 4778 1292 4841 quoti
1304 4776 1342 4826 Μ.
1368 4799 1399 4811 -
1418 4775 1462 4824 36.
1482 4775 1505 4823 ei

185 4836 232 4891 Et
248 4841 273 4893 ll
288 4840 329 4893 a:
341 4867 372 4878 -
390 4843 528 4905 mabam
547 4846 696 4898 liroestius.
722 4873 752 4884 -
790 4851 833 4899 37.
855 4850 924 4898 Haec
944 4848 988 4898 lli:
1008 4848 1082 4902 Hae,
1103 4847 1208 4898 duabus
1226 4845 1365 4903 membris,
1385 4844 1416 4893 ii.
1431 4845 1503 4895 Fert.

185 4910 246 4960 ΠΜ
256 4914 435 4969 mertia
446 4937 458 4949 ·
469 4938 480 4949 -
492 4939 502 4948 -
516 4916 636 4967 dimissus
648 4926 695 4969 est.
733 4921 790 4979 aaa
808 4925 859 4969 eat.
878 4918 957 4968 Bata.
