3256 5400
588 233 662 294 Llli.
685 231 767 295 xlv.
810 233 868 295 EP.
893 234 941 294 ld.
966 234 1015 295 15.
1402 241 1461 302 701

140 391 273 454 aliorum
302 387 488 463 brutorum,
522 390 577 475 qui
599 411 633 454 se
655 386 764 454 cautos
786 410 821 453 ac
843 389 996 474 sapientes
1018 398 1141 474 putant:
1175 390 1289 477 quibus
1311 395 1385 458 satis
1407 395 1466 460 luit

141 482 265 554 laetari,
287 483 445 547 nonnullis
467 484 560 548 etiem
583 483 747 568 gratulari;
784 483 894 555 nullis,
918 503 1113 568 permanere.
1161 489 1191 549 3.
1215 485 1275 550 Sed
1297 490 1465 573 praeterita

142 577 339 640 omittamus:
373 581 450 641 istos
472 577 557 641 omui
580 597 655 641 cura
678 576 897 662 praesidioque
918 587 1079 655 tueamur;
1116 588 1163 651 et,
1201 580 1463 665 quemadmodum

142 680 175 734 tu
197 671 366 756 praecipis,
389 673 527 736 contenti
548 670 655 736 ldibns
677 672 796 736 Martiis
818 671 934 746 simus;
957 693 1037 756 quae
1059 671 1186 758 quidem
1209 674 1324 739 nostris
1346 675 1463 746 amicis,

141 764 254 829 divinis
284 765 376 836 viris,
413 765 529 830 aditum
559 765 597 829 ed
625 765 746 830 caelum
777 765 945 836 dederunt,
982 765 1155 830 libertatem
1184 769 1302 852 populo
1324 774 1487 835 Romanos

140 880 204 923 nou
226 858 388 924 dederunt.
434 858 612 924 Recordare
642 871 704 924 tua.
748 865 856 924 Nonne
884 857 1051 923 meministi
1077 859 1211 924 clamare
1234 871 1263 924 te
1285 863 1389 927 omnia
1411 884 1466 950 pe·

141 952 237 1025 risse,
267 953 293 1016 si
317 952 367 1017 ille
390 952 500 1018 lunere
524 954 621 1019 elatus
644 960 752 1019 esset?
786 954 950 1039 Sapienter
971 952 1003 1016 id
1026 953 1163 1037 quidem.
1207 957 1332 1040 ltaque,
1362 979 1402 1021 ex
1425 979 1464 1023 eo

141 1067 221 1131 quae
251 1047 418 1118 manarint,
452 1048 549 1113 vides.
606 1053 636 1112 d.
666 1053 754 1126 Quae
787 1047 900 1112 scribis
927 1047 1073 1111 Kalendis
1104 1047 1200 1111 luniis
1227 1050 1395 1115 Antonium
1425 1050 1464 1115 de

140 1139 311 1225 provinciis
339 1141 526 1216 relaturum,
563 1152 597 1206 ut
627 1150 747 1227 etipse
770 1142 884 1206 Gallias
909 1139 1020 1204 babeat
1048 1151 1078 1204 et
1100 1145 1241 1227 utrisque
1264 1141 1331 1207 dies
1352 1164 1465 1228 proro-

140 1242 250 1317 getur:
289 1233 433 1300 licebitne
465 1235 591 1301 decerni
620 1236 741 1301 liberet
778 1237 811 1301 Si
832 1235 973 1308 licuerit,
1003 1232 1178 1297 libertatem
1208 1255 1276 1299 esse
1298 1257 1502 1323 recupera-n

141 1338 202 1391 tam
226 1326 381 1402 laetabor;
419 1328 444 1393 si
475 1351 537 1395 non
567 1331 708 1403 licuerit,
741 1330 815 1416 quid
839 1329 914 1393 mibi
947 1327 1084 1391 attulerit
1111 1328 1169 1392 ista
1193 1327 1312 1392 domini
1333 1332 1463 1397 mutatio

140 1431 266 1506 praeter
294 1423 457 1494 laetitiam,
491 1445 583 1509 quam
613 1425 712 1489 oculis
741 1424 808 1508 cepi
838 1422 921 1487 iusto
949 1422 1077 1486 interitu
1098 1426 1243 1510 tyranni?
1280 1427 1309 1486 5.
1331 1425 1463 1508 Rapinas

140 1513 251 1579 scribis
284 1516 322 1581 ed
351 1515 428 1599 Opis
458 1515 543 1592 beri;
583 1539 660 1603 quas
691 1538 749 1582 nos
776 1537 902 1603 quoque
935 1526 1000 1580 tum
1034 1514 1225 1590 videbamus.
1269 1520 1331 1579 Nae
1354 1537 1411 1582 nos
1433 1526 1465 1582 et

140 1606 262 1674 liberati
285 1608 324 1674 ab
347 1610 483 1693 egregiis
505 1610 582 1675 viris
603 1631 661 1675 nec
682 1610 773 1675 liberi
796 1631 913 1674 sumus.
964 1614 1008 1673 lta
1030 1610 1098 1674 laus
1120 1610 1246 1674 illorum
1270 1618 1334 1681 est,
1373 1610 1463 1695 culpa

140 1711 257 1767 nostra.
299 1706 337 1766 Et
359 1703 495 1768 hortaris
516 1725 582 1777 me,
606 1713 640 1768 ut
664 1704 810 1769 historias
832 1703 988 1768 scribam?
1023 1712 1058 1768 ut
1080 1702 1222 1787 colligam
1246 1712 1328 1768 tauta
1352 1722 1501 1768 eorumu

141 1797 273 1866 scelera,
310 1817 326 1860 a
356 1796 470 1882 quibus
501 1798 677 1863 etiamnunc
704 1798 913 1863 obsidemur?
949 1801 1104 1862 Poterone
1127 1819 1182 1862 eos
1205 1798 1289 1882 ipsos
1312 1818 1374 1862 non
1398 1799 1466 1863 lau·

141 1889 230 1965 dere,
267 1890 321 1976 qui
347 1900 378 1955 te
406 1889 639 1975 obsignatorem
666 1892 899 1958 adhibuerunt?
936 1894 998 1953 Nec
1019 1890 1198 1955 mehercule
1220 1913 1271 1954 me
1293 1891 1463 1957 rauduscu-

139 1982 204 2047 lum
226 1994 350 2062 movet;
387 1986 443 2050 sed
466 1987 608 2051 homines
631 1986 823 2057 benevolos,
861 1984 1092 2070 qualescunque
1115 1993 1207 2052 sunt,
1231 2005 1326 2069 greve
1348 1996 1394 2051 est
1416 1987 1463 2051 iu-

140 2077 230 2162 sequi
251 2079 448 2148 contumelia.
506 2083 535 2143 6.
571 2081 631 2146 Sed
662 2081 700 2145 de
722 2079 867 2145 omnibus
889 2079 967 2143 meis
990 2080 1144 2152 consiliis,
1174 2087 1211 2144 ut
1233 2080 1360 2154 scribis,
1394 2082 1464 2146 exi-

140 2169 232 2235 stimo
255 2171 448 2257 exploratius
469 2195 526 2238 nos
548 2174 588 2238 ad
609 2175 762 2239 lialendas
783 2173 887 2238 Iunias
908 2182 1044 2237 statuere
1063 2193 1175 2259 posse,
1201 2173 1240 2238 ad
1256 2195 1333 2258 quas
1347 2174 1501 2251 ederent

141 2274 172 2328 et
194 2265 278 2329 omni
300 2287 360 2351 ope
392 2276 485 2354 atque
513 2289 609 2353 opera
638 2269 758 2343 enitar,
791 2267 957 2332 adiuvante
986 2287 1037 2331 me
1066 2267 1183 2333 scilicet
1204 2269 1387 2333 auctoritate
1411 2280 1462 2335 tua

141 2368 172 2422 et
200 2359 300 2441 gratia
331 2369 362 2423 et
389 2382 509 2425 summa
537 2362 692 2447 aequitate
718 2383 844 2433 causae,
879 2371 914 2425 ut
936 2361 975 2426 de
1000 2361 1171 2426 Buthrotiis
1193 2372 1318 2428 senatus
1339 2365 1463 2429 cousul-

140 2460 227 2524 tum,
264 2453 355 2538 quale
377 2453 501 2526 scribis,
535 2454 596 2518 bat.
640 2455 733 2534 Quod
756 2476 806 2519 me
828 2454 966 2538 cogitare
995 2452 1099 2527 iubes,
1133 2454 1277 2538 cogitabo
1300 2457 1461 2544 equidem:

141 2546 199 2608 etsi
223 2544 277 2609 tibi
308 2547 455 2613 dederam
478 2550 642 2634 superiore
672 2549 802 2635 epistola
824 2548 1033 2633 cogitandum.
1077 2553 1123 2614 Tu
1146 2557 1268 2622 autem,
1291 2550 1380 2634 quasi
1402 2550 1462 2614 iam

141 2650 324 2724 recuperata
345 2663 381 2707 re
402 2642 544 2728 publiea,
581 2643 691 2707 vicinis
713 2643 774 2707 tuis
796 2641 1043 2708 Massiliensibus
1064 2662 1121 2705 sua
1144 2642 1259 2706 reddis.
1301 2646 1389 2707 Haec
1414 2664 1502 2713 er-rs

142 2732 216 2806 mis,
253 2755 353 2819 quae,
383 2758 475 2822 quam
499 2737 587 2801 firma
617 2735 804 2811 babeamus,
841 2735 971 2820 ignoro,
1008 2735 1131 2800 restitui
1157 2735 1289 2800 sortasse
1318 2746 1462 2822 possunt,

142 2827 326 2894 auctoritate
348 2851 412 2895 non
433 2840 573 2916 possunt.

603 3004 667 3066 rr.
716 3000 772 3084 (A.
798 3004 830 3066 u.
852 3004 885 3066 c.
907 3001 1000 3077 πο.)

624 3124 765 3189 cronno
787 3120 931 3187 irneo
955 3125 985 3184 s.

229 3256 257 3317 1.
278 3251 415 3337 Epistola
437 3250 559 3327 brevis,
590 3275 671 3339 quae
692 3261 800 3340 postea
822 3271 840 3316 a
863 3261 892 3315 te
914 3250 1029 3335 scripta
1051 3258 1114 3322 est,
1142 3269 1217 3313 sane
1238 3247 1315 3314 mibi
1336 3248 1396 3315 luit
1417 3250 1504 3323 iu-20

143 3344 258 3420 cunda,
281 3344 321 3410 de
342 3345 430 3410 Bruti
451 3345 491 3410 ad
512 3347 680 3412 Antonium
702 3356 734 3411 et
755 3346 794 3410 de
816 3344 955 3410 eiusdem
978 3343 1016 3408 ad
1033 3353 1062 3408 te
1081 3343 1204 3408 litteris.
1249 3346 1343 3406 Posse
1358 3342 1465 3407 viden·

143 3449 195 3503 tur
217 3459 285 3503 esse
308 3439 457 3514 meliora,
494 3461 589 3524 quam
610 3438 711 3504 adbuc
732 3437 871 3503 luerunt.
928 3436 990 3502 Sed
1011 3435 1119 3510 nobis,
1154 3434 1207 3500 ubi
1230 3435 1326 3500 simus
1349 3445 1464 3522 etque

144 3533 204 3596 iam
228 3554 311 3598 nuuc
331 3555 389 3599 nos
411 3533 623 3606 conseramus,
645 3531 874 3620 providendum
896 3541 952 3595 est.
1012 3535 1041 3595 2.
1076 3528 1291 3595 Omirilreum
1323 3529 1466 3595 Dolabel-

143 3625 204 3690 lam
228 3631 352 3693 meuml
396 3631 461 3692 Iam
490 3628 572 3692 euim
601 3628 673 3693 dico
694 3648 814 3702 meum;
848 3635 952 3700 antea,
975 3624 1067 3690 erede
1093 3624 1189 3720 mibi,
1213 3620 1465 3688 subdubitabam.

144 3723 288 3804 Magnam
310 3722 538 3804 &rabidoque
572 3742 623 3786 res
645 3719 751 3785 babet:
789 3717 828 3783 de
850 3739 945 3793 saxo,
982 3719 1015 3783 in
1036 3739 1178 3791 crucem,
1209 3715 1384 3780 columnam
1408 3716 1504 3788 tol-ss

145 3813 228 3882 lere,
258 3813 362 3878 locum
390 3814 477 3880 illum
499 3813 701 3880 sternendum
728 3812 843 3878 locare.
896 3810 980 3889 Quid
1007 3815 1159 3898 quaeris?
1182 3809 1329 3893 ἤρωϊκάῐ
1358 3812 1467 3875 Sustu-

145 3905 219 3971 lisse
248 3906 323 3971 mibi
350 3908 475 3972 videtur
503 3909 732 3974 simulationem
762 3905 925 3980 desiderii,
955 3905 1056 3971 adbuc
1078 3927 1158 3991 quae
1180 3900 1326 3987 serpebat
1347 3901 1378 3965 in
1400 3902 1467 3968 dies

147 4011 178 4066 et
190 4001 376 4074 inveterata,
399 4000 544 4076 verebar,
572 4023 611 4065 ne
627 4000 803 4087 periculosa
819 4001 932 4065 uostris
947 3999 1178 4088 tqrannoctonis
1193 4004 1284 4061 esset.
1328 4000 1357 4059 3.
1381 4002 1467 4063 Nunc

146 4116 278 4180 prorsus
300 4094 454 4160 assentior
482 4097 542 4161 tuis
572 4095 684 4161 litteris
706 4116 862 4180 speroque
884 4094 1035 4172 meliora;
1072 4112 1260 4181 quamquam
1282 4089 1359 4154 istos
1382 4090 1466 4156 serre

147 4209 210 4252 non
236 4209 379 4274 possum,
416 4189 487 4275 qui,
523 4190 597 4254 dum
620 4211 654 4254 se
680 4209 788 4274 pacem
812 4188 891 4253 velle
914 4188 1082 4263 simulant,
1120 4196 1187 4252 acta
1214 4182 1332 4248 nefaria
1360 4187 1504 4252 delen-ro

148 4281 233 4346 dunt.
279 4282 339 4347 Sed
376 4304 438 4348 non
467 4290 597 4369 possunt
629 4283 733 4348 omnia
767 4281 869 4348 simul.
912 4281 1022 4368 Incipit
1043 4303 1095 4347 res
1125 4280 1238 4346 melius
1267 4284 1334 4357 irc,
1373 4301 1466 4368 quam

217 4500 244 4550 3.
261 4499 403 4564 praecipis]
432 4504 499 4563 petis
519 4502 530 4550 1
548 4508 575 4553 et
593 4517 634 4566 pr.
653 4504 691 4555 bl.
723 4528 758 4538 —
793 4505 836 4553 ll.
857 4499 969 4565 domini]
989 4505 1060 4553 domi
1079 4518 1120 4567 pr.
1139 4503 1177 4555 M.
1204 4527 1235 4539 -
1272 4504 1317 4553 13.
1341 4501 1393 4551 Nec
1419 4515 1468 4551 noa

149 4570 255 4620 liberati
288 4572 318 4620 ll.
353 4598 380 4607 -
421 4573 462 4622 15.
482 4570 613 4638 colligum]
642 4576 685 4623 cut
714 4574 798 4637 legam
817 4574 868 4623 311.
901 4599 930 4608 -
970 4574 1012 4622 17.
1033 4589 1072 4623 mc
1091 4587 1144 4624 om.
1167 4575 1187 4624 Ι.
1221 4597 1247 4607 -
1285 4573 1468 4621 Rauduscula

150 4641 180 4689 R.
204 4667 230 4677 -
270 4642 314 4691 23.
334 4655 374 4691 me
396 4655 450 4692 om.
473 4643 493 4692 1.
522 4667 546 4678 -
585 4644 629 4693 30.
649 4643 1035 4705 Epistola-·prootdendnm
1054 4649 1090 4693 est
1114 4658 1175 4693 com
1195 4643 1243 4706 Ep.
1264 4644 1334 4693 XlV.
1355 4644 1467 4693 coniun-

150 4712 188 4772 git
215 4711 383 4772 Cratander,
415 4713 485 4776 quod
514 4713 613 4775 placet.
646 4715 696 4764 On.
742 4714 772 4762 ln
795 4713 836 4764 bll
865 4715 1067 4775 coniunguntur
1097 4713 1163 4777 Epp.
1193 4714 1262 4763 xtv.
1295 4719 1320 4763 et
1346 4712 1401 4762 XV·
1435 4736 1467 4747 -

150 4781 193 4830 ³2.
213 4779 314 4842 {coint
333 4782 353 4830 l.
381 4807 413 4816 -
450 4782 493 4833 34.
512 4783 680 4834 subdubitant
699 4784 730 4833 ll.
761 4809 788 4821 -
827 4782 871 4834 33.
891 4779 1005 4854 ἡρωῖκά
1022 4784 1158 4835 Orellius:
1188 4784 1293 4833 beroien
1311 4783 1408 4833 Muto.
1435 4807 1466 4818 -

149 4850 193 4901 37.
213 4859 302 4913 torpet
320 4867 361 4916 pr.
380 4852 417 4906 31.
439 4876 469 4888 -
507 4853 549 4904 38.
568 4856 718 4905 inveterato
735 4853 875 4904 videbam
892 4855 1001 4904 endor
1018 4854 1050 4905 lt.
1074 4879 1103 4892 -
1140 4854 1266 4917 tenenat
1283 4856 1385 4903 octonis
1402 4853 1435 4904 ll.
