3256 5400
177 241 240 307 564
674 235 732 296 ΕΡ.
754 235 806 296 Ab
828 232 998 296 ATTlCUlll

178 401 233 463 tim
248 420 317 463 curn
332 395 355 459 ii
370 393 438 478 ipsi,
454 410 590 476 quorum
606 409 664 475 ego
676 411 768 455 causa
780 389 918 454 timidius
931 409 981 452 me
992 387 1136 452 fortunae
1144 387 1383 461 committebam,
1400 408 1501 458 uror,

179 492 257 564 filia,
281 492 447 557 Cicerones
469 483 575 569 pueri,
598 505 648 548 me
670 483 747 549 illud
768 484 858 570 sequi
880 483 1020 556 mallent,
1044 482 1104 546 boc
1117 492 1207 567 turpe
1223 491 1254 546 et
1268 504 1318 547 me
1333 483 1500 567 indignum

179 594 331 672 potarent.
370 585 446 644 Nam
467 577 601 656 Quintus
622 578 747 662 quidem
763 578 876 653 irater,
901 575 1051 663 quidquid
1069 576 1144 640 mihi
1160 576 1305 661 placeret,
1328 576 1360 641 id
1374 587 1501 642 rectum

179 701 213 744 se
235 687 344 763 putare
374 671 492 745 aiebat,
527 671 560 736 id
582 673 685 736 animo
708 674 897 760 aequissimo
927 668 1126 758 sequebatur.
1170 677 1199 736 5.
1222 675 1303 734 Tuas
1325 693 1407 735 nunc
1430 670 1502 758 epi-

156 773 272 838 ostolas
301 792 318 834 a
345 769 448 853 primo
478 766 560 850 lego.
612 770 677 831 llae
706 789 756 830 mc
785 767 923 852 paullum
950 774 1103 830 recreant.
1158 767 1280 829 Primae
1308 774 1435 829 monent
1467 771 1503 826 et

177 873 306 949 rogant,
342 884 381 926 ne
404 882 453 926 me
480 859 653 945 proiiciam.
708 861 873 924 Proximae
903 869 932 924 te
955 858 1092 943 gaudere
1114 858 1281 923 ostendunt
1301 879 1351 922 me
1373 880 1503 922 roman·

177 959 264 1024 sisse.
308 962 367 1021 Eas
389 976 460 1019 cum
482 954 569 1037 lego,
593 954 694 1018 minus
717 954 792 1018 mihi
808 953 907 1039 turpis
926 952 1052 1028 videor,
1075 952 1130 1018 sed
1146 963 1206 1018 tam
1224 952 1294 1026 diu,
1317 952 1391 1016 dum
1407 952 1500 1037 lego;

177 1051 292 1117 deinde
315 1048 446 1132 emergit
467 1067 593 1112 rursum
615 1046 706 1112 dolor
728 1055 759 1112 et
779 1053 923 1132 αἰσχροῦ
944 1059 1125 1129 φαντασία.
1168 1045 1381 1124 Quamobrem
1403 1045 1502 1111 obse·

176 1167 232 1211 cro
254 1154 302 1219 te,
325 1144 367 1208 mi
389 1142 472 1216 Tite,
503 1141 590 1227 eripe
612 1141 688 1206 mihi
710 1141 792 1206 hunc
813 1141 956 1206 dolorem
978 1151 1031 1207 aut
1052 1142 1158 1207 minue
1180 1141 1287 1206 saltem
1310 1151 1363 1206 aut
1383 1162 1502 1207 conso-

142 1239 292 1305 nolatione
313 1246 367 1302 aut
388 1236 519 1301 consilio
541 1247 594 1300 aut
616 1256 800 1322 quacunque
821 1256 857 1300 re
879 1246 978 1322 potes.
1017 1236 1101 1315 Quid
1122 1247 1155 1301 tu
1174 1246 1276 1300 autem
1292 1236 1420 1321 possis?
1443 1243 1502 1300 aut

177 1332 252 1420 quid
275 1331 370 1396 homo
393 1330 578 1417 quisquam?
600 1330 655 1394 vix
679 1328 755 1394 deus
774 1330 845 1394 iam.
889 1335 918 1394 6.
940 1330 1093 1416 Equidem
1116 1329 1192 1395 illud
1207 1328 1337 1400 molior,
1360 1328 1444 1414 quod
1464 1337 1501 1393 tu

175 1447 286 1492 mones
298 1446 467 1512 sperasque
480 1424 547 1488 lieri
563 1444 670 1510 posse,
686 1431 720 1488 ut
735 1422 809 1487 mihi
825 1426 939 1488 Caesar
953 1424 1110 1497 concedat,
1125 1434 1160 1489 ut
1174 1422 1282 1497 absim,
1298 1442 1367 1487 cum
1376 1420 1501 1509 aliquid

176 1520 209 1585 in
232 1531 340 1586 senatu
363 1528 469 1584 contra
493 1522 628 1584 Gnaeum
651 1526 770 1600 agatur.
814 1515 876 1580 Sed
896 1516 1009 1590 timeo,
1039 1539 1078 1581 ne
1101 1539 1163 1582 non
1185 1518 1360 1605 impetrem.
1403 1515 1503 1581 Venit

177 1615 216 1680 ab
239 1635 278 1680 eo
299 1613 449 1686 Furnius,
473 1647 511 1659 -
533 1623 569 1675 ut
590 1609 717 1695 quidem
733 1609 827 1683 scias,
850 1609 933 1695 quos¹
944 1631 1113 1697 sequamur
1135 1634 1190 1677 -τ
1217 1615 1255 1689 Q.
1271 1611 1377 1677 Titinii
1398 1609 1501 1675 fitium

143 1729 249 1774 recum
272 1711 402 1773 Caesare
424 1727 493 1770 esse
515 1704 652 1781 nuntiat;
689 1702 744 1768 sed
765 1702 853 1767 illum
875 1703 1011 1768 maiores
1033 1704 1109 1770 mibi
1131 1706 1246 1789 gratias
1268 1727 1377 1791 agere,
1400 1724 1499 1794 quam

176 1802 300 1867 uellem.
358 1798 441 1877 Quid
469 1808 571 1863 autem
605 1819 655 1862 me
683 1807 775 1882 roget
801 1829 838 1839 -
868 1797 976 1882 paucis
1005 1797 1057 1862 ille
1081 1798 1204 1885 quidem
1228 1798 1350 1873 verbis,
1384 1799 1439 1864 sed
1462 1809 1501 1863 ἐν

178 1896 311 1978 δυνάμει
341 1929 396 1965 -,
430 1912 584 1976 cognosce
614 1913 654 1956 ex
682 1891 780 1977 ipsius
810 1889 950 1975 epistola.
1000 1895 1051 1956 Me
1072 1893 1238 1967 miserum,
1269 1892 1355 1979 qnod
1377 1903 1410 1958 tu
1432 1914 1499 1958 non

177 1987 317 2053 valuistil
347 1990 410 2051 Una
431 1984 619 2064 fuissemus;
642 1984 806 2050 consilium
829 1993 913 2048 certe
936 2004 998 2049 non
1020 1984 1179 2051 defuisset.

344 2108 413 2174 Σύν
435 2135 465 2172 τε
489 2107 535 2171 δύ’
559 2117 729 2190 ἐρχομένω.

140 2265 168 2307 20
178 2231 240 2297 Sed
262 2239 328 2295 acta
356 2250 396 2293 ne
426 2248 570 2312 agamus:
603 2227 724 2312 reliqua
745 2246 903 2312 paremus.
946 2234 976 2294 7.
998 2234 1048 2294 lde
1070 2228 1170 2295 adhuc
1193 2229 1270 2294 haec
1292 2229 1355 2296 duo
1376 2229 1497 2297 lelelle-

176 2335 264 2391 runt:
299 2322 389 2387 initio
418 2342 490 2407 spes
516 2321 767 2407 compositionis,
796 2342 857 2407 qua
885 2321 965 2387 lacta
994 2321 1137 2389 volebam
1166 2324 1211 2387 uti
1248 2325 1392 2410 populari
1415 2326 1497 2398 vita,

177 2417 386 2486 sollicitudine
418 2424 607 2480 senectutem
642 2424 781 2479 nostram
820 2413 980 2494 liberanti;
1017 2415 1130 2481 deinde
1166 2416 1281 2483 bellum
1312 2417 1438 2484 crudele
1467 2427 1500 2483 et

179 2513 347 2578 exitiosum
368 2508 481 2595 suscipi
504 2529 521 2571 a
543 2508 692 2593 Pompeio
714 2507 935 2593 intelligebam.
978 2510 1115 2576 ldelioris
1137 2511 1352 2576 mediusfidius
1372 2512 1449 2576 civis
1467 2520 1499 2576 et

178 2607 240 2672 viri
260 2603 406 2690 putabam
428 2602 541 2689 quovis
563 2603 715 2688 supplicio
737 2602 816 2666 allici
838 2624 931 2688 quam
954 2604 997 2668 illi
1020 2604 1195 2669 crudelitati
1211 2626 1274 2670 non
1290 2606 1391 2670 solum
1406 2625 1500 2690 prae-

143 2713 248 2774 mess'e
270 2718 384 2761 vorum
412 2697 506 2761 etiam
539 2697 699 2761 interesse.
749 2694 880 2761 Videtur
901 2696 951 2761 vel
973 2697 1054 2762 mori
1077 2699 1172 2763 satius
1193 2698 1289 2763 luisse
1312 2719 1405 2784 quam
1428 2718 1498 2761 esse

179 2812 249 2856 cum
272 2791 331 2855 his.
373 2789 421 2855 dd
441 2789 518 2853 haec
540 2789 635 2873 igitur
656 2788 774 2872 cogita,
797 2791 839 2854 mi
861 2795 974 2865 Attice,
999 2792 1047 2855 vel
1064 2793 1167 2876 potius
1182 2793 1336 2876 excogita.
1380 2792 1500 2866 Quem-

180 2885 226 2949 vis
248 2894 394 2949 eveotum
415 2881 528 2947 lortius
551 2882 649 2947 leram
672 2902 764 2967 quam
790 2882 872 2948 bunc
894 2882 1045 2949 dolorem.

824 3037 859 3098 A.

503 3158 652 3221 CAESAR
673 3157 751 3218 IMP.
775 3158 805 3219 S.
827 3159 864 3219 D.
888 3159 1071 3222 CICERONI
1092 3162 1173 3222 IMP.

144 3284 172 3326 ³⁰
268 3274 343 3336 Cum
366 3269 516 3333 Furnium
537 3275 680 3331 nostrum
702 3275 820 3330 tantum
841 3267 1005 3342 vidissem,
1034 3290 1135 3355 nequo
1157 3270 1242 3356 loqui
1264 3292 1366 3357 neque
1388 3272 1499 3336 audire

182 3383 254 3426 meo
276 3360 442 3426 commodo
464 3360 651 3445 potuissem,
683 3379 886 3445 properarem
909 3370 1000 3448 atquo
1023 3383 1122 3427 essem
1145 3363 1176 3427 in
1198 3364 1325 3439 itinere,
1348 3367 1500 3452 praemis·

182 3456 224 3520 sis
246 3457 308 3520 iam
329 3453 520 3539 legionibus,
553 3451 724 3538 praeterire
755 3464 856 3518 tamen
886 3475 949 3518 non
970 3457 1078 3541 potui,
1113 3457 1188 3543 quin
1215 3467 1246 3522 ct
1266 3458 1437 3525 scriberem
1459 3459 1500 3525 ad

183 3558 213 3613 te
236 3557 267 3612 et
296 3548 383 3613 illum
412 3547 566 3611 mitterem
597 3545 773 3630 gratiasque
795 3568 938 3632 agerem;
969 3554 1026 3613 etsi
1049 3549 1109 3615 boc
1130 3559 1161 3615 et
1183 3550 1243 3616 leci
1265 3574 1358 3639 saepe
1380 3564 1412 3618 et
1432 3575 1501 3617 sae·

184 3641 254 3726 pius
282 3640 358 3705 mihi
385 3640 521 3705 lactarus
551 3639 685 3704 videor:
720 3639 762 3703 ita
790 3639 828 3704 de
858 3642 1071 3707 memoreris.
1121 3646 1278 3729 imprimis
1305 3667 1323 3709 a
1352 3657 1382 3710 te
1410 3655 1499 3732 peto,

149 3733 332 3819 saquoniam
364 3732 487 3798 conlido
515 3755 564 3797 me
591 3732 736 3796 celeriter
767 3731 806 3797 ad
833 3733 943 3798 urbem
967 3745 1149 3808 venturum,
1186 3746 1218 3800 ot
1241 3747 1270 3801 te
1292 3738 1335 3803 ibi
1358 3740 1499 3813 videam,

185 3836 221 3892 ot
241 3836 295 3893 tuo
317 3827 462 3901 consilio,
493 3826 608 3911 gratia,
642 3824 809 3911 dignitate,
840 3847 900 3912 opo
922 3829 1062 3893 omnium
1084 3852 1192 3895 rerum
1216 3831 1261 3897 uti
1283 3834 1410 3916 possim.
1453 3833 1501 3898 Ad

186 3920 381 4005 propositum
403 3930 561 3984 revertar:
597 3918 786 3984 festinationi
808 3941 895 3984 meae
921 3920 1129 4010 brevitatique
1151 3924 1323 3989 litterarum
1346 3925 1500 4011 ignosces.

187 4013 317 4098 Reliqua
338 4033 378 4076 ex
399 4012 516 4076 Furnio
538 4032 717 4097 cognosces.

1294 4163 1497 4174 -——--.

258 4229 369 4278 1111.
390 4250 422 4262 -·
457 4227 485 4276 2.
502 4226 564 4276 illuc
581 4227 656 4277 1.-
692 4228 718 4278 5.
737 4229 883 4292 paullulum
900 4231 932 4280 li.
953 4256 982 4268 ·-
1020 4232 1047 4282 6.
1068 4236 1221 4299 tepaudcre
1240 4236 1251 4285 l
1270 4243 1296 4287 et
1315 4252 1354 4300 pr.
1374 4237 1416 4286 dl:
1435 4251 1501 4301 pau·

187 4301 246 4350 dore
265 4299 361 4349 telill.
383 4321 411 4332 -
448 4297 475 4346 7.
495 4297 536 4345 Ea
553 4296 576 4346 1.
610 4323 638 4334 -
677 4301 935 4367 tamdiulirnestio
954 4308 1106 4364 suspectum
1127 4307 1244 4356 vindieat
1266 4308 1344 4357 lland
1363 4307 1441 4356 Turs.
1464 4308 1500 4356 ll.

188 4385 213 4434 p.
234 4370 294 4419 316.
325 4393 354 4403 -
390 4367 416 4417 8.
443 4374 468 4416 ct
494 4380 550 4415 om.
576 4366 607 4416 li.
641 4393 668 4404 -
710 4371 751 4417 11.
778 4371 917 4420 tamdem
946 4370 1021 4422 Mill.
1060 4372 1190 4435 (lituos,
1216 4375 1257 4437 z.)
1289 4401 1314 4411 -
1354 4377 1396 4426 tt.
1416 4373 1456 4440 ut]
1476 4384 1502 4427 et

187 4441 248 4491 MR.
270 4464 298 4476 -
337 4433 613 4500 Q.]qucbl‚quil.
639 4461 670 4474 ·-
708 4439 750 4488 15.
769 4436 823 4501 aad]
842 4448 866 4490 et
885 4441 906 4490 l.
927 4467 960 4476 -
996 4448 1242 4508 uperepratiarlt.
1271 4470 1300 4482 -
1337 4447 1379 4497 16.
1399 4447 1502 4510 midam

185 4511 230 4559 itta
257 4510 287 4559 li.
316 4533 343 4545 -
382 4509 426 4557 21.
445 4503 570 4569 uolebam]
598 4507 679 4557 lebam
697 4509 729 4557 ll.
756 4529 787 4544 -
821 4512 861 4559 uti
881 4512 1007 4573 populari
1035 4516 1102 4578 uita]
1128 4524 1157 4566 ut
1175 4518 1300 4579 populari
1317 4524 1346 4566 ut
1370 4530 1401 4565 eo
1424 4516 1500 4566 ntur.

188 4578 379 4643 (Emendatum
398 4590 429 4626 ex
447 4573 492 4639 Y.)
515 4599 543 4609 -
580 4578 622 4626 22.
643 4578 764 4627 liberanti
781 4579 821 4628 Y:
841 4581 948 4631 liberari
966 4582 1062 4633 Mltlll.
1092 4610 1120 4621 -
1158 4587 1202 4636 23.
1222 4587 1289 4650 quod
1306 4589 1402 4650 suscipi
1419 4588 1503 4637 male·

189 4653 234 4700 bat
252 4651 399 4699 Ernestius.
446 4646 497 4696 Sed
523 4644 573 4695 cir.
602 4647 719 4711 Madvig.
739 4649 761 4697 1.
782 4663 807 4711 p.
829 4651 888 4700 uto.
918 4677 944 4688 -
984 4654 1029 4704 25.
1052 4655 1194 4705 Videbatur
1212 4657 1286 4704 1.·-
1322 4657 1501 4709 2661111111

187 4724 220 4770 tis
240 4721 291 4769 lili-
304 4743 336 4755 -
355 4720 399 4768 31.
417 4730 458 4766 ma
470 4716 603 4766 commode
612 4720 741 4778 potuisset
750 4728 941 4780 properantem
949 4722 969 4771 1.
989 4723 1034 4781 (Ut
1051 4737 1111 4783 nos,
1129 4726 1269 4781 11113111.)
1288 4753 1316 4763 -
1338 4727 1382 4778 33.
1401 4736 1425 4778 ct
1442 4725 1501 4794 [cci]

189 4793 267 4857 ‘dell‘
285 4791 323 4849 Μ»
343 4789 455 4853 ‘³le
474 4787 518 4838 Ν·
554 4785 588 4848 (⁶l
606 4786 655 4849 {⁶⁶4
673 4803 727 4853 ma·
747 4789 797 4853 Μ)
818 4815 848 4826 -
885 4791 928 4844 36.
948 4793 1057 4858 Reliqua
1074 4809 1107 4846 cc
1123 4797 1223 4848 Furnio
1239 4811 1372 4863 cognoscas
1388 4811 1443 4849 om.
1464 4799 1501 4850 Μ.

190 4862 297 4923 (Addita
316 4866 378 4909 sunt
396 4859 423 4908 ln
442 4871 496 4921 mg.
516 4857 567 4915 ll.)
