3256 5400
175 221 239 284 138
601 215 877 283 asserebantur
896 218 950 281 AD
972 217 1064 285 ΕΔΜ.

172 374 299 452 vinciis;
335 375 370 439 in
403 395 498 461 quam
530 372 632 440 adhue
659 373 840 439 incubuisse
869 394 940 438 cum
962 380 1071 438 senatu
1092 372 1262 458 Pompeius
1284 371 1428 447 videtur,
1465 383 1501 438 ut

174 475 287 536 Cacsar
302 468 348 534 ld.
366 467 535 535 Novembr.
551 466 689 533 decedat.
734 467 830 533 Curio
848 466 953 533 emnia
976 466 1080 552 potius
1098 466 1204 531 subire
1226 467 1387 531 constituit
1406 489 1501 553 quam

173 562 207 628 id
228 563 309 649 pati;
332 571 451 628 ceteras
473 582 545 626 suas
566 560 682 626 abiecit
702 561 852 626 actiones.
894 560 1000 626 Nostri
1021 581 1136 646 porro,
1159 581 1239 645 quos
1263 571 1295 626 tu
1310 559 1391 625 bene
1408 562 1500 635 nosti,

173 655 213 721 ad
235 665 411 720 extremum
433 664 591 720 certamen
612 677 679 720 rem
702 655 859 719 deducere
875 677 938 720 non
953 655 1078 720 audent.
1122 658 1219 718 Scene
1234 655 1279 719 rei
1298 654 1392 721 totius
1408 655 1499 718 haec:

150 750 356 835 ePempeius,
395 761 552 835 tamquam
582 752 747 814 Caesarem
769 770 832 814 non
858 749 1033 834 impugnet,
1071 747 1142 822 sed,
1177 749 1262 832 quod
1293 748 1338 812 illi
1364 770 1501 833 aequum

172 852 281 928 putet,
314 844 495 918 constituat,
532 842 577 909 ait
596 843 765 909 Curionem
786 864 940 928 quaerere
964 842 1147 907 discordias.
1190 842 1288 907 Valde
1311 851 1500 906 autemnon

171 937 240 1003 vult
260 947 292 1002 et
311 937 401 1022 plane
426 937 514 1001 timet
539 941 704 1001 Caesarem
726 937 887 1001 consulem
903 937 1060 1020 designari
1081 936 1185 1021 prius,
1209 957 1301 1019 quam
1324 934 1501 999 exercitum

172 1039 205 1095 et
225 1030 418 1115 provinciam
442 1029 614 1094 tradiderit.
672 1029 832 1114 decipitur
853 1030 927 1094 satis
953 1030 1034 1093 male
1056 1051 1073 1093 a
1097 1030 1250 1102 Curione,
1273 1040 1304 1093 et
1326 1037 1409 1094 totus
1432 1031 1500 1094 eius

172 1123 327 1190 secundus
354 1123 531 1188 consulatus
559 1124 745 1209 exagitatur.
788 1128 857 1188 lloe
879 1123 936 1189 tibi
959 1123 1050 1187 dieo:
1073 1124 1100 1187 si
1129 1122 1275 1189 omnibus
1303 1121 1399 1187 rebus
1428 1145 1501 1209 prc-

136 1247 163 1287 11
172 1226 258 1282 ment
290 1216 476 1289 Curionem,
508 1221 622 1282 Caesar
653 1217 854 1295 defendetur;
891 1218 1134 1281 intercessorem
1164 1217 1191 1282 si
1220 1252 1261 1263 —
1284 1216 1368 1303 quod
1391 1217 1501 1281 viden-

172 1321 225 1376 tur
246 1347 286 1356 —
308 1309 574 1385 reformidabant,
608 1315 738 1386 Caesar,
772 1310 876 1396 quoad
898 1312 998 1385 volet,
1021 1309 1170 1374 manebit.
1224 1314 1255 1374 1.
1289 1313 1391 1386 Quam
1414 1311 1501 1394 quis·

173 1426 235 1492 que
257 1405 440 1469 sententiam
464 1404 597 1478 dixerit,
632 1405 664 1468 in
686 1404 911 1470 commentario
934 1414 981 1468 est
1002 1425 1110 1468 rerum
1132 1401 1348 1469 urbanarum:
1371 1427 1412 1468 ex
1434 1425 1499 1490 quo

172 1507 221 1570 tu,
258 1519 339 1583 quae
361 1498 453 1582 digua
476 1508 562 1569 sunt,
587 1498 701 1584 selige;
738 1499 834 1563 multa
856 1498 970 1572 transi,
993 1497 1149 1582 imprimis
1171 1497 1318 1561 ludorum
1341 1497 1501 1582 explosio-

173 1611 229 1654 nes
251 1600 281 1655 et
302 1590 448 1655 funerum
470 1601 501 1655 et
523 1590 712 1677 ineptiarum
734 1603 928 1669 ceterarum
965 1592 1056 1676 plura
1078 1588 1172 1654 babet
1200 1590 1299 1655 utilia.
1355 1591 1499 1676 Denique

138 1683 257 1751 iemalo
287 1682 320 1746 in
342 1684 421 1747 bane
447 1695 568 1768 partem
591 1706 722 1761 errare,
754 1695 805 1761 ut,
842 1706 922 1772 quae
944 1706 1008 1749 non
1030 1682 1208 1759 desideres,
1246 1683 1371 1757 audias,
1405 1705 1499 1770 quam

174 1776 357 1862 quidquam,
381 1777 465 1862 quod
488 1799 568 1863 opus
590 1787 650 1854 est,
674 1780 950 1865 praetermittatur.
994 1776 1063 1842 Tibi
1085 1798 1179 1842 curae
1198 1776 1296 1842 fixisse
1312 1775 1351 1841 dc
1367 1777 1498 1842 Sittiano

173 1870 320 1952 negotio,
343 1872 476 1953 gaudeo.
533 1871 614 1945 Sed,
654 1875 802 1959 quoniam
824 1871 1015 1958 suspicaris,
1046 1870 1151 1936 minus
1172 1881 1258 1936 certa
1278 1870 1340 1935 lrdc
1362 1892 1419 1937 eos
1442 1871 1499 1936 tibi

172 1962 272 2037 visos,
294 1973 451 2050 tamquam
472 1975 680 2050 procurator,
704 1967 749 2032 sie
770 1988 860 2053 agas,
883 1986 973 2051 rogo.

639 2111 711 2170 xn.
755 2106 803 2191 (x.
830 2110 862 2171 u.
887 2103 1027 2184 1101.)

134 2254 162 2294 ,0
622 2221 783 2284 exueres
806 2219 992 2285 crunnum
1013 2221 1046 2284 s.

259 2342 287 2403 1.
309 2336 408 2403 Pudet
429 2358 480 2402 me
502 2337 560 2403 tibi
582 2339 724 2404 confiteri
752 2350 783 2405 et
805 2344 893 2426 queri
917 2338 955 2404 de
977 2340 1083 2426 Appii,
1115 2341 1251 2407 bominis
1273 2341 1497 2427 ingratissimi,

172 2432 317 2506 iniuriis,
340 2431 394 2519 qui
417 2453 467 2495 mc
489 2431 610 2507 odisse,
633 2434 707 2518 quia
729 2455 840 2518 magna
861 2433 939 2499 mibi
961 2434 1095 2501 debebat
1115 2436 1284 2511 beneficia,
1310 2436 1434 2521 coepit,
1457 2445 1498 2510 et,

172 2547 244 2592 eum
266 2527 361 2591 bomo
382 2547 513 2600 avarus,
543 2535 579 2590 ut
600 2548 636 2590 ea
659 2528 816 2602 solveret,
845 2527 906 2591 sibi
927 2528 1085 2615 imperare
1107 2552 1170 2596 non
1193 2538 1318 2616 posset,
1342 2529 1499 2593 oecultum

172 2620 289 2686 bellum
312 2619 389 2683 mibi
410 2620 542 2693 indixit,
565 2625 607 2684 ita
631 2622 787 2686 oecultum
809 2632 934 2696 tamen,
962 2632 997 2687 ut
1018 2624 1107 2688 mexlti
1130 2624 1208 2688 mibi
1229 2622 1445 2688 renuntiarent
1468 2632 1500 2686 et

135 2714 240 2800 „ipse
262 2714 352 2778 saeile
374 2713 656 2778 animadverterem
679 2715 759 2779 male
782 2736 854 2779 eum
877 2713 916 2779 de
939 2736 988 2779 me
1006 2717 1155 2800 cogitare.
1198 2721 1405 2802 Posteaquam
1420 2736 1499 2780 vero

173 2806 314 2891 comperi
329 2828 401 2871 eum
416 2807 584 2892 collegium
606 2817 748 2883 tentasse,
771 2809 885 2874 deinde
907 2819 1014 2894 aperte
1036 2830 1108 2874 eum
1130 2809 1317 2894 quibusdam
1339 2810 1494 2886 locutum;

173 2920 244 2964 cum
266 2904 300 2963 L.
327 2900 482 2974 Domitio,
519 2910 554 2965 ut
574 2923 656 2967 nunc
685 2913 746 2978 est,
784 2903 862 2966 mibi
884 2902 1100 2968 inimicissimo
1122 2903 1265 2977 homine,
1300 2902 1497 2979 deliberare;

173 2993 253 3058 velle
276 2991 335 3057 1101
360 2994 580 3058 munusculum
602 2994 728 3060 delerre
751 3001 804 3063 Cn.
827 2997 993 3081 Pompeio:
1016 2996 1119 3082 ipsum
1141 3007 1175 3061 ut
1196 2995 1385 3083 prenderem
1407 3004 1438 3059 et
1458 2994 1498 3058 ab
1559 3069 1561 3074 ,

173 3106 212 3152 eo
233 3087 422 3171 deprecarer
442 3087 605 3161 iniuriam,
635 3111 728 3175 1111111
750 3091 845 3155 vitam
868 3090 943 3154 mihi
966 3090 1082 3155 debere
1104 3101 1265 3177 putaram,
1287 3092 1458 3176 impetrare
1480 3110 1498 3152 a

136 3200 223 3258 „me
246 3202 309 3244 non
332 3181 429 3266 potui.
480 3185 510 3246 2.
534 3182 618 3259 Quid
641 3204 718 3268 ergo
741 3191 813 3248 est?
847 3190 964 3248 Tamen
986 3186 1075 3271 quasi
1097 3185 1262 3272 †aliquod
1283 3185 1413 3256 amieis,
1444 3184 1497 3269 qui

174 3283 268 3339 testes
297 3284 386 3339 erant
417 3296 562 3340 meorum
594 3277 626 3341 in
652 3277 741 3343 illum
767 3278 974 3350 meritorum,
1008 3279 1132 3344 locutus
1165 3301 1255 3356 sum;
1295 3288 1498 3363 posteaquam

172 3368 260 3433 illum
283 3389 321 3431 ne
344 3369 394 3432 eui
423 3369 615 3435 satisfaceret
636 3371 762 3456 quidem
784 3393 835 3436 me
858 3371 986 3455 dignum
1008 3373 1125 3438 babere
1152 3372 1252 3447 sensi,
1286 3372 1381 3436 malui
1404 3370 1498 3435 colle·

173 3481 230 3545 gae
253 3460 337 3536 eius,
360 3460 478 3526 homiui
500 3463 692 3529 alienissimo
714 3463 791 3528 mihi
814 3473 844 3528 ct
865 3475 997 3551 propter
1014 3466 1182 3532 amicitiam
1198 3476 1282 3531 tuam
1297 3487 1361 3530 nou
1375 3464 1500 3550 aequis·

173 3554 277 3630 simo,
314 3578 365 3620 mc
392 3555 533 3641 obligare
563 3579 657 3641 quam
697 3558 780 3622 illius
808 3558 917 3623 simiae
948 3559 1069 3626 vultum
1098 3559 1216 3625 subire.
1268 3558 1302 3624 ld
1332 3567 1498 3644 postquam

137 3648 293 3723 „resciit
323 3651 491 3716 excanduit
512 3662 543 3717 ct
569 3673 619 3715 me
640 3673 766 3717 eausam
788 3653 1022 3719 inimicitiarum
1043 3675 1195 3741 quaerere
1228 3652 1413 3725 clamitavit,
1446 3662 1498 3725 ut,

174 3742 200 3807 si
222 3743 299 3806 mibi
322 3744 353 3808 in
378 3747 510 3830 pecnnia
534 3746 636 3810 minus
663 3745 876 3818 satisfecisset,
900 3748 1057 3832 perhanc
1079 3748 1215 3833 speciem
1245 3745 1408 3811 simultatis
1426 3766 1498 3808 eum

174 3848 380 3902 consectarer.
423 3845 533 3906 Postea
557 3862 619 3904 non
639 3838 756 3904 destitit
778 3861 937 3904 arcessere
958 3842 1065 3906 Polam
1085 3840 1244 3914 Servium,
1267 3848 1497 3910 accusatorem,

173 3929 255 3995 inire
280 3953 350 3996 eum
372 3934 511 3999 Domitio
534 3933 673 3999 consilia.
717 3938 747 3998 3.
778 3933 900 4009 Quibus
930 3956 1000 4000 cum
1022 3956 1135 4020 parum
1156 3934 1357 4020 procederet,
1380 3940 1415 3996 ut
1435 3931 1498 3995 ulla

243 4160 269 4208 1.
289 4161 373 4210 adine
390 4170 427 4211 eet
444 4163 586 4212 incubuisse
604 4163 641 4213 M.
664 4189 693 4199 —
731 4163 983 4216 2.1’11111.1101.Μ.
1013 4190 1042 4200 -
1080 4164 1107 4214 d.
1128 4165 1243 4212 01111111
1261 4163 1299 4212 Μ.
1326 4185 1357 4197 -
1393 4161 1419 4210 9.
1440 4174 1499 4208 cen·

173 4229 214 4278 eet
233 4229 269 4278 M.
301 4254 329 4264 -
368 4233 410 4282 10.
429 4234 623 4283 intercessorem
640 4235 663 4282 ei
682 4233 728 4283 M:
748 4233 771 4281 si
788 4235 981 4284 intercessorem
999 4235 1031 4284 E.
1060 4258 1092 4270 -
1128 4235 1249 4282 viderunt
1269 4233 1306 4280 M.
1328 4255 1358 4267 -
1397 4231 1439 4278 11.
1461 4243 1500 4278 re·

173 4300 353 4363 {omnidnbnnt
372 4303 411 4352 N:
439 4305 645 4365 reformidarunt
662 4303 707 4362 M,
739 4304 938 4364 reformidarent
957 4304 988 4353 E.
1017 4324 1050 4338 -
1086 4303 1130 4353 11.
1149 4299 1238 4362 utilia]
1257 4309 1286 4350 nt
1304 4301 1353 4350 etta
1371 4301 1416 4358 M,
1440 4302 1501 4348 ine·

175 4369 234 4418 titio
251 4371 290 4429 N,
321 4372 410 4435 (utilia
429 4373 550 4422 Weiske.
580 4397 611 4408 -
660 4373 703 4421 15.
729 4372 854 4422 desideres
872 4375 918 4422 M:
950 4375 1081 4423 desideres
1099 4373 1129 4422 11.
1157 4394 1191 4406 -
1227 4372 1269 4420 17.
1300 4374 1423 4434 quonium
1451 4369 1498 4419 M:

174 4452 251 4502 quum
272 4440 300 4488 E.
329 4467 358 4478 -
396 4445 514 4505 suspicor
532 4449 558 4493 et
577 4457 637 4492 mox
661 4444 697 4491 eis
716 4456 764 4504 pro
794 4444 831 4491 sic
857 4444 975 4493 malebat
997 4443 1146 4493 Ernestiue·
1177 4465 1207 4477 -
1245 4436 1297 4501 eos]
1316 4455 1384 4490 meos
1403 4440 1499 4488 leitter-

174 4508 295 4559 naeuius.
324 4534 355 4546 -
394 4511 436 4561 18.
463 4509 539 4576 epos]
565 4527 644 4578 egros
669 4512 706 4561 M.
740 4536 770 4546 -
808 4513 851 4561 23.
879 4511 918 4575 eet]
950 4522 974 4563 et
1003 4528 1043 4575 pr.
1070 4513 1108 4564 M.
1134 4535 1165 4547 -
1209 4511 1254 4559 28.
1283 4516 1314 4558 ut
1332 4525 1386 4559 om.
1408 4510 1444 4558 M.
1468 4535 1496 4544 -

173 4578 217 4628 23.
235 4581 504 4642 iniueiemqueeiteen
520 4583 557 4632 M.
583 4607 613 4617 -
642 4589 770 4644 patarum
789 4583 832 4632 M:
856 4592 981 4645 petorem
1001 4584 1031 4632 Ε.
1054 4606 1084 4618 -
1121 4582 1165 4631 30.
1189 4589 1275 4631 tumen
1298 4583 1374 4643 quusi
1392 4579 1500 4642 aliquod

173 4649 263 4698 11111111
282 4649 326 4699 M:
359 4651 424 4700 Tem
441 4655 543 4714 quidem
562 4667 619 4702 cum
636 4653 737 4714 aliquot
756 4654 846 4701 amicis
866 4653 901 4710 E,
936 4655 1046 4708 Tamen,
1066 4653 1141 4715 quusi
1159 4653 1274 4715 aliquid,
1295 4653 1387 4699 amieis
1405 4650 1500 4699 Manu·

173 4719 236 4767 tius.
274 4718 385 4769 Videtur
408 4721 510 4785 aliquid
530 4724 682 4776 excidisse,
710 4722 814 4771 veluti:
845 4723 940 4773 Temen
958 4725 1033 4787 quen·
1051 4722 1125 4771 utteed
1143 4736 1221 4785 agene
1240 4721 1341 4782 aliquot
1360 4735 1414 4768 enm
1434 4719 1500 4768 emi·

172 4789 208 4837 eie
221 4795 273 4838 eet.
293 4790 345 4841 011.
366 4814 396 4826 -
416 4792 461 4840 32.
480 4794 544 4855 quoi
561 4794 598 4845 M.
620 4818 652 4828 -
688 4795 732 4844 35.
753 4795 829 4841 rescit
848 4794 885 4843 M.
904 4818 938 4832 ‹-
974 4793 1113 4843 excanduit
1131 4793 1172 4844 N:
1200 4793 1323 4842 eeendeit
1341 4791 1386 4850 M,
1409 4792 1500 4839 ineen-

171 4859 229 4909 deit
247 4858 278 4910 E.
299 4884 328 4895 -
365 4875 445 4913 11111
462 4863 499 4915 Μ.
520 4889 552 4900 -
588 4863 885 4916 incenante·
921 4863 1014 4927 petum
1031 4861 1069 4915 M.
