3256 5400
175 213 238 283 222
600 206 878 275 EPISTOLIIRIIII
895 208 948 272 AI)
965 207 1060 273 stu.

175 370 233 444 sit,
255 366 425 435 iucundum
446 363 504 432 tibi
524 364 604 431 lore.
647 368 677 432 3.
700 363 794 442 Quod
815 362 892 429 mihi
913 362 1174 429 existimationem
1194 371 1278 429 tuam
1299 361 1497 448 dignitatem·

175 485 237 552 que
259 460 474 535 commendas,
510 458 587 525 facis
607 467 642 524 tu
666 456 794 544 qudem
822 458 962 522 omnium
983 477 1091 533 more:
1129 456 1186 522 sed
1206 457 1300 522 velim
1322 458 1368 524 sic
1389 459 1496 526 existi·

174 579 256 633 mes,
292 576 364 630 me,
395 574 467 619 cum
489 553 611 629 amori,
632 570 726 638 quem
748 550 909 616 internos
930 559 1073 616 mutuum
1095 570 1164 615 csse
1185 551 1376 635 intelligam,
1398 552 1498 638 pluri-

174 671 261 717 mum
281 647 434 723 tribuam,
469 656 536 712 tum
567 646 750 712 desummo
771 643 898 728 ingenio
919 643 1012 710 etde
1040 643 1151 709 studiis
1172 643 1234 709 tuis
1255 645 1382 731 optimis
1403 646 1497 713 etde

151 764 230 829 sspe
259 740 467 828 amplissimae
499 739 656 826 dignitatis
686 738 728 805 ita
757 737 918 812 iudicare,
953 746 990 804 ut
1020 738 1178 805 neminem
1205 735 1262 804 tibi
1291 747 1497 824 anteponam,

174 855 353 924 comparem
373 854 501 922 paucos.

627 975 740 1038 xv111.
784 972 833 1056 (A.
858 974 890 1037 u
913 975 945 1038 c.
967 969 1053 1057 roe.)

461 1097 603 1163 CICERO
626 1098 657 1160 S.
679 1098 717 1160 D.
740 1094 963 1160 CORNIFICIO
986 1096 1203 1164 COLLEGAE.

260 1212 290 1276 1.
312 1205 406 1286 Quod
425 1215 602 1274 extremum
623 1204 683 1273 fuit
702 1205 796 1275 inea
816 1205 962 1291 epistola,
998 1226 1092 1290 mam
1114 1226 1133 1270 a
1154 1214 1186 1270 te
1207 1206 1353 1293 proxime
1374 1209 1497 1293 accepi,

141 1304 216 1370 trad
235 1302 269 1370 id
289 1303 426 1388 primum
446 1299 656 1387 respondebo.
698 1298 844 1366 Animum
867 1298 988 1365 advorti
1011 1298 1094 1364 eninr
1116 1298 1177 1365 boc
1197 1321 1255 1366 vos
1276 1322 1406 1387 magnos
1426 1323 1499 1368 ora·

175 1412 261 1464 tores
287 1396 391 1462 lacere
423 1415 656 1480 nonuunquam.
713 1392 868 1478 Epistolas
895 1393 1032 1478 requiris
1064 1414 1169 1472 meas;
1207 1414 1266 1479 ego
1293 1404 1397 1460 auteur
1420 1418 1499 1461 nun·

176 1513 285 1579 quam,
307 1512 379 1557 cum
400 1489 476 1555 mibi
498 1488 711 1554 denuntiatum
733 1497 816 1553 esset
836 1508 855 1552 a
876 1487 938 1553 tuis
959 1487 1006 1552 ire
1028 1487 1184 1574 aliquem,
1207 1510 1270 1554 non
1292 1489 1374 1555 dedi.
1404 1490 1499 1567 Quod

176 1585 256 1650 mibi
276 1584 387 1651 videor
407 1605 449 1648 cx
470 1582 531 1648 tuis
552 1582 664 1648 litteris
684 1581 859 1667 intelilgere
883 1592 914 1646 te
936 1580 1012 1645 nibil
1027 1582 1267 1649 commissurum
1289 1604 1357 1649 esse
1379 1592 1499 1649 temere

177 1699 234 1745 nec
255 1687 343 1753 ante,
365 1698 460 1764 quarn
481 1676 607 1759 scisses,
630 1696 693 1762 quo
714 1675 773 1740 iste
795 1674 901 1740 nescio
923 1674 978 1760 qui
1000 1674 1152 1741 Caecilius
1173 1682 1285 1742 Bassus
1308 1685 1497 1762 erumperet,

143 1772 347 1859 nequidquam
368 1770 445 1836 certi
466 1770 721 1842 constituturum,
749 1768 782 1833 id
805 1789 864 1853 ego
888 1777 918 1834 et
940 1789 1098 1854 speraram
1122 1769 1287 1854 prudentia
1308 1782 1360 1837 tua
1382 1771 1497 1844 fretus,

176 1876 225 1940 et,
262 1874 297 1931 ut
318 1864 524 1937 confiderem,
561 1862 704 1929 fecerunt
732 1871 804 1926 tuae
831 1862 1024 1947 gratissimae
1056 1863 1132 1928 mibi
1161 1863 1305 1943 litterae;
1340 1864 1436 1952 idque
1464 1874 1499 1932 ut

176 1958 271 2024 facias
292 1978 387 2043 quam
408 1957 606 2042 saepissime,
642 1966 678 2022 nt
699 1954 825 2042 etquid
849 1964 882 2020 tu
903 1975 976 2040 ngas
998 1956 1125 2042 etquid
1147 1968 1257 2042 agatur
1277 1960 1358 2025 scire
1381 1961 1497 2046 possim

177 2062 209 2118 et
230 2052 322 2117 etiarn
344 2049 418 2137 quid
440 2060 564 2115 acturus
585 2050 641 2125 sis,
663 2049 753 2116 valde
775 2058 805 2113 te
823 2068 913 2132 rogo.
957 2050 1021 2114 Etsi
1043 2051 1209 2137 periniquo
1231 2053 1372 2138 patiebar
1392 2055 1498 2121 animo

177 2157 208 2211 te
229 2168 248 2211 a
269 2167 321 2211 me
343 2142 484 2228 digredi,
508 2154 610 2209 tamen
631 2165 671 2208 eo
692 2153 834 2228 tempore
853 2163 905 2206 me
925 2141 1127 2218 consolabar,
1149 2145 1234 2231 quod
1250 2156 1280 2210 et
1295 2147 1326 2211 in
1341 2169 1498 2213 summum

141 2240 277 2306 molium
306 2247 336 2302 te
373 2238 421 2303 ire
448 2236 624 2303 arbitrabar
645 2245 677 2302 et
697 2236 737 2301 ab
758 2235 1009 2323 impendentibus
1031 2238 1151 2323 magnis
1172 2240 1304 2323 negotiis
1326 2240 1498 2307 discedere.

177 2336 208 2398 2.
231 2336 401 2416 Utrumque
422 2340 531 2397 contra
552 2330 679 2397 accidit:
700 2331 771 2396 istic
789 2331 872 2396 enirn
894 2329 1010 2395 bellum
1032 2340 1080 2396 est
1100 2341 1260 2409 exortum,
1283 2334 1334 2399 bic
1347 2356 1410 2422 pax
1424 2357 1500 2400 con-

177 2434 296 2502 secuta3
319 2424 374 2491 sed
396 2434 499 2490 tamen
520 2423 675 2490 eiusmodi
695 2445 767 2510 pax,
788 2424 821 2489 in
843 2443 925 2510 qua,
947 2422 974 2488 si
996 2423 1137 2500 adesses,
1160 2425 1256 2491 multa
1277 2437 1308 2492 te
1331 2449 1393 2493 uon
1415 2427 1500 2492 dele-

179 2528 311 2595 ctarent;
346 2540 382 2583 ea
403 2528 523 2593 tamen,
558 2539 637 2605 quae
659 2541 698 2587 ue
719 2519 821 2603 ipsum
844 2522 1007 2584 Caesarem
1029 2518 1157 2604 quidem
1178 2518 1341 2586 delectant
1396 2521 1500 2587 Bello-

178 2632 250 2676 rum
264 2611 347 2676 enim
357 2611 495 2676 civilium
510 2611 533 2675 ii
551 2632 676 2697 semper
694 2611 797 2676 exitus
809 2621 895 2684 suut,
917 2620 1027 2676 utnon
1047 2633 1084 2676 ea
1099 2611 1200 2677 solum
1215 2612 1307 2688 liant,
1329 2636 1410 2701 quae
1427 2615 1500 2679 velit

141 2705 296 2778 sanictos,
318 2702 507 2776 sedetiam,
529 2712 565 2769 ut
586 2704 626 2769 iis
647 2725 715 2769 mos
737 2704 892 2788 gerendus
914 2705 968 2778 sit,
1000 2704 1112 2790 quibus
1133 2705 1328 2773 adiutoribus
1350 2709 1390 2773 sit
1408 2718 1498 2794 parta

179 2797 318 2864 victoria.
370 2796 523 2883 Equidem
544 2797 588 2861 sic
610 2797 670 2861 iam
699 2796 854 2872 obdurui,
878 2807 912 2863 ut
933 2796 1015 2863 ludis
1036 2797 1177 2864 Caesaris
1200 2800 1298 2865 nostri
1320 2801 1425 2865 auimo
1446 2821 1500 2866 ae-

180 2890 330 2975 quissimo
357 2890 497 2955 viderem
534 2896 568 2955 Τ.
604 2890 770 2965 Plancum,
805 2890 949 2956 audirem
977 2890 1104 2957 LaberIi
1140 2902 1171 2958 et
1206 2892 1308 2959 Publii
1343 2903 1499 2980 po'emata.

177 2983 259 3048 Nihil
294 2983 371 3049 mihi
399 2994 462 3049 tam
494 2982 602 3048 deesse
631 2989 709 3050 scito
742 3006 835 3072 quam
871 2989 997 3071 quIcum
1024 2985 1100 3050 baec
1130 2985 1324 3052 familiariter
1345 2989 1499 3074 docteque

178 3076 308 3142 rideam.
350 3083 380 3143 ls
402 3087 436 3142 tu
457 3077 535 3151 eris,
558 3077 587 3142 si
607 3098 701 3164 quarn
722 3079 857 3165 primum
873 3079 1008 3144 veneris.
1052 3080 1146 3158 Quod
1167 3091 1202 3147 ut
1217 3081 1331 3155 incias,
1354 3103 1498 3148 nonmea

144 3173 283 3239 msolum
304 3171 361 3238 sed
382 3172 474 3237 etiam
496 3181 549 3238 tua
567 3170 719 3238 iuteresse
740 3171 889 3239 arbitror.
1520 3173 1521 3176 ’

643 3342 726 3405 mr.
769 3339 818 3425 (A.
844 3343 876 3407 u.
899 3343 931 3406 c.
952 3340 1037 3427 710.)

613 3465 755 3529 CICERO
778 3464 1002 3530 CORNIFICIO
1026 3466 1057 3528 S.

266 3580 294 3642 1.
315 3573 545 3641 Lubentissime
559 3573 621 3659 legi
643 3584 711 3639 tuas
731 3573 860 3649 litteras,
883 3574 916 3639 in
938 3573 1051 3661 quibus
1066 3575 1323 3642 iucundissimum
1337 3576 1414 3641 mihi
1428 3576 1498 3652 fuit,

181 3670 266 3758 quod
288 3668 420 3755 cognovi
441 3690 527 3733 meas
549 3668 605 3733 tibi
627 3667 764 3733 redditas
785 3689 865 3733 esse.
922 3672 991 3732 Non
1016 3668 1098 3732 enim
1121 3668 1313 3745 dubitabam,
1347 3671 1424 3757 qnin
1445 3692 1498 3736 cas

145 3789 171 3828 aa
181 3765 324 3830 lubenter
345 3763 483 3828 lecturus
500 3784 601 3840 esses;
638 3761 784 3834 verebar,
814 3772 849 3827 ut
869 3760 1088 3826 redderentur.
1131 3762 1269 3839 Bellum,
1293 3765 1377 3850 quod
1398 3766 1499 3830 estin

182 3859 286 3947 Syria,
310 3858 495 3945 Syriamque
516 3855 710 3943 provinciam
728 3852 784 3918 tibi
806 3854 955 3920 tributam
987 3876 1055 3919 esse
1077 3876 1095 3919 a
1116 3860 1248 3921 Caesare
1273 3879 1313 3922 ex
1335 3859 1397 3923 tuis
1418 3858 1500 3924 litte·

181 3953 225 4017 ris
245 3951 388 4036 cognovi.
431 3954 507 4016 Eam
529 3970 595 4014 rem
615 3947 670 4012 tibi
692 3947 765 4014 volo
787 3946 867 4011 bene
889 3957 920 4011 et
940 3947 1073 4012 feliciter
1098 3951 1248 4027 evenire;
1271 3951 1356 4036 quod
1373 3952 1414 4016 ita
1428 3952 1499 4017 lore

181 4043 320 4116 conlido,
351 4044 450 4127 fretus
481 4053 512 4107 et
534 4043 685 4107 industria
708 4050 738 4106 et
760 4041 926 4127 prudentia
949 4050 1011 4105 tua.
1063 4044 1093 4106 2.
1117 4042 1177 4107 Sed
1199 4042 1238 4107 de
1263 4045 1401 4109 Parthici
1423 4044 1499 4110 belli

181 4139 359 4224 suspicione
380 4137 466 4224 quod
488 4136 615 4210 scribis,
651 4156 725 4201 sane
744 4156 794 4199 rue
815 4140 996 4200 commovit.
1039 4139 1196 4214 Quantum
1220 4138 1382 4223 copiarum
1403 4136 1500 4201 habe-

144 4255 247 4307 tores,
270 4254 341 4297 curu
361 4233 429 4318 ipse
450 4231 628 4296 coniectura
649 4228 799 4314 consequi
818 4237 977 4314 poteram,
999 4238 1066 4294 tum
1087 4252 1127 4295 ex
1149 4232 1210 4297 tuis
1231 4231 1342 4296 litteris
1354 4231 1499 4316 cognovi.

182 4331 288 4412 ltaque
311 4335 402 4408 opto,
439 4344 478 4388 ne
500 4344 534 4388 se
557 4322 609 4387 illa
631 4343 707 4407 gens
731 4331 857 4386 moveat
879 4321 941 4388 boc
966 4332 1127 4409 tempore,
1148 4324 1222 4390 durn
1249 4324 1289 4390 ad
1311 4334 1341 4389 te
1360 4325 1499 4410 legiones

181 4441 237 4485 eae
266 4419 491 4505 perducantur,
527 4437 604 4503 quas
622 4414 717 4482 audio
739 4413 821 4481 duci.
875 4416 999 4494 Quodsi
1028 4439 1121 4504 pares
1142 4424 1247 4505 copias
1269 4417 1309 4483 ad
1331 4418 1501 4502 contligen-

252 4629 278 4677 ⁸2.
298 4629 429 4677 bominum
448 4631 557 4675 anctore
575 4624 754 4675 Valckenarlo
773 4624 923 4676 Schtttrius.
942 4653 977 4662 -
1013 4626 1039 4676 ³.
1058 4641 1155 4676 mecum
1171 4631 1239 4677 mori
1255 4629 1291 4680 Μ.
1314 4655 1341 4666 -
1381 4628 1499 4692 intelligo

184 4698 277 4748 Dresd.
298 4699 402 4747 tertius.
423 4721 453 4731 -
489 4695 515 4744 t.
536 4695 830 4752 tribuerebambinuc.
851 4696 922 4759 quod
941 4697 1045 4746 malim.
1071 4697 1122 4747 On.
1156 4721 1186 4732 -
1222 4699 1265 4748 nt.
1292 4699 1496 4749 s's'Lambinnss

183 4769 210 4818 bi
228 4768 286 4819 IIII.
306 4794 335 4803 -
355 4769 398 4817 25.
418 4767 457 4814 lu's
475 4766 513 4815 Μ.
533 4791 565 4802 -
583 4765 627 4815 uo.
646 4767 735 4815 animo
752 4768 906 4830 aoqumimo
923 4767 968 4817 nt:
988 4769 1142 4831 aequissimo
1160 4769 1248 4818 ummo
1266 4769 1297 4819 II.
1318 4793 1348 4805 -
1368 4769 1412 4820 ³7.
1430 4769 1499 4818 Com

184 4851 239 4889 rein
256 4839 420 4887 Lambinus:
440 4837 529 4888 endem
544 4848 599 4886 rem
617 4834 664 4898 Μ,
683 4837 789 4887 nondam
806 4849 861 4888 ram
878 4836 909 4887 u.
929 4862 961 4874 ···
996 4837 1040 4888 42.
1059 4839 1108 4889 boe
1123 4837 1163 4890 nt.
