3256 5400
185 225 227 289 26
618 216 895 285 caeremon
914 218 1081 289 anm

185 379 296 447 litteris
317 399 390 445 eum
407 375 542 443 formam
559 375 607 440 rel
624 374 770 463 publicae
789 372 937 447 viderim,
963 373 1056 459 quala
1080 370 1257 439 aedlflelum
1283 371 1427 439 futurum
1449 371 1507 449 sit,

185 472 267 539 scire
282 471 410 558 possim.
466 472 497 535 2.
519 474 628 555 Neque
653 478 758 535 lamen
777 467 880 533 adbuc
901 466 1025 542 babeo,
1055 466 1141 554 quod
1163 477 1195 533 te
1218 487 1385 545 accusem:
1407 487 1508 552 neque

184 566 267 633 enim
292 563 367 637 fuit.
388 561 475 651 quod
494 571 529 628 tu
549 562 620 648 plus
643 560 813 648 providere
835 581 960 647 posses,
982 581 1077 647 quam
1102 559 1206 647 quivis
1231 564 1375 626 aeorum
1398 559 1432 625 in
1445 560 1508 647 pri·

184 659 307 746 misque
329 677 413 743 ego,
436 656 491 743 qui
512 676 585 723 cum
614 657 766 742 Pompeio
780 654 958 740 complures
982 653 1049 717 dies
1073 652 1166 718 nullis
1191 652 1224 718 in
1243 652 1315 719 aliis
1333 653 1396 721 uisi
1417 651 1458 719 de
1474 674 1510 718 re

160 750 308 838 spublica
326 749 526 816 sermonibus
542 759 685 817 versatus
710 770 795 826 sum;
818 769 899 834 quae
920 768 977 812 nec
1001 757 1132 833 possunt
1145 745 1242 812 scribi
1262 766 1321 811 nec
1343 744 1508 812 scribenda

183 855 265 913 sunt.
307 851 439 910 Tantum
461 843 593 919 babeto,
623 843 725 909 civem
752 840 914 926 egregium
942 862 1010 906 esse
1040 841 1225 926 Pompeium
1255 850 1287 905 et
1313 839 1355 906 ad
1385 838 1508 913 omum,

183 960 264 1026 quae
285 938 480 1025 providenda
501 937 627 1003 suntin
648 958 684 1001 re
705 934 850 1023 publica,
874 945 906 1000 cl
926 935 1032 999 animo
1054 944 1085 999 et
1106 934 1238 1000 consilio
1260 943 1416 1020 paratum.

355 1061 458 1137 Quare
478 1060 518 1121 do
539 1060 719 1130 tollemini:
740 1059 960 1138 complectetur,
983 1057 1059 1118 miti
1080 1057 1174 1119 crede.

182 1182 248 1244 Iam
275 1178 370 1243 iidem
391 1176 437 1242 illi
466 1187 496 1242 et
518 1175 593 1242 boni
618 1185 649 1242 et
668 1175 743 1241 mali
764 1177 848 1241 cives
872 1177 1031 1250 videntur,
1070 1176 1124 1263 qui
1151 1172 1242 1241 nobis
1270 1174 1373 1240 videri
1396 1175 1505 1241 solent

147 1293 173 1332 ro
182 1275 212 1336 3.
235 1276 302 1356 Ego
326 1292 397 1336 cum
420 1270 547 1336 Athenis
568 1269 677 1335 decem
700 1270 786 1356 ipsos
813 1271 879 1336 dies
901 1270 1048 1343 fuissem,
1079 1270 1274 1356 multumque
1288 1290 1413 1335 mecum
1437 1269 1506 1334 Gal·

98 1364 102 1371 ’
183 1364 231 1429 lus
254 1374 362 1429 noster
383 1364 550 1436 Caninius,
573 1363 797 1449 proficiscebar
817 1363 890 1429 inde
916 1363 1017 1449 pridie
1037 1367 1141 1428 Nonas
1166 1362 1339 1440 Quintiles,
1362 1384 1434 1429 eum
1450 1362 1508 1429 boc

183 1457 223 1523 ad
243 1469 273 1523 te
292 1458 463 1522 litterarum
480 1457 562 1522 dedi.
605 1456 676 1522 Tibi
696 1478 766 1522 cum
782 1457 887 1521 omnia
903 1479 972 1521 mea
996 1455 1303 1521 commendatissima
1318 1476 1387 1521 esse
1404 1456 1507 1542 cupio,

183 1561 250 1617 tum
273 1549 349 1615 nihil
373 1551 471 1636 magis
501 1571 595 1636 quam
622 1571 662 1614 ne
693 1560 815 1635 tempus
839 1548 931 1614 nobis
957 1548 1139 1635 provinciae
1169 1559 1377 1635 prorogetur:
1413 1549 1445 1614 in
1468 1570 1507 1615 eo

184 1642 261 1708 mibi
283 1653 354 1708 sunt
379 1645 494 1710 omnia.
539 1644 633 1721 Quod
654 1643 780 1731 quando
806 1654 838 1709 et
857 1644 1017 1731 quomodo
1041 1652 1072 1709 et
1096 1662 1155 1728 per
1176 1664 1256 1730 quos
1280 1644 1437 1730 agendum
1459 1643 1508 1719 sit,

149 1758 174 1799 n
184 1745 218 1802 tu
240 1737 358 1823 optime
380 1739 560 1804 constitues.

657 1880 713 1941 IX.
770 1879 807 1942 A.
833 1880 866 1941 ll.
889 1881 921 1942 C.
944 1880 1016 1941 703.

288 1994 329 2054 Μ.
352 1990 496 2055 CICERO
518 1990 683 2055 PROCOS.
706 1991 737 2052 S.
757 1882 796 2053 (D.
819 1994 860 2053 Μ.
883 1877 1029 2055 casulo)
1047 1990 1182 2054 AEDILI
1204 1991 1289 2055 CUR.
1312 1993 1398 2055 DES.

272 2114 299 2174 l.
321 2111 461 2174 Primum
480 2107 551 2183 tibi,
581 2118 617 2173 ut
639 2108 756 2182 debeo,
794 2108 935 2193 gratulor
957 2109 1119 2195 laetorque
1142 2130 1213 2175 eum
1234 2109 1406 2195 praesenti,
1439 2120 1505 2177 tum

182 2203 277 2269 etiam
293 2213 417 2289 sperata
432 2212 486 2267 tua
506 2201 671 2286 dignitate,
694 2202 810 2276 serius,
836 2223 899 2266 non
918 2202 1106 2288 negligentia
1129 2224 1216 2276 mea,
1238 2203 1294 2268 sed
1310 2203 1506 2287 ignoratione

145 2321 289 2366 sororum
310 2297 469 2362 omnium:
499 2297 531 2361 io
554 2297 593 2361 iis
615 2297 698 2361 enim
721 2317 789 2360 sum
823 2294 917 2369 locis,
954 2317 1019 2381 quo
1041 2306 1073 2360 et
1094 2305 1225 2382 propter
1246 2296 1505 2382 longinquitatem

182 2402 213 2457 et
238 2401 369 2477 propter
400 2390 563 2455 latrocinia
592 2390 768 2454 tardissime
795 2389 900 2452 (amnia
926 2388 1138 2473 perferuntur.
1181 2392 1220 2453 Et
1248 2409 1321 2453 com
1347 2390 1505 2473 gratulor,

180 2496 248 2552 tum
280 2506 373 2557 vero,
410 2482 525 2570 quibus
556 2483 662 2547 verbis
694 2481 751 2547 tibi
781 2480 897 2565 gratias
924 2502 1031 2565 agam,
1067 2503 1131 2546 non
1163 2480 1307 2567 reperio,
1344 2483 1431 2569 quod
1464 2484 1506 2551 ita

182 2578 281 2642 factus
305 2579 366 2649 sis,
402 2587 438 2641 ut
466 2574 592 2639 dederis
613 2574 721 2646 nobis,
752 2572 1017 2658 quemadmodum
1040 2575 1211 2659 scripseras
1240 2574 1281 2640 ad
1307 2597 1375 2650 me,
1411 2598 1506 2663 quem

182 2692 308 2756 semper
325 2668 431 2734 ridere
453 2689 627 2753 possemus.
670 2672 779 2751 Itaque
793 2685 865 2729 cum
880 2665 1018 2750 primum
1034 2666 1156 2743 audivi,
1179 2688 1239 2752 ego
1254 2668 1307 2733 ille
1324 2669 1393 2756 ipse
1407 2669 1507 2737 factus

144 2786 251 2830 assum
276 2799 314 2810 -·
338 2763 399 2827 scis
423 2783 517 2849 quem
538 2762 642 2826 dicam
664 2798 705 2808 —
733 2759 846 2845 egique
869 2778 978 2824 omues
997 2760 1067 2824 illos
1093 2760 1322 2835 adolescentes,
1350 2785 1431 2850 quos
1453 2764 1506 2829 ille

182 2858 297 2924 actitat.
341 2860 372 2922 2.
394 2855 526 2920 Difficile
548 2865 594 2919 cst
609 2854 706 2941 loqui.
750 2859 794 2919 Te
816 2864 922 2919 autem
937 2854 1149 2940 contemplans
1167 2854 1327 2922 absentem
1344 2857 1398 2943 [et]
1416 2859 1507 2946 quasi

181 2961 285 3017 tecum
308 2972 416 3016 eoram
438 2950 605 3036 loquerer:

307 3065 374 3126 Non
395 3064 510 3143 edepol,
534 3071 677 3143 quomam
698 3065 793 3144 egeris
814 3082 878 3125 rem
899 3083 989 3144 neque
1011 3070 1157 3144 quantum
1175 3064 1297 3143 {omnus
1314 3065 1433 3146 seceris

182 3172 276 3251 Quod
294 3171 367 3259 quia
389 3182 516 3256 praeter
538 3170 718 3255 opinionem
738 3172 814 3236 mihi
836 3173 1012 3244 acciderat,
1037 3172 1217 3237 referebam
1244 3196 1295 3239 me
1316 3175 1357 3241 ad
1375 3176 1469 3243 illud:

144 3315 171 3356 ,ο
310 3285 483 3346 Incredibile
505 3285 561 3346 boc
578 3286 664 3364 foetu
685 3283 836 3346 obiicitur.

182 3399 320 3478 Repente
356 3415 433 3458 sero
466 3397 574 3458 incessi
606 3398 742 3457 erunibus
773 3399 991 3461 laetitiis...
1046 3399 1081 3461 ln
1107 3418 1171 3484 quo
1202 3419 1273 3462 eum
1300 3399 1503 3484 obiurgaret,

182 3488 267 3576 quod
289 3488 388 3552 nimio
411 3486 527 3569 gaudio
549 3508 649 3572 poene
670 3489 861 3574 desiperem,
884 3490 928 3556 ita
949 3512 1000 3556 me
1023 3490 1245 3557 defendebam:
1323 3534 1329 3544 ·

311 3602 379 3682 Epo
399 3601 578 3679 eoloptotem
599 3603 694 3663 enimi
714 3605 841 3664 nivalem
863 3651 871 3666 .
895 3652 903 3666 .
927 3651 935 3666 .

182 3713 263 3792 Quid
286 3709 436 3798 quaeris?
469 3708 543 3773 dum
571 3709 658 3774 illum
688 3710 793 3784 rideo,
830 3734 930 3798 paene
955 3736 1024 3779 sum
1051 3714 1151 3779 faetus
1178 3714 1240 3779 ille.
1283 3721 1314 3780 3.
1338 3716 1399 3781 Sed
1430 3719 1506 3783 baec

145 3805 324 3891 sspluribus
354 3803 515 3888 multaque
547 3802 606 3866 alia
642 3814 673 3865 et
698 3803 737 3866 de
762 3813 792 3868 te
824 3815 855 3869 et
884 3805 923 3869 ad
950 3817 996 3880 tc,
1026 3828 1097 3869 eum
1130 3808 1265 3891 primum
1297 3830 1353 3874 ero
1386 3812 1504 3898 aliquid

183 3909 291 3963 nactus
316 3897 383 3962 otii.
438 3902 483 3961 Te
508 3917 601 3968 vere,
625 3895 667 3958 mi
691 3897 789 3968 Rufe,
813 3898 930 3980 diligo,
954 3920 1048 3984 quem
1075 3899 1151 3963 milri
1174 3901 1299 3966 fortuna
1326 3903 1410 3968 dedit
1439 3928 1505 3971 am·

183 3993 388 4077 plifiealorem
412 3989 569 4075 dignitatis
592 4010 697 4061 meae,
720 3991 856 4055 ultorem
882 4013 945 4055 non
969 3993 1065 4058 modo
1094 3993 1308 4066 inimieorum,
1332 3996 1387 4060 sed
1411 3999 1504 4064 etiam

182 4085 360 4150 invidorum
382 4105 542 4160 meorum:
564 4092 598 4147 ut
624 4102 680 4145 eos
700 4083 814 4167 partim
836 4084 990 4151 scelerum
1014 4109 1165 4160 suorum,
1189 4091 1302 4174 partim
1326 4091 1421 4156 etiam
1440 4094 1506 4158 ine·

181 4179 315 4263 ptiarum
339 4178 522 4263 poeniteret.

249 4369 275 4417 8.
296 4370 406 4420 Prosam
434 4371 583 4419 orstlouem
607 4370 747 4418 continuat
776 4369 925 4417 Ernestius.
947 4395 975 4404 ·-
998 4370 1169 4431 Qreomobrem
1190 4374 1334 4425 Sarrtenius
1352 4377 1384 4427 ad
1405 4376 1504 4426 Tereu-

179 4440 282 4488 tianum
310 4455 335 4503 p.
356 4442 416 4489 ⁸2³0.
441 4466 470 4476 -
501 4440 681 4502 complectetur
699 4446 723 4489 te
748 4438 889 4488 Graevius.
912 4439 958 4487 Est
977 4439 1089 4490 fortasse
1109 4442 1203 4492 Lucilii
1225 4448 1382 4495 versiculus·
1403 4448 1452 4497 Oa·
1471 4473 1502 4481 -

180 4510 207 4558 a.
226 4511 292 4558 idern
311 4511 347 4560 Μ.
369 4533 400 4544 -
418 4511 462 4559 20.
483 4512 515 4559 iis
528 4510 606 4560 biart.
622 4510 751 4571 Lagona:
771 4511 810 4557 bis
828 4509 887 4559 ΜΕ.
904 4535 935 4545 -
954 4510 998 4557 23.
1018 4512 1117 4574 [actum
1134 4515 1167 4561 alt
1188 4514 1282 4564 Aldus.
1299 4543 1322 4550 ·-
1349 4516 1392 4566 26.
1409 4520 1505 4569 actitat

181 4578 326 4628 Lambinus
347 4576 385 4637 (iu
405 4594 459 4642 mg.
480 4577 613 4642 Repend:
640 4582 746 4630 foeteat
765 4579 825 4628 ΜΕ.
848 4603 877 4613 -
899 4588 922 4628 et
942 4586 1051 4628 auclore
1072 4581 1193 4631 Errrestfo
1220 4600 1274 4634 onr.
1295 4587 1373 4635 Mart.
1395 4586 1461 4647 Lag.
1474 4614 1501 4651 .··

180 4649 224 4698 28.
246 4664 299 4698 rcm
316 4651 397 4713 egeris
414 4651 493 4700 biart.
514 4652 599 4709 cae..
618 4653 700 4715 egeris
718 4663 786 4703 rem,
807 4656 935 4712 quantum
955 4649 1140 4699 Lnenemanu.
1163 4677 1193 4687 -
1214 4655 1257 4703 31.
1278 4657 1368 4704 incessi
1388 4659 1505 4706 noerellus

180 4719 287 4768 laetitiis
312 4727 447 4783 tamquam
467 4722 604 4772 Ciceronis·
623 4722 703 4770 verba
722 4719 829 4767 erbibet
848 4719 877 4768 E.
899 4744 931 4752 —
968 4719 1077 4768 laetitiis
1102 4721 1184 4770 laetos
1205 4725 1282 4773 blant.
1310 4726 1374 4783 Lag.
1395 4727 1450 4775 cfr.
1471 4728 1503 4777 de

182 4789 259 4838 l'iuu.
279 4789 358 4848 ‘mla
388 4818 418 4826 —
464 4792 507 4842 33.
526 4788 620 4851 onina}
648 4791 746 4840 bomini
764 4788 800 4838 Μ.
823 4815 849 4825 -
889 4789 933 4838 35.
954 4787 1021 4850 cum]
1048 4804 1125 4852 qoem
1146 4792 1181 4840 Μ.
1211 4818 1240 4828 -
1278 4795 1321 4845 36.
1341 4804 1434 4846 nactus
1454 4799 1503 4848 orii

181 4859 226 4909 bi:
247 4862 293 4909 olli
312 4868 402 4910 luceto:
430 4861 461 4910 Ε.
