3256 5400
591 265 665 329 Lm.
686 265 768 331 vm.
809 265 869 330 ΕΡ.
893 265 941 329 15.
965 264 1015 328 ld.
1397 264 1454 329 141

129 425 247 491 tbieum
268 422 387 489 bellum
408 443 473 487 non
495 429 567 496 eat,
598 420 693 487 video
713 441 842 506 magnas
863 421 1045 508 impendere
1077 420 1265 496 discordias,
1287 442 1364 507 quas
1394 420 1457 486 ier

130 541 201 585 nrm
227 528 258 585 et
288 519 336 584 vis
364 516 524 581 iudicabit.
567 521 703 600 Uterque
726 522 756 578 et
785 514 891 578 animo
917 525 948 579 et
966 515 1065 600 copiis
1082 523 1129 579 est
1150 525 1287 601 paratus.
1332 515 1365 580 Si
1388 515 1456 580 sine

129 611 348 772 tuoapepicmo
370 610 439 676 lieri
460 620 581 697 posset,
603 630 750 695 magnum
770 616 802 673 et
822 608 993 674 iucundum
1014 608 1071 674 tihi
1091 614 1227 676 Fortuna
1243 610 1455 696 spectaculum

130 727 189 792 par
230 728 248 770 a

606 848 669 909 rr.
699 842 738 927 (1
775 847 807 908 c.
831 847 862 908 c.
886 840 971 926 705.)
1465 874 1481 916 ,

584 987 745 1051 clauos
768 985 952 1050 creanonr
974 986 1006 1047 s,

215 1120 243 1183 1.
264 1114 434 1203 Ecquando
461 1127 495 1182 tu
523 1115 683 1181 hominem
715 1113 904 1199 ineptiorem
938 1135 1031 1200 quam
1065 1122 1154 1179 tuum
1185 1119 1239 1180 Cn.
1273 1118 1456 1203 Pompeium

129 1211 252 1285 vidisti,
286 1211 340 1297 qui
374 1220 472 1275 tantas
507 1209 630 1283 turbas,
663 1208 717 1294 qui
746 1215 809 1270 tam
831 1228 936 1292 nugax
970 1217 1066 1281 essct,
1095 1209 1281 1273 commorit?
1317 1215 1454 1297 Ecquem

129 1316 233 1370 autem
266 1309 399 1371 Caesare
425 1315 534 1370 nostro
561 1304 717 1368 acriorem
750 1302 783 1366 in
816 1300 911 1365 rebus
938 1301 1103 1386 gerendis,
1134 1302 1247 1366 eodem
1269 1303 1299 1366 in
1322 1304 1454 1369 victoria

129 1399 385 1486 temperatiorem
407 1409 460 1462 aut
484 1397 586 1482 legisti
607 1407 660 1461 aut
681 1394 816 1460 audisti?
851 1394 935 1472 Quid
958 1401 1025 1459 esti
1048 1416 1112 1459 non
1131 1394 1188 1459 tibi
1210 1397 1310 1461 nostri
1331 1397 1494 1473 militesne

130 1492 185 1580 qui
208 1492 385 1557 durissimis
407 1501 438 1556 et
459 1490 670 1577 [rigidissimis
692 1489 785 1562 locis,
809 1488 969 1552 teterrima
991 1487 1111 1564 hieme,
1134 1488 1252 1554 bellum
1266 1488 1456 1556 ambulando

130 1585 351 1660 confecerunt,
384 1585 473 1650 malis
495 1584 678 1649 orbiculatis
700 1604 768 1647 csse
790 1581 869 1667 pasti
900 1581 1072 1647 videntur?
1116 1582 1304 1660 Ouidium?
1340 1584 1454 1669 inquis.

133 1679 278 1746 Gloriose
308 1677 422 1744 omnia.
480 1678 513 1743 Si
535 1678 630 1753 scias,
662 1698 755 1762 quam
776 1675 926 1741 sollicitus
948 1697 1034 1751 sum,
1068 1684 1132 1740 tum
1156 1675 1234 1740 hanc
1267 1698 1369 1741 meam
1391 1677 1460 1762 glo-

130 1774 228 1846 riam,
264 1793 345 1859 quae
371 1771 410 1836 ad
441 1792 491 1836 me
524 1770 601 1836 nihil
633 1770 787 1857 pertinet,
816 1767 971 1832 derideas.
1022 1771 1111 1846 Quae
1132 1768 1190 1833 tibi
1211 1790 1371 1856 exponere
1393 1769 1456 1835 nisi

131 1888 237 1932 coram
260 1886 322 1930 non
348 1886 492 1950 possum3
529 1864 625 1950 idque
648 1863 794 1928 celeriter
816 1862 885 1926 lore
909 1883 1013 1948 spero.
1056 1868 1133 1927 Nam
1154 1883 1220 1937 me,
1259 1884 1329 1927 curn
1357 1883 1495 1948 expuis

131 1960 217 2025 lisset
245 1981 285 2024 cx
317 1958 404 2024 ltalia
437 1958 638 2043 Pompeium,
668 1956 828 2022 constituit
854 1955 894 2021 ad
924 1955 1036 2020 urbem
1060 1978 1194 2022 vocare:
1229 1957 1261 2021 id
1284 1957 1455 2042 quodiam

131 2053 278 2118 existimo
300 2052 496 2125 conlectum,
538 2051 598 2115 uisi
634 2051 661 2116 si
692 2050 801 2115 maluit
831 2049 998 2133 Pompeius
1028 2048 1187 2114 Brundisii
1222 2048 1456 2115 circumsederi.

132 2151 162 2212 2.
183 2152 328 2221 Peream,
363 2145 390 2209 si
419 2145 548 2209 minima
571 2166 664 2210 causa
697 2153 744 2208 cst
765 2142 957 2229 properandi
979 2143 1039 2206 isto
1063 2142 1157 2218 mihi,
1188 2143 1272 2229 quod
1296 2142 1456 2209 tesidere

132 2250 163 2305 et
194 2239 298 2304 omnia
325 2238 432 2302 intima
463 2239 608 2303 conferre
641 2237 795 2323 discupio.
852 2236 962 2302 Habeo
991 2245 1095 2301 autem
1126 2258 1219 2322 quarn
1244 2238 1351 2302 multa.
1395 2236 1458 2302 Hui

132 2354 266 2407 vereor,
300 2332 386 2418 quod
408 2333 488 2397 solet
509 2330 594 2407 fieri,
629 2352 687 2406 ne,
720 2352 791 2395 cum
818 2338 848 2393 te
869 2329 999 2403 videro,
1030 2329 1135 2394 omnia
1165 2328 1342 2395 obhviscar.
1395 2329 1494 2396 Sedso

132 2436 236 2491 tamen
256 2424 415 2512 quodnam
437 2423 478 2491 ob
501 2426 602 2490 scelus
624 2425 684 2489 iter
705 2423 782 2488 mihi
803 2423 1016 2487 necessarium
1037 2433 1124 2487 retro
1156 2422 1195 2487 ad
1228 2424 1321 2510 Alpes
1343 2446 1456 2489 versus

130 2519 262 2585 incidit?
297 2519 391 2594 Ideo,
419 2517 504 2606 quod
533 2518 679 2583 lntimelii
710 2518 743 2582 in
770 2522 865 2582 armis
893 2526 981 2591 sunt,
1019 2537 1122 2602 neque
1152 2516 1191 2580 de
1221 2539 1331 2603 magna
1354 2539 1457 2584 causa.

131 2613 304 2684 Bellienus,
328 2634 425 2677 verna
446 2612 613 2687 Demetrii,
645 2613 701 2699 qui
722 2610 766 2676 ihi
787 2632 859 2676 cum
879 2607 1039 2696 praesidio
1061 2618 1141 2684 erat,
1164 2611 1337 2676 Domitium
1360 2632 1458 2699 quen-

133 2705 220 2781 dam,
248 2704 385 2770 nobilem
407 2706 486 2780 illic,
518 2705 659 2771 Caesaris
681 2704 850 2789 hospitem,
874 2725 892 2767 a
913 2703 1070 2768 contraria
1093 2703 1228 2769 factione
1250 2705 1385 2770 nummis
1407 2726 1457 2769 ac·

132 2799 242 2886 ceptis,
265 2799 502 2886 comprehendit
523 2809 554 2864 ct
575 2799 788 2883 strangulavit.
832 2798 946 2865 Civitas
967 2796 1007 2861 ad
1027 2818 1114 2861 arma
1136 2798 1185 2874 iit;
1219 2819 1258 2863 eo
1280 2820 1363 2861 nunc
1384 2819 1495 2863 cumea
1563 2865 1575 2888 ο

132 2892 315 2958 cohortibus
335 2893 410 2959 mihi
432 2915 490 2979 per
511 2898 598 2958 nives
616 2892 753 2957 eundum
768 2900 824 2957 cst.
869 2895 1112 2977 Usquequaque,
1135 2891 1253 2977 inquis,
1277 2913 1310 2955 se
1328 2892 1457 2957 Domitii

132 2986 213 3049 male
234 2987 316 3052 dant.
359 2988 477 3054 Vellem
499 2985 627 3073 quidem
650 2992 773 3053 Venere
795 2995 966 3071 prognatus
988 2992 1106 3050 tantum
1127 2985 1223 3049 animi
1245 2984 1403 3050 habuisset
1425 2985 1457 3049 in

132 3089 238 3144 vestro
260 3081 411 3157 Domitio,
435 3090 584 3168 quantum
604 3079 740 3146 Psecade
762 3090 854 3145 natus
876 3079 906 3143 iu
928 3079 988 3144 hoc
1003 3077 1121 3145 hahuit.
1165 3079 1309 3145 Ciceroni
1323 3084 1355 3145 F.
1372 3084 1402 3144 S.
1418 3084 1456 3145 Ι).

597 3250 677 3311 ru.
722 3245 771 3329 (A.
798 3249 831 3312 u
854 3249 887 3311 c.
908 3244 994 3329 705.)

581 3380 742 3443 CAELIUS
766 3379 1003 3444 CICERONIS.
1466 3401 1494 3443 sa

220 3502 248 3565 1.
270 3499 472 3565 Exanimatus
494 3500 554 3564 tuis
576 3498 701 3570 litteris,
725 3497 840 3583 quihus
863 3507 893 3563 tc
914 3497 992 3562 nihil
1014 3498 1072 3563 nisi
1096 3499 1183 3564 triste
1199 3500 1337 3584 cogitare
1353 3509 1457 3564 osten-

134 3593 206 3658 disti
235 3613 337 3678 neque
364 3594 396 3659 id
426 3594 501 3680 qnid
528 3602 610 3657 esset
635 3591 846 3677 perscripsisti
874 3613 976 3677 neque
1002 3602 1205 3667 nontamen,
1243 3595 1334 3679 quale
1357 3604 1455 3668 esset,

134 3687 220 3773 quod
241 3687 412 3770 cogitares,
436 3688 605 3773 aperuisti,
628 3686 683 3751 has
704 3684 743 3749 ad
766 3694 796 3749 te
818 3685 902 3749 illico
924 3686 1043 3749 litteras
1065 3686 1185 3772 scripsi.
1228 3690 1289 3750 Per
1315 3686 1456 3751 fortunas

135 3791 212 3853 tuas,
235 3780 355 3854 Cicero,
376 3802 435 3866 per
455 3781 573 3846 liberos
594 3801 669 3856 oro,
693 3777 842 3851 obsecro,
865 3799 904 3842 nc
927 3778 1002 3864 quid
1024 3780 1150 3864 gravius
1172 3779 1211 3844 de
1234 3780 1332 3844 salute
1355 3790 1385 3843 et
1406 3780 1454 3844 in·

149 3913 185 3925 u-

204 3991 231 4040 2.
253 3991 362 4053 Uterque
380 3998 404 4039 et
423 3993 511 4041 animo
529 3991 573 4041 M:
609 3994 716 4059 Uterque
734 3998 823 4045 animo
847 3997 877 4046 li.
908 4024 937 4035 -
982 3996 1075 4046 311111
1102 3998 1138 4047 Μ.
1160 4024 1192 4033 -
1239 3998 1459 4063 &quictamus

135 4061 173 4111 Μ.
194 4087 223 4097 -
260 4075 339 4123 quum
365 4067 421 4110 tam
447 4062 564 4112 malebat
593 4063 795 4116 8111111111-
830 4080 940 4130 nugaces
958 4071 1096 4117 commorit
1115 4068 1244 4117 Romana.
1277 4093 1307 4103 -
1344 4070 1386 4117 10.
1406 4083 1461 4118 nors

135 4130 229 4180 Amhr.
250 4131 299 4179 15:
319 4145 388 4178 natue
406 4132 465 4181 hili.
488 4157 516 4166 -
555 4133 598 4182 12.
617 4137 739 4184 videntur
756 4137 800 4185 M:
820 4137 960 4186 uideantur
984 4136 1013 4185 11.
1034 4158 1065 4171 ·-
1103 4138 1146 4186 13.
1165 4152 1221 4186 sum
1239 4138 1285 4188 hl:
1305 4141 1354 4187 aim
1374 4139 1406 4188 li.
1428 4162 1459 4174 -

136 4203 179 4251 17.
198 4201 380 4249 circumsedere
398 4201 434 4251 Μ.
457 4227 487 4236 -
525 4202 568 4252 18.
586 4207 756 4267 properando
774 4206 810 4255 Μ.
833 4229 863 4241 -
900 4206 943 4255 211.
962 4207 1007 4255 sed
1025 4213 1081 4255 tum
1098 4223 1177 4270 quam
1196 4208 1226 4256 ob
1245 4207 1291 4266 Μ,
1309 4209 1354 4256 sed
1372 4216 1461 4257 tomen

135 4279 262 4334 wantum
284 4271 315 4319 ob
343 4270 576 4322 Benedictus.›-
613 4275 656 4322 22.
677 4277 738 4324 ldeo
757 4275 919 4324 Lambinus:
951 4278 1016 4325 adeo
1039 4276 1098 4325 ME.
1118 4278 1167 4326 eir.
1189 4277 1267 4327 lland
1287 4277 1364 4326 Turs.
1386 4279 1408 4326 l.
1431 4292 1458 4341 p.

135 4342 196 4391 155.
223 4363 256 4376 -
291 4341 406 4389 intimidi
424 4342 461 4392 Μ.
491 4366 522 4378 -
557 4343 602 4393 23.
621 4341 675 4407 qui]
695 4360 743 4409 que
761 4345 797 4396 Μ.
819 4371 848 4381 -
886 4345 931 4395 24.
950 4346 991 4394 1111
1010 4346 1047 4395 Μ.
1085 4346 1140 4396 Clr.
1162 4347 1239 4396 Hand
1259 4347 1339 4396 Ture.
1360 4348 1410 4396 lll.
1431 4361 1458 4410 p.

135 4410 197 4460 203.
218 4432 248 4444 -
285 4410 329 4459 25.
350 4424 379 4458 eo
396 4425 465 4460 nuuc
483 4426 539 4460 essm
558 4414 704 4463 cohortibus
722 4414 781 4464 Vh:
801 4429 830 4464 eo
849 4429 912 4463 num
930 4415 1078 4464 cohortibus
1096 4417 1138 4474 Μ,
1158 4432 1187 4466 eo
1205 4431 1262 4466 eum
1279 4423 1407 4481 quattuor
1419 4431 1460 4466 co·

135 4479 352 4530 1011111118.-
391 4481 435 4530 28.
455 4485 541 4545 inquis
558 4483 603 4534 M:
623 4486 722 4548 inquies
740 4486 771 4534 li.
793 4511 822 4522 -
860 4498 887 4533 se
905 4486 1015 4534 Domitii
1032 4486 1100 4535 mule
1116 4488 1182 4536 dont
1201 4487 1350 4536 Graevius:
1368 4500 1395 4536 se
1415 4488 1460 4535 do·

135 4552 204 4599 mitti
222 4548 287 4598 muli
303 4549 368 4598 dont
387 4551 432 4607 Μ,
461 4553 571 4602 Domitii
588 4555 656 4604 mate
673 4556 738 4604 dunt
758 4556 788 4604 li.
822 4581 851 4591 -
890 4556 934 4604 27.
953 4567 1069 4605 venerem
1086 4566 1269 4620 propuquotus
1287 4557 1325 4607 Μ.
1348 4580 1376 4590 -
1414 4557 1460 4605 hu·

136 4621 217 4670 buisse
236 4618 273 4667 Μ.
307 4643 336 4652 -
374 4620 417 4669 28.
444 4630 570 4685 quantum
597 4627 651 4687 ipse
677 4626 820 4674 eadmerus
837 4624 874 4675 Μ.
903 4651 937 4659 -
985 4625 1459 4689 29.Alrerume1enrptumharum

88 4725 96 4737 .
137 4691 285 4740 litterarum
305 4690 392 4739 estad
412 4692 466 4741 1111.
487 4693 536 4751 10,
556 4694 582 4743 9.
605 4719 635 4728 -
672 4694 715 4744 31.
735 4695 961 4744 Euanimotusad
981 4696 1035 4744 1111.
1057 4697 1097 4753 10,
1117 4697 1143 4754 2,
1164 4700 1196 4746 1:
1216 4699 1392 4747 Exanimutus
1403 4710 1460 4744 sum

136 4761 195 4811 ΜΕ.
217 4783 247 4795 -
284 4759 328 4807 32.
345 4763 486 4823 perscripsi
503 4761 542 4811 Μ.
563 4786 594 4798 -
629 4777 683 4813 non
700 4767 768 4813 emim
786 4764 871 4828 qualis
889 4772 952 4814 esset
969 4765 1038 4828 quod
1055 4769 1159 4830 cognito
1177 4780 1218 4816 res
1236 4766 1272 4816 Μ.
1294 4789 1324 4801 -
1360 4765 1404 4814 33.
1424 4767 1460 4816 ud

137 4829 251 4881 trittico
268 4828 314 4879 hl:
346 4829 416 4878 illico
433 4832 469 4880 ud
487 4839 512 4882 te
531 4830 561 4882 B.
588 4856 618 4868 -
655 4833 729 4884 Fort-
749 4834 799 4884 Per
817 4840 842 4884 te
858 4835 990 4898 [orturus.
1009 4835 1061 4885 011.
1083 4857 1113 4870 -
1150 4835 1194 4887 31.
1214 4836 1308 4886 liberos
1327 4840 1351 4884 te
1369 4849 1417 4885 oro
1434 4842 1460 4887 et

137 4898 365 4951 obsemoadhtt.
386 4901 476 4960 roa,
496 4903 522 4951 1.
580 4933 583 4946 .
