3256 5400
183 237 246 300 m
654 208 980 300 anmm

184 395 282 460 allatis
309 394 428 460 facilius
455 402 593 457 statuere
619 402 746 477 potero,
774 391 829 456 ubi
851 392 920 456 sim.
974 395 1064 464 Nam,
1097 390 1124 455 si
1152 391 1212 455 erit
1238 409 1347 465 eausa,
1377 388 1512 476 siquid

184 500 311 573 agetur,
341 487 368 550 si
394 507 479 569 spem
509 485 633 560 videro,
667 496 721 550 ant
746 484 861 550 ibidem
890 483 1039 570 opperiar
1066 493 1120 548 aut
1140 503 1192 547 me
1212 483 1254 548 ad
1275 495 1305 548 te
1327 483 1513 560 conseram

184 585 246 655 sin,
279 591 312 646 ut
342 590 374 644 tn
401 579 527 654 scribis,
554 580 612 643 ista
641 580 837 653 evanuerint,
866 577 983 664 aliquid
1010 576 1096 641 aliud
1126 576 1310 643 videbimus.
1369 577 1513 643 Omnino

183 677 285 742 adhue
310 674 386 739 nihil
407 674 484 739 mihi
511 673 689 759 significatis
716 675 775 739 nisi
806 672 993 738 discordiam
1016 673 1166 749 istorum;
1198 693 1278 758 quae
1299 682 1406 737 tamen
1430 672 1514 736 inter

161 788 239 835 seos
266 766 304 832 de
333 766 479 832 omnibus
507 768 611 852 potius
639 767 736 833 rebus
767 776 814 832 est
836 788 928 853 quam
951 766 1072 835 deme.
1125 771 1249 853 ltaque,
1272 766 1349 853 quid
1370 787 1409 831 ea
1432 765 1513 831 mihi

183 858 298 949 prosit,
321 859 437 925 nescio.
480 860 541 926 Sed
563 870 684 933 tamesi,
714 861 818 947 quoad
840 882 890 926 me
912 882 968 927 vos
989 881 1117 946 sperare
1138 861 1247 933 vultis,
1269 859 1361 925 vobis
1381 858 1514 925 obtem·

183 952 312 1042 perebo.
368 959 399 1018 2.
420 957 497 1018 Nam
527 954 612 1041 quod
643 976 692 1019 me
722 965 785 1020 tam
814 975 906 1041 saepe
932 964 964 1019 ot
991 963 1051 1018 tarn
1073 953 1276 1020 vehementer
1302 953 1457 1039 obiurgas
1480 962 1515 1019 et

183 1044 287 1114 auiiho
316 1046 442 1113 infirmo
464 1068 533 1114 esse
554 1048 648 1123 dicis,
675 1069 808 1134 quaeso,
838 1047 960 1135 ecquod
989 1057 1107 1113 tantum
1135 1046 1252 1113 malum
1272 1057 1335 1122 est,
1365 1047 1455 1134 quod
1476 1047 1513 1112 in

183 1163 252 1208 mea
280 1142 452 1208 calamitate
483 1164 546 1208 non
576 1143 635 1208 sit‘l
668 1142 775 1229 eequis
805 1163 942 1227 unquam
970 1150 1033 1205 tam
1063 1162 1102 1206 ex
1130 1141 1235 1227 amplo
1256 1149 1357 1216 statu,
1387 1141 1511 1205 tamin

148 1236 265 1302 obora
286 1256 394 1308 causa,
417 1236 508 1300 tantis
530 1235 724 1302 facultatibus
744 1236 877 1322 ingenii,
899 1234 1037 1308 consilii,
1059 1235 1194 1320 gratiae,
1226 1235 1318 1299 tantis
1339 1233 1513 1322 praesidiis

182 1330 340 1396 bonorum
361 1330 500 1394 omnium
522 1330 677 1394 concidit?
719 1333 848 1395 Possum
870 1327 1027 1403 oblivisci,
1049 1329 1103 1415 qui
1125 1328 1262 1395 luerim?
1283 1350 1347 1395 non
1369 1329 1510 1400 sentire,

183 1424 237 1510 qui
259 1422 338 1488 siml
367 1442 430 1507 quo
452 1442 575 1487 caream
598 1422 734 1496 honore,
763 1445 823 1510 qua
845 1422 962 1508 gloria,
984 1419 1097 1509 quihus
1119 1421 1241 1496 liberis,
1266 1421 1380 1508 quihus
1405 1422 1512 1487 lortu·

183 1517 248 1591 nis,
277 1536 340 1602 quo
370 1514 486 1580 iratrel
514 1538 607 1602 quem
628 1538 688 1602 ego
715 1555 757 1565 —
785 1527 820 1583 ut
841 1537 955 1581 novum
978 1516 1159 1580 calamitatis
1180 1537 1278 1601 genus
1299 1516 1444 1581 attendas
1467 1551 1509 1561 -

183 1632 254 1676 cum
283 1609 382 1695 pluris
402 1609 538 1675 facerem
559 1630 653 1697 qnam
675 1631 725 1675 me
745 1611 848 1696 ipsum
869 1630 1055 1696 semperque
1076 1608 1234 1683 iecissem,
1262 1609 1372 1681 vitavi,
1397 1629 1438 1673 ne
1461 1607 1512 1672 vi·

148 1705 309 1779 sederem,
339 1725 377 1768 ne
398 1702 557 1768 antidius
578 1704 695 1769 luctum
716 1704 957 1788 squaloremque
979 1702 1150 1788 aspicerem
1172 1711 1225 1766 aut
1246 1722 1312 1773 me,
1334 1723 1431 1788 quem
1454 1701 1511 1765 ille

184 1795 437 1861 florentissimum
458 1795 641 1882 reliquerat,
663 1797 817 1883 perditum
840 1797 885 1863 illi
907 1797 1116 1881 alllictumque
1137 1796 1296 1861 ollerrem.
1340 1797 1433 1862 Mitto
1456 1817 1511 1867 ce

183 1900 247 1956 tera
269 1888 487 1954 intolerabilia.
531 1891 650 1955 Etenim
669 1890 744 1956 fletu
761 1890 926 1976 impedior.
968 1891 1027 1955 Hic
1049 1900 1153 1955 utrum
1176 1890 1300 1954 tandem
1321 1910 1391 1953 sum
1415 1909 1510 1953 accu-

182 1985 311 2056 sandus,
338 1982 424 2069 quod
451 1983 559 2057 doleo,
587 2005 644 2058 an,
672 1983 755 2070 quod
778 1984 934 2058 commisi,
958 1996 992 2048 ut
1013 1983 1088 2048 haec
1109 1993 1246 2049 autnon
1268 1984 1439 2047 retinerem
1465 2018 1508 2030 —

181 2076 266 2163 quod
295 2075 385 2141 facile
413 2074 539 2152 luisset,
573 2076 634 2141 nisi
659 2077 740 2142 intra
765 2078 900 2163 parietes
926 2098 1014 2142 meos
1042 2077 1081 2141 de
1109 2098 1178 2141 mea
1207 2077 1344 2162 pernicie
1371 2076 1509 2141 consilia

144 2165 334 2235 roinirentur
362 2205 418 2242 -,
446 2179 500 2234 aut
527 2179 612 2236 certe
638 2175 728 2237 vivus
754 2191 819 2236 non
848 2172 1049 2236 amitterem?
1092 2174 1122 2235 3.
1145 2174 1230 2235 llaec
1251 2190 1290 2235 eo
1311 2169 1440 2256 scripsi,
1470 2179 1509 2235 nt

181 2264 285 2349 potins
312 2262 468 2328 relevares
490 2284 555 2339 me,
585 2264 671 2350 qnod
692 2263 784 2338 lacis,
813 2286 906 2351 quam
928 2274 962 2329 ut
983 2264 1184 2350 castigatione
1206 2272 1260 2329 ant
1281 2262 1508 2347 obiurgatione

180 2356 308 2441 dignum
329 2367 475 2441 putares;
498 2379 599 2443 eoque
620 2357 660 2422 ad
681 2367 711 2422 te
734 2356 836 2423 miuus
856 2358 951 2422 multa
972 2356 1094 2431 scribo,
1116 2357 1200 2444 quod
1223 2367 1254 2421 et
1275 2377 1422 2420 maerore
1445 2356 1510 2420 im-

180 2447 292 2535 pedior
313 2458 361 2522 et,
390 2449 473 2535 quod
496 2459 673 2535 exspectem
694 2451 801 2526 istinc,
829 2455 927 2536 magis
955 2450 1075 2527 haben,
1105 2471 1199 2536 mam
1227 2449 1312 2536 quod
1335 2449 1403 2535 ipse
1426 2450 1508 2515 scri-

181 2540 264 2607 bam.
308 2544 396 2619 Quae
417 2542 443 2606 si
466 2552 559 2607 erunt
579 2543 684 2619 allata,
706 2544 818 2609 saciam
841 2554 870 2608 te
892 2544 1013 2609 consilii
1033 2545 1131 2609 nostri
1154 2544 1332 2608 certiorem.
1375 2547 1445 2615 lu,
1469 2552 1508 2608 ut

143 2634 281 2699 saadhuc
301 2633 417 2709 iecisti,
450 2635 708 2721 quamplurimis
730 2637 769 2701 de
791 2636 885 2701 rebus
907 2636 945 2701 ad
967 2656 1017 2700 me
1040 2636 1132 2701 velim
1154 2635 1289 2712 scribas,
1311 2643 1346 2700 nt
1367 2655 1507 2721 prorsus

179 2747 220 2792 ne
241 2727 315 2813 quid
336 2728 489 2813 ignorem.
531 2734 601 2795 Dal.
623 2750 716 2796 xrrn.
738 2728 805 2794 llal.
827 2730 933 2808 Quint
956 2728 1202 2795 Thessalonicae.

656 2897 1028 2979 mmmmm

658 3048 1020 3115 cmmmm

263 3193 517 3256 tinomao
545 3186 665 3253 litterae
693 3194 724 3252 et
752 3187 879 3274 quidam
906 3185 982 3252 honi
1011 3187 1125 3263 nuntii,
1160 3209 1223 3254 non
1244 3190 1371 3277 optimis
1392 3201 1503 3257 tamen

142 3285 371 3357 wanetoribus,
402 3292 433 3348 el
454 3282 643 3368 exspectatio
671 3291 845 3347 vestrarum
873 3280 1046 3346 litterarum
1072 3291 1104 3346 et
1124 3281 1209 3366 quod
1230 3282 1287 3347 tibi
1307 3283 1351 3347 ita
1373 3283 1503 3368 placue-

178 3387 240 3453 rat,
263 3377 363 3444 adhuc
384 3375 620 3442 Thessalonicae
640 3375 797 3441 tenebant.
840 3375 874 3441 Si
895 3395 1047 3461 accepero
1068 3374 1208 3450 litteras,
1230 3397 1308 3462 quas
1329 3388 1500 3462 exspecto,

177 3472 204 3537 si
231 3492 302 3557 spes
330 3471 391 3535 erit
418 3491 470 3545 ea,
500 3492 580 3556 quae
610 3469 792 3536 munoribus
819 3467 1028 3543 afferebatur,
1058 3468 1098 3532 ad
1125 3479 1156 3534 te
1185 3491 1235 3534 me
1262 3469 1439 3546 conleram;
1470 3471 1499 3534 si

177 3586 240 3631 non
262 3564 337 3639 erit,
360 3564 471 3629 iaciant
486 3572 516 3629 te
531 3565 714 3655 certiorem,
736 3563 812 3649 quid
834 3563 964 3647 egerim.
1007 3565 1037 3626 2.
1060 3568 1106 3627 Tu
1128 3584 1196 3637 me,
1218 3572 1253 3629 ut
1274 3563 1364 3636 lacis,
1387 3585 1499 3648 opera,

177 3657 324 3730 consilio,
353 3658 451 3742 gratia
472 3658 562 3734 iuva;
591 3658 747 3723 consolari
776 3657 838 3721 iam
860 3657 983 3733 desine;
1015 3654 1185 3740 obiurgare
1207 3679 1284 3723 vero
1305 3658 1386 3733 noli;
1409 3657 1498 3741 quod

141 3772 247 3817 secum
277 3749 368 3823 lacis,
398 3760 432 3815 ut
453 3771 514 3835 ego
536 3760 623 3816 tuum
652 3770 791 3816 amorem
821 3760 852 3814 et
873 3748 1014 3814 dolorem
1036 3747 1202 3814 desidero!
1233 3754 1334 3829 Quem
1357 3751 1397 3814 ita
1420 3751 1500 3814 alie·

177 3853 261 3908 ctum
289 3864 358 3906 mea
386 3864 534 3907 aerumna
563 3863 631 3906 esse
659 3841 810 3916 arbitror,
839 3852 874 3906 ut
900 3852 931 3907 te
960 3841 1062 3927 ipsum
1089 3844 1244 3909 consolari
1272 3865 1364 3909 nemo
1386 3844 1497 3927 possit.

178 3937 327 4013 Quintum
348 3933 477 3999 fratrem
498 3934 649 4019 optimum
671 3934 990 4020 humanissimumque
1012 3944 1158 4000 sustenta.
1199 3938 1245 4003 hd
1267 3958 1335 4010 me,
1360 3935 1497 4002 obsecro

176 4037 227 4104 te,
249 4038 284 4093 ut
304 4028 407 4092 omnia
429 4036 513 4092 certa
533 4026 719 4113 perscribas.
760 4033 828 4093 liat.
851 4047 918 4093 1111.
939 4028 1006 4092 llal.
1030 4029 1134 4106 Quint.

245 4249 270 4296 1.
289 4253 402 4296 statuere
419 4246 523 4312 facilius
541 4246 563 4294 Ι.
595 4269 626 4280 -
662 4244 689 4295 3.
708 4253 867 4296 monueram
885 4246 907 4295 l.
937 4272 971 4281 -
1006 4249 1080 4297 uliud
1097 4248 1197 4311 aliquid
1215 4249 1238 4298 l.
1258 4272 1290 4282 -
1325 4248 1352 4297 h.
1372 4248 1441 4311 quod
1458 4248 1498 4297 od

176 4319 210 4368 11.
231 4343 259 4355 -
296 4325 411 4379 spectare
429 4318 460 4367 11.
483 4339 511 4349 -
548 4315 626 4365 vohis
642 4315 680 4367 11.
703 4340 733 4351 -
769 4316 794 4366 8.
813 4323 837 4365 et
856 4317 926 4380 qoud
943 4317 974 4367 11.
1011 4316 1146 4380 (unul.)
1169 4341 1198 4352 -
1235 4315 1282 4380 est]
1300 4325 1380 4380 putus
1397 4317 1429 4366 11.
1461 4341 1495 4352 -

176 4390 204 4438 2.
223 4395 248 4437 et
265 4389 322 4450 quis
340 4388 371 4437 11.
390 4414 422 4423 -
440 4395 496 4437 tum
513 4385 640 4447 meapte
657 4399 675 4435 a
691 4392 766 4435 stetu
784 4382 829 4448 (iu
849 4389 959 4444 rasura)
977 4386 1021 4448 bl,
1040 4401 1072 4438 sar
1090 4395 1145 4437 tam
1163 4389 1251 4451 amplo
1268 4395 1341 4438 stato
1359 4387 1380 4436 l.
1412 4384 1497 4448 (Cor-

177 4462 279 4508 rectum
298 4462 337 4506 est
356 4458 383 4505 in
402 4454 447 4519 R.)
482 4481 506 4492 -
542 4455 734 4515 tamemhl,
760 4457 902 4505 intumi.
939 4453 1075 4520 (Utnos,
1103 4457 1205 4515 R.)-
1243 4458 1287 4508 11.
1312 4457 1375 4522 quid
1398 4458 1497 4520 merim

176 4528 241 4579 Cod.
262 4527 376 4576 llelmst.
403 4549 433 4562 -
470 4526 514 4575 12.
532 4526 594 4589 quid
618 4528 669 4575 sim
692 4525 754 4575 11111.
790 4525 845 4575 Cir.
866 4527 914 4590 lip-
934 4526 983 4587 15,
1010 4527 1037 4578 2.
1070 4553 1098 4563 -
1137 4527 1180 4577 tl.
1199 4525 1274 4590 com]
1302 4541 1378 4591 quum
1395 4526 1433 4576 hl.
1460 4549 1495 4563 ·-

178 4599 219 4649 to.
238 4597 323 4662 [odiis
341 4597 373 4646 11.
403 4618 433 4631 -
469 4597 513 4645 20.
532 4598 608 4646 certis
626 4595 657 4645 11.
690 4621 722 4631 -
757 4609 811 4645 non
828 4596 929 4658 Zbllll,
958 4596 1022 4646 item
1040 4597 1187 4646 Lambinus
1206 4598 1233 4646 in
1252 4597 1329 4648 Curis
1347 4597 1493 4647 secundis:

177 4682 233 4718 om.
251 4681 304 4717 noo
321 4666 482 4727 Cratander,
500 4679 569 4715 nune
586 4671 695 4716 auctore
712 4666 792 4715 Bosio
811 4666 841 4715 11.
870 4690 900 4702 -
936 4665 980 4717 21.
998 4667 1114 4716 uthlll:
1132 4675 1180 4717 not
1198 4668 1242 4718 111.
1266 4692 1302 4702 -
1336 4668 1380 4716 22.
1402 4662 1494 4731 eoque]

177 4745 249 4802 etque
267 4751 308 4800 pr.
327 4737 363 4788 hi.
387 4761 412 4772 -
450 4736 513 4799 quid
531 4736 553 4784 1.
575 4760 605 4770 -
641 4736 686 4787 23.
704 4737 766 4800 quid
782 4735 834 4787 111.
856 4760 887 4772 -
921 4736 966 4786 211.
985 4736 1078 4789 Malim
1098 4737 1288 4788 Thessalonice.
1307 4736 1358 4788 On.
1377 4762 1410 4771 -
1446 4737 1491 4786 30.

176 4815 328 4858 nostrumne
346 4807 368 4856 l.
390 4831 417 4844 -
454 4805 498 4856 33.
517 4813 546 4855 ut
565 4818 620 4855 om.
639 4806 671 4856 11.
