3256 5400
654 250 729 314 trs.
750 251 803 315 Ν.
845 250 905 314 lll‘.
927 249 978 313 14.
1426 255 1466 316 65

140 425 345 494 quascunque
360 404 445 471 vires
463 403 606 480 babebit,
629 405 669 472 ab
690 406 728 472 iis
750 406 841 493 ipsis,
864 404 978 493 quibus
999 416 1138 480 tenetur,
1161 407 1200 472 de
1219 418 1250 475 te
1270 410 1466 495 propediem.

140 500 220 566 milri
236 500 349 573 crede,
382 499 572 584 impetrabit.
615 506 646 565 6.
668 500 775 566 Redeo
802 500 898 584 igitur
922 498 961 564 ad
980 498 1030 575 id,
1052 509 1087 566 nt
1110 501 1174 566 iarn
1199 498 1254 567 tibi
1284 503 1378 568 etiam
1399 504 1468 589 pol·

140 594 238 659 licear
261 592 399 681 aliquid,
431 593 516 680 quod
539 593 643 679 primo
669 599 849 660 omiseram.
890 598 968 658 Nam
984 603 1015 658 et
1039 595 1231 681 complectar
1248 596 1315 661 eius
1337 597 1468 662 familia-

139 688 300 763 rissimos,
322 688 377 774 qui
398 707 448 751 me
465 687 634 753 admodum
650 687 782 772 diligunt
802 688 996 773 multumque
1012 708 1136 753 mecum
1158 699 1245 765 sunt,
1268 699 1300 754 et
1321 691 1354 755 in
1369 691 1467 777 ipsius

140 781 415 857 consuetudinem,
438 804 532 868 quam
554 782 655 848 adbuc
674 802 763 847 meus
783 780 886 866 pudor
905 781 983 846 mihi
999 781 1128 856 clausit,
1151 782 1316 849 insinuabo
1339 795 1370 849 et
1383 796 1493 851 certes

140 897 253 942 omues
273 875 340 942 rias
368 896 559 963 persequar,
586 875 702 962 quibus
726 873 843 959 putabo
868 873 907 938 ad
932 874 984 947 id,
1007 874 1094 961 quod
1118 876 1278 951 volumus,
1301 878 1469 962 pervenire

140 991 247 1058 posse.
304 975 339 1036 ln
361 968 422 1035 boc
443 981 511 1036 toto
533 991 648 1055 genere
670 970 761 1054 plura
782 966 912 1040 faciam,
936 990 1031 1054 quam
1049 968 1188 1034 scribere
1206 969 1327 1047 audeo;
1351 981 1468 1035 cetera-

141 1087 221 1152 que,
244 1085 326 1153 quae
343 1063 402 1130 tibi
424 1086 442 1129 a
460 1065 565 1130 multis
582 1071 727 1151 prompta
749 1083 818 1127 csse
841 1072 929 1127 certo
952 1063 1034 1137 scio,
1057 1084 1074 1127 a
1092 1085 1144 1128 me
1163 1075 1235 1129 sunt
1255 1066 1468 1150 paratissima;

140 1159 218 1225 nibil
239 1159 272 1224 in
293 1180 330 1223 re
352 1157 499 1223 familiari
520 1181 590 1223 mea
609 1154 673 1231 est,
706 1155 791 1242 quod
818 1176 879 1240 ego
903 1176 1008 1220 meum
1038 1157 1142 1222 malim
1162 1178 1230 1222 esse
1253 1179 1347 1243 quam
1371 1168 1470 1226 tuum.

141 1256 208 1319 llac
229 1252 319 1319 dere
335 1261 367 1318 ct
378 1252 417 1317 de
432 1251 493 1317 hoc
511 1273 626 1337 genere
642 1258 708 1316 toto
725 1249 784 1314 boc
797 1247 902 1314 scribo
916 1250 1059 1335 parcius,
1081 1250 1168 1336 quod
1183 1259 1228 1324 te,
1250 1251 1284 1316 id
1299 1253 1383 1338 quod
1402 1254 1469 1341 ipsc
1482 1273 1507 1312 n

141 1344 284 1421 conlido,
307 1367 435 1431 sperare
455 1346 537 1410 malo
559 1356 589 1410 te
604 1366 672 1409 esse
693 1365 827 1408 usurum
842 1344 915 1407 tuis.
958 1348 988 1408 7.
1010 1348 1194 1410 Extremum
1209 1344 1287 1409 allud
1302 1356 1366 1420 est,
1389 1357 1424 1411 ut
1439 1356 1468 1412 te

142 1459 232 1504 orem
254 1446 286 1503 ct
302 1436 485 1511 obsecrem,
508 1438 613 1504 auimo
632 1448 666 1502 ut
685 1437 825 1502 maximo
846 1437 889 1502 sis
909 1458 967 1501 nec
985 1458 1022 1502 ea
1045 1438 1147 1503 solum
1167 1439 1365 1512 memineris,
1389 1462 1469 1528 quac

141 1530 182 1598 ab
201 1531 270 1598 aliis
291 1537 411 1617 magnis
430 1532 507 1597 viris
529 1532 692 1617 accepisti,
724 1530 778 1595 sed
796 1530 849 1595 illa
875 1531 985 1605 etiam,
1018 1552 1098 1617 quac
1116 1531 1184 1617 ipse
1203 1532 1330 1617 ingenio
1351 1537 1470 1601 studio-

141 1646 204 1713 que
224 1625 384 1712 peperisti.
430 1629 520 1705 Quae
542 1627 568 1691 si
591 1624 728 1709 colliges,
751 1634 782 1689 et
803 1623 945 1709 sperabis
964 1630 1068 1689 omnia
1090 1626 1207 1711 optime
1233 1635 1264 1691 et
1288 1650 1369 1714 quae
1390 1631 1471 1694 acci·

142 1718 232 1792 dent,
254 1718 484 1805 qualiacunque
497 1726 603 1790 erunt,
627 1718 783 1804 sapienter
804 1715 898 1781 seres.
942 1717 1003 1782 Sed
1018 1717 1095 1782 baec
1109 1728 1143 1783 tu
1158 1719 1270 1786 melius
1289 1723 1339 1786 vel
1351 1724 1468 1809 optime
1483 1738 1508 1776 ¹⁵

142 1812 294 1879 omnium.
338 1817 423 1898 Ego,
446 1834 526 1899 quae
541 1812 699 1899 pertinere
714 1810 755 1876 ad
774 1818 806 1874 te
820 1808 1007 1894 intelligam,
1030 1809 1257 1877 studiosissime
1277 1815 1381 1880 omnia
1400 1815 1471 1881 dili·

141 1906 386 1994 gentissimcque
418 1905 539 1972 curabo
574 1914 764 1990 tuorumque
793 1901 973 1969 tristissimo
1003 1924 1076 1970 meo
1110 1912 1253 1991 tempore
1282 1907 1468 1976 meritorum

141 2019 217 2085 erga
238 2021 291 2066 me
311 1999 497 2066 memmium
518 1997 724 2065 conservabo.

601 2138 997 2222 nemnem)

499 2255 541 2319 n.
563 2254 707 2321 cremo
729 2253 762 2316 s.
782 2254 821 2316 n.
844 2254 904 2317 cn.
925 2254 1106 2318 runnuo.
1478 2285 1506 2322 2..

228 2376 257 2439 t.
278 2372 372 2439 Bims
400 2393 419 2438 a
448 2381 485 2438 te·
501 2374 607 2459 accepi
630 2373 764 2448 litteras,
801 2374 938 2460 Corcyra
968 2370 1071 2438 datas:
1102 2393 1236 2459 quarum
1258 2374 1366 2441 alteris
1391 2376 1467 2441 mibi

141 2467 356 2554 gratulabare‚
388 2467 475 2554 quod
506 2467 647 2533 audisses
676 2487 727 2531 me
760 2485 862 2529 meam
892 2465 1055 2551 pristinam
1092 2465 1274 2551 dignitatem
1308 2467 1467 2544 obtinere:

142 2561 248 2627 alteris
267 2559 394 2626 dicebas
418 2569 448 2626 tc
470 2561 570 2635 velle,
601 2580 682 2647 quae
707 2559 855 2644 egissem,
892 2557 973 2622 bene
995 2567 1027 2622 et
1049 2557 1185 2624 feliciter
1209 2560 1346 2626 evenire.
1400 2566 1467 2647 Ego

142 2665 262 2729 autem,
284 2655 312 2720 si
333 2654 467 2741 dignitas
492 2663 540 2720 est
561 2654 642 2720 bene
664 2653 704 2719 dc
724 2672 760 2716 re
781 2650 907 2736 publica
926 2651 1044 2716 sentire
1068 2659 1100 2716 et
1116 2651 1207 2717 bonis
1232 2653 1309 2718 viris
1330 2653 1467 2740 probare

143 2748 228 2836 quod
249 2748 384 2823 senuas,
414 2747 543 2813 obtimo
570 2748 752 2833 dignitatem
773 2765 895 2822 meam;
928 2743 976 2808 sin
1000 2754 1104 2809 autem
1125 2745 1158 2810 iu
1180 2766 1219 2811 eo
1244 2746 1378 2832 dignitas
1403 2757 1505 2820 estas

142 2842 182 2913 si,
205 2841 293 2928 quod
316 2843 451 2917 sentias,
488 2850 598 2908 autre
620 2841 743 2906 efficere
763 2837 866 2925 possis
887 2846 941 2902 aut
965 2837 1101 2924 denique
1122 2837 1221 2904 libera
1247 2841 1391 2907 oratione
1413 2843 1468 2906 dc-

142 2934 293 3010 lendere,
315 2956 355 2999 ne
375 2935 541 3020 vestigium
564 2934 691 3022 quidem
714 2934 814 2999 ullum
840 2939 888 2996 est
912 2931 1070 3017 reliquum
1097 2932 1190 2998 nobis
1212 2933 1379 3018 dignitatis,
1402 2935 1468 3020 agi-

142 3037 255 3113 turque
278 3027 457 3113 praeclare,
480 3027 507 3091 si
531 3028 758 3113 nosmetipsos
777 3047 890 3112 regere
912 3046 1097 3112 possumus;
1119 3038 1155 3093 ut
1176 3050 1228 3103 ea,
1251 3049 1331 3114 quae
1354 3029 1468 3113 partim

141 3120 204 3186 iam
229 3119 357 3195 adsunt,
386 3120 501 3207 partim
523 3120 720 3207 impendent,
743 3119 904 3185 moderate
924 3118 1077 3186 ieramus:
1109 3121 1195 3206 quod
1217 3132 1264 3186 est
1286 3121 1411 3187 dillicile
1434 3123 1467 3187 in

141 3213 297 3279 eiusmodi
318 3213 419 3288 bello,
442 3213 533 3280 cuius
554 3216 658 3279 exitus
680 3215 838 3279 exaltem
860 3221 950 3299 parte
978 3212 1107 3278 caedem
1128 3222 1277 3289 ostentat,
1302 3236 1343 3279 ex
1369 3215 1504 3280 alteratt

143 3307 337 3374 servitutem
387 3311 418 3373 2.
448 3308 574 3385 Quoia
597 3306 741 3395 periculo
757 3306 898 3372 nonnihil
921 3326 972 3369 me
996 3307 1192 3382 consolatur,
1220 3326 1291 3372 cum
1312 3310 1467 3376 recordor

144 3400 221 3467 baec
240 3421 292 3466 me
316 3409 383 3466 tum
403 3400 536 3476 vidisse,
570 3422 641 3467 cum
663 3401 816 3467 secundas
841 3399 935 3464 etiam
959 3420 1012 3464 res
1033 3407 1172 3474 nostras,
1206 3421 1269 3465 non
1293 3403 1390 3468 modo
1413 3405 1467 3468 ad-

144 3516 267 3569 versas,
282 3494 542 3583 pertimescebam
553 3495 782 3581 videbamque,
798 3501 916 3579 quanto
929 3492 1071 3577 periculo
1083 3490 1122 3555 de
1141 3491 1211 3557 iure
1227 3493 1353 3578 publico
1367 3496 1467 3561 disce·

139 3598 283 3677 ptaretur
291 3588 397 3654 armis.
421 3588 543 3668 Quibus
558 3589 584 3655 si
598 3589 622 3654 ii
640 3588 796 3661 vicissent,
812 3585 852 3652 ad
862 3606 944 3673 quos
959 3606 1020 3670 ego
1033 3586 1118 3671 pacis
1130 3606 1196 3672 spe,
1213 3608 1276 3651 non
1291 3586 1365 3652 belli
1379 3590 1467 3676 cupi-

141 3683 237 3749 ditate
254 3683 410 3748 adductus
433 3703 643 3759 accesseram,
665 3691 771 3746 tamen
786 3678 1009 3765 intelligebam,
1033 3690 1064 3744 et
1085 3679 1238 3745 iratorum
1253 3680 1416 3747 bominum
1436 3693 1504 3748 etas

141 3775 329 3864 cupidorum
339 3785 372 3841 et
384 3775 586 3842 insolentium
595 3797 689 3863 mam
701 3772 837 3839 crudelis
848 3782 930 3838 esset
944 3771 1049 3838 lutura
1058 3772 1190 3838 victoria
1199 3795 1207 3851 ;
1217 3773 1265 3838 sin
1275 3786 1377 3840 autem
1392 3776 1465 3841 victi

140 3877 257 3944 essent,
269 3878 403 3956 quantus
420 3869 565 3935 interitus
580 3877 663 3935 esset
672 3867 798 3934 iuturus
809 3865 926 3931 civium
937 3865 1052 3951 partim
1062 3866 1338 3951 amplissimorum,
1351 3870 1465 3955 partim

141 3964 236 4031 etiam
247 3962 455 4050 optimorum,
468 3963 583 4049 quime
590 3963 667 4027 haec
674 3959 905 4048 praedicentem
912 3969 1008 4046 atque
1019 3960 1137 4045 optime
1148 3962 1361 4027 consulentem
1372 3964 1465 4030 saluti

140 4077 215 4123 mae
231 4056 390 4123 malebant
405 4056 537 4122 nimium
547 4056 691 4123 timidum
707 4074 800 4141 mam
815 4052 890 4118 satis
902 4052 1088 4137 prudentem
1103 4054 1288 4121 existimari.
1317 4062 1347 4124 3.
1371 4059 1463 4137 Quod

140 4158 245 4216 autem
262 4149 340 4215 milri
359 4149 400 4215 de
417 4170 474 4224 eo,
506 4149 592 4237 quod
609 4149 747 4234 egerim,
769 4147 953 4232 gratularis,
975 4154 1007 4211 te
1030 4148 1073 4212 ita
1093 4148 1174 4212 velle
1194 4159 1282 4214 certo
1301 4151 1386 4228 scio;
1409 4152 1503 4217 sed⁴⁰

140 4263 201 4330 ego
216 4253 282 4308 tam
302 4243 421 4308 misero
446 4252 590 4328 tempore
611 4241 688 4306 nibil
706 4242 782 4307 novi
803 4240 925 4306 consilii
947 4241 1117 4327 cepissem,
1141 4241 1200 4306 nisi
1222 4242 1255 4306 in
1274 4242 1378 4309 reditu
1393 4265 1464 4309 meo

140 4337 239 4404 nibilo
256 4337 405 4403 meliores
424 4358 478 4402 res
498 4335 686 4402 domesticas
707 4356 800 4421 quarn
820 4356 887 4400 rem
906 4333 1063 4420 pubbcam
1086 4335 1298 4403 offendissem.
1342 4337 1465 4415 Quibus

140 4432 224 4497 enim
244 4450 305 4518 pro
329 4431 409 4497 meis
427 4428 657 4497 immortalibus
677 4427 839 4493 beneficiis
866 4429 1027 4494 carissima
1047 4449 1117 4494 mea
1143 4428 1228 4495 salus
1248 4438 1279 4495 et
1294 4451 1383 4495 meae
1399 4429 1465 4495 lor-

207 4632 235 4681 1.
254 4644 273 4680 a
289 4630 382 4694 quibus
399 4629 525 4680 Ambrae.
545 4629 610 4679 duo.
629 4628 684 4679 Clr.
704 4627 783 4677 Hand
802 4628 837 4677 ad
856 4626 956 4691 Wopk.
980 4641 1006 4690 p.
1025 4627 1052 4676 ’1.
1086 4649 1117 4663 -
1154 4627 1181 4677 3.
1207 4628 1362 4691 complector
1381 4629 1411 4679 n.
1434 4655 1464 4665 -

140 4699 167 4750 d.
183 4701 317 4764 merset
334 4699 490 4750 Lambinus.
522 4724 551 4737 -·
588 4699 615 4749 7.
635 4705 786 4762 ceteroque,
806 4711 873 4760 quoe
891 4698 933 4748 u:
952 4705 1053 4756 aetna,
1080 4711 1146 4760 quae
1167 4697 1197 4748 u.
1219 4722 1250 4734 -
1287 4700 1331 4749 11.
1351 4700 1422 4748 moto
1441 4707 1465 4750 te

140 4783 192 4820 raas
216 4769 262 4821 lt:
288 4769 378 4825 malo.
402 4783 453 4820 esse
479 4769 509 4818 ll.
544 4793 574 4804 -
612 4769 656 4819 12.
681 4764 762 4829 orem]
793 4775 875 4817 ortem
901 4767 939 4817 Μ.
968 4793 997 4804 -
1035 4763 1080 4829 ris]
1100 4769 1124 4817 ri
1150 4768 1189 4818 Μ.
1217 4794 1248 4803 -
1285 4768 1328 4818 21.
1349 4769 1465 4833 Corepro

141 4839 394 4904 Moruni-Lagona:
419 4839 547 4903 Corcoras
571 4838 630 4889 ΜΕ.
663 4864 694 4875 -
731 4839 775 4888 22.
794 4837 962 4902 protutelam
987 4837 1025 4888 Μ.
1048 4861 1077 4872 -
1114 4837 1161 4887 at.
1179 4839 1201 4886 tt
1218 4839 1337 4889 &dasem
1357 4840 1464 4890 bambi-

142 4924 208 4961 nus:
228 4911 392 4960 Moirissent
410 4909 455 4971 ll,
474 4910 631 4960 viciumtti
649 4908 679 4959 tt.

222 5017 295 5058 aaa„
308 5016 331 5056 r.
348 5017 381 5056 uc
1232 4987 1252 5048 5
