3256 5400
625 243 965 309 tmuman
1392 249 1455 312 m
1560 325 1564 330 ,

139 420 208 465 esse
238 398 386 464 dixit-
415 398 461 464 sic
486 398 568 464 enim
596 399 755 485 placuerat
783 434 822 449 -
850 408 882 464 et
902 398 1038 466 tabulam
1060 402 1260 489 proscripsit,
1296 421 1335 470 sn
1357 423 1455 471 rsur-

140 514 223 559 msu
253 512 467 559 carantanam
493 512 725 560 vnnnmvnvu.
778 497 814 559 ln
840 514 908 558 eam
936 494 1071 559 tabulam
1097 497 1200 580 magni
1232 497 1316 565 risam
1346 519 1456 564 conse·

140 587 324 675 quehantur.
367 591 457 651 Hunc
477 586 572 671 igitur
586 592 733 654 Catonem
755 586 903 653 Lentulus
924 606 942 650 a
963 586 1083 671 legibus
1104 591 1238 657 removit
1259 601 1290 656 et
1309 613 1378 667 eos,
1400 592 1454 679 qui

140 683 179 747 de
201 687 332 748 Caesare
364 690 503 745 monstra
534 682 785 767 promulgarunt,
821 677 934 766 quihus
965 680 1174 747 intercederet
1204 704 1306 750 nemo.
1357 692 1454 761 Nam,

140 775 224 861 qnod
254 775 293 840 de
314 774 463 860 Pompeio
490 775 636 840 Caninius
663 775 742 859 agit,
773 795 846 839 sane
874 794 967 858 quam
994 773 1129 841 refrixit.
1170 782 1277 863 Neque
1299 784 1381 845 enim
1403 802 1482 851 resa

140 867 291 954 probatur
320 876 351 931 et
376 866 541 952 Pompeius
569 877 675 933 noster
701 869 733 932 in
760 867 894 931 amicitia
915 872 948 932 P.
969 867 1091 932 Lentuli
1119 873 1313 954 vituperatur
1334 884 1365 939 et
1385 874 1457 939 her-

140 962 210 1028 cule
238 982 302 1027 non
330 968 378 1024 est
406 958 499 1024 idem.
541 965 616 1024 Nam
647 961 731 1047 apud
751 960 989 1047 perditissimam
1018 961 1101 1026 illam
1122 971 1214 1049 atque
1237 964 1371 1030 infimam
1393 965 1456 1032 lae-

140 1076 207 1119 oem
234 1053 343 1139 populi
369 1063 499 1138 propter
525 1052 671 1118 Milonem
697 1051 911 1130 suboffendit:
948 1061 979 1117 et
1008 1051 1084 1118 boni
1112 1056 1208 1121 multa
1237 1055 1277 1120 ab
1307 1080 1346 1123 eo
1376 1060 1456 1125 desi·

141 1147 264 1221 derant,
291 1145 388 1211 multa
411 1144 653 1230 reprehendunt.
702 1146 898 1212 Marcellinus
926 1157 1028 1212 autem
1057 1146 1117 1212 hoc
1144 1170 1208 1215 uno
1233 1150 1307 1216 mihi
1329 1152 1455 1237 quidem

141 1262 204 1306 non
224 1237 387 1313 satisfacit,
409 1236 587 1323 quodcum
609 1237 701 1303 nimis
721 1260 833 1324 aspere
856 1248 979 1305 mactat:
1001 1262 1189 1327 quamquam
1211 1243 1243 1308 id
1263 1255 1371 1310 senatu
1393 1269 1454 1312 non
1468 1280 1493 1316 ro

141 1335 238 1398 invito
265 1332 354 1409 lacit:
382 1352 446 1416 qno
473 1352 532 1417 ego
560 1352 611 1396 me
632 1330 787 1398 lubentius
808 1354 826 1397 a
847 1333 933 1398 curia
954 1343 985 1398 et
1005 1333 1045 1398 ab
1067 1335 1152 1399 omni
1174 1346 1262 1423 parte
1284 1341 1331 1404 rei
1353 1340 1455 1426 publi-

140 1449 194 1492 cae
222 1425 382 1492 subtraho.
425 1429 511 1490 6.1n
538 1423 661 1489 iudiciis
686 1425 709 1490 ii
736 1447 859 1499 sumus,
893 1426 947 1512 qui
974 1426 1110 1505 fuimus:
1147 1428 1258 1495 domus
1279 1431 1455 1499 celebratur

140 1522 201 1594 ita,
237 1531 272 1585 ut
296 1542 367 1585 cum
394 1519 540 1585 maxime.
597 1522 696 1585 Unum
722 1519 832 1584 accidit
859 1519 1066 1605 imprudentia
1087 1520 1210 1586 Milonis
1240 1522 1453 1601 incommode,

140 1614 179 1679 de
207 1617 303 1679 Sexto
332 1612 458 1690 Clodio;
491 1633 584 1697 quem
607 1634 708 1698 neque
729 1612 790 1679 hoc
809 1622 951 1697 tempore
980 1634 1081 1699 neque
1110 1612 1149 1678 ab
1176 1614 1337 1682 imbecillis
1364 1640 1455 1685 accu-

140 1706 296 1773 satoribus
322 1706 398 1771 mihi
426 1706 541 1791 placuit
568 1706 716 1772 accusari.
765 1705 802 1770 Ei
829 1714 893 1770 tres
920 1706 1091 1771 sententiae
1121 1706 1293 1775 deterrimo
1320 1709 1351 1774 in
1380 1732 1495 1784 con-1:

141 1801 211 1865 silio
240 1800 416 1866 doluerunt.
457 1805 564 1885 ltaque
592 1800 749 1865 hominem
770 1798 904 1885 populus
925 1810 1051 1864 revocat
1080 1810 1111 1865 et
1131 1802 1308 1868 retrahatur
1329 1825 1476 1889 necesse·

140 1905 196 1959 est.
250 1899 318 1960 Non
349 1893 431 1957 enirn
460 1892 566 1958 serunt
601 1892 762 1970 homines;
796 1901 827 1957 el
854 1891 948 1977 quia,
987 1912 1057 1956 cum
1091 1894 1174 1979 apud
1209 1917 1282 1962 suos
1320 1898 1454 1975 diceret,

142 2008 240 2074 paene
268 1986 429 2051 damnatus
457 1995 519 2059 est,
549 1986 655 2052 vident
682 1986 869 2052 damnatum.
918 1990 962 2050 Ea
989 1984 1055 2072 ipsa
1082 1987 1115 2051 in
1137 2010 1172 2053 re
1195 1992 1333 2077 Pompeii
1358 1993 1456 2058 offen-

141 2080 189 2146 sio
225 2078 315 2144 nohis
343 2079 470 2146 obstitit.
528 2083 712 2146 Senatorum
749 2080 832 2144 enim
864 2100 943 2144 urna
972 2079 1099 2165 copiose
1127 2080 1278 2158 absolvit,
1314 2087 1453 2173 equitum

142 2175 341 2262 adaequavit,
371 2174 488 2241 tribuni
516 2175 630 2240 aerarii
657 2175 911 2240 condemnarunt.
967 2172 1028 2238 Sed
1049 2173 1109 2239 hoc
1129 2175 1360 2245 incommodum
1383 2202 1494 2249 con-:o

142 2270 281 2335 solantur
295 2269 493 2355 quotidianae
510 2268 721 2335 damnationes
742 2267 989 2349 †munitornm,
1011 2266 1044 2331 in
1066 2267 1179 2354 quibus
1202 2293 1251 2336 me
1274 2273 1456 2359 perlubente

142 2363 269 2428 Servius
297 2362 403 2428 allisus
432 2372 499 2435 est,
532 2362 628 2426 ceteri
655 2361 870 2427 conciduntur.
927 2363 960 2426 C.
988 2363 1064 2426 Cato
1092 2363 1286 2429 contionatus
1320 2376 1384 2440 est,
1422 2387 1456 2430 se

141 2456 266 2522 comitia
293 2454 403 2521 haberi
431 2478 493 2521 non
522 2461 679 2528 siturum,
711 2455 738 2520 si
769 2452 830 2518 sibi
862 2473 933 2516 cum
964 2452 1081 2538 populo
1114 2454 1179 2521 dies
1211 2460 1321 2542 agendi
1354 2471 1456 2526 essent

142 2548 289 2634 exempti.
336 2549 453 2636 Appius
475 2570 493 2613 a
515 2552 647 2614 Caesare
669 2547 806 2612 nondum
832 2545 977 2612 redierat.
1027 2551 1057 2612 7.
1080 2553 1160 2614 Tuas
1182 2551 1310 2616 mirifice
1339 2554 1456 2620 litteras

142 2653 311 2729 exspecto:
347 2653 440 2730 atque
474 2641 575 2707 adhuc
605 2642 742 2706 clausum
775 2661 861 2705 mare
890 2638 986 2704 luisse
1012 2641 1097 2717 scio:
1134 2643 1189 2708 sed
1220 2645 1370 2729 quosdam
1405 2669 1496 2713 vc-aa

142 2736 224 2801 nisse
251 2746 353 2802 umen
374 2736 465 2801 Olbia
487 2734 650 2810 dicebant,
684 2734 790 2820 quite
816 2731 907 2799 unice
932 2732 1093 2798 laudarent
1115 2735 1304 2823 plurimique
1330 2743 1361 2802 in
1382 2760 1456 2824 pro-

142 2829 243 2894 vincia
272 2829 340 2895 lieri
369 2830 516 2896 dicerent
584 2827 719 2894 Eosdem
748 2824 872 2891 aiebant
899 2825 1042 2890 nuntiare
1072 2835 1101 2890 te
1129 2827 1229 2912 prima
1262 2831 1456 2916 navigatione

142 2921 406 2989 transmissurum.
448 2923 483 2989 ld
508 2922 617 3008 cupio;
645 2929 692 2994 et,
718 2940 903 3006 quamquam
924 2928 955 2984 te
976 2918 1078 3005 ipsum
1099 2921 1215 2987 scilicet
1236 2923 1387 3000 maxime,
1413 2935 1458 2990 ta·

142 3036 214 3081 men
234 3014 328 3083 etiam
350 3015 469 3084 litteras
489 3027 558 3082 tuas
579 3024 649 3080 ante
666 3022 823 3098 exspecto.
865 3012 908 3078 Mi
925 3011 1042 3086 irater,
1067 3013 1144 3080 vale.

613 3151 987 3237 mquam)
1469 3177 1497 3219 a

574 3276 727 3342 MARCUS
758 3276 796 3351 Q.
823 3277 966 3340 FRATRI
995 3276 1026 3339 S.

226 3395 263 3457 t.
276 3387 308 3456 d.
323 3408 375 3456 ιιι.
389 3387 435 3456 ld.
449 3387 546 3476 April
561 3397 632 3452 ante
646 3387 746 3452 lucem
760 3384 839 3450 hauc
859 3384 1020 3472 epistolam
1041 3388 1304 3474 conscripseram,
1326 3392 1459 3479 scripse·

145 3507 276 3574 rumque
289 3486 322 3551 in
335 3484 464 3559 itinere,
479 3493 515 3549 ut
528 3504 567 3547 eo
581 3481 631 3546 die
646 3479 729 3566 apud
744 3485 777 3545 T.
793 3479 906 3545 Titium
920 3478 953 3543 in
963 3478 1123 3564 Anagnino
1138 3502 1307 3548 manerem.
1343 3485 1458 3550 Postri-

144 3579 314 3646 dicantem
334 3578 368 3643 in
381 3576 505 3641 Laterio
520 3572 713 3659 cogitabam:
734 3572 827 3647 inde,
849 3593 920 3638 cum
937 3573 970 3637 in
983 3573 1123 3659 Arpinati
1146 3580 1282 3662 quinque
1301 3578 1367 3643 dios
1383 3577 1457 3643 luis·

144 3694 227 3747 sem,
256 3672 304 3737 ire
324 3671 357 3736 in
378 3669 617 3755 Pompeianum3
638 3665 763 3731 rediens
788 3665 950 3752 adspicere
971 3671 1159 3741 Cumanum,
1182 3677 1232 3743 ut,
1254 3672 1400 3757 quoniam
1426 3670 1497 3742 in..

144 3769 221 3831 Non.
249 3764 346 3833 Maias
371 3763 480 3831 Miloni
502 3762 568 3827 dies
589 3759 730 3847 prodicta
750 3770 812 3836 est,
845 3760 947 3846 pridie
976 3766 1053 3829 Non.
1080 3767 1196 3827 Romae
1223 3784 1323 3828 essem
1348 3773 1457 3848 teque,

212 3984 240 4034 2.
259 3982 381 4034 tabellam
401 3982 431 4031 R.
460 4006 486 4018 -
522 3980 548 4031 ³.
567 3979 644 4029 Hunc
661 3979 726 4030 MR:
753 3978 827 4028 Nattae
844 3979 888 4028 113.
918 4004 946 4016 -
984 3980 1011 4030 7.
1027 3981 1231 4043 perditissimam
1247 3982 1322 4030 illam
1340 3983 1407 4034 MR:
1426 3982 1462 4031 il-

145 4055 198 4104 lom
213 4053 417 4117 perditissimam
434 4051 478 4100 lll.
500 4072 531 4083 -
565 4057 643 4113 atquc
661 4062 716 4098 om.
736 4062 776 4111 pr·
796 4048 833 4099 M·
853 4074 885 4084 -
920 4049 1002 4113 [acam
1021 4050 1043 4098 1.
1063 4076 1093 4086 -
1116 4052 1157 4100 10.
1176 4047 1264 4112 aimt't]
1283 4054 1367 4101 minas
1385 4053 1408 4103 1.
1431 4077 1460 4088 -

145 4125 187 4175 13.
205 4121 425 4186 prudentiam.
458 4146 487 4157 -
523 4119 685 4169 incommodo
703 4118 754 4169 Ml.
774 4114 947 4179 (Mcammadc
964 4120 1009 4169 Rll
1034 4125 1060 4169 et
1078 4133 1134 4182 mg.
1153 4118 1207 4182 M.)
1240 4145 1268 4157 -
1307 4121 1352 4171 rt.
1372 4121 1463 4188 Clodio

144 4195 297 4245 Manutius:
327 4192 414 4242 coella
434 4204 496 4240 com
514 4189 591 4239 libris
609 4189 686 4248 Rllt,
714 4188 822 4238 cacata
841 4201 895 4250 ma.
915 4187 954 4239 M.
989 4211 1017 4223 -
1053 4190 1259 4240 tmoectllltacl.
1289 4217 1318 4228 -
1355 4192 1398 4241 15.
1419 4190 1462 4256 Et]

145 4265 179 4315 Bt
196 4264 228 4313 ll.
251 4288 279 4300 -
316 4263 455 4312 deterrimo
472 4259 655 4310 Bentirollus:
675 4259 823 4308 teterrimas
840 4257 920 4316 Mill,
939 4259 1091 4309 decuriam
1110 4261 1139 4310 R.
1162 4285 1190 4296 -
1227 4261 1270 4309 17.
1289 4261 1393 4325 scema:
1411 4263 1462 4314 Ml.

147 4359 176 4371 -
195 4330 271 4397 aaut]
298 4338 354 4381 tam
372 4345 412 4394 pr.
432 4330 469 4381 M.
500 4356 529 4367 -
554 4330 610 4389 21.
626 4331 786 4378 munitorum:
803 4327 848 4378 M:
869 4330 1032 4378 inimicorum
1051 4330 1117 4379 Rlll.
1155 4330 1225 4381 Fort.
1245 4333 1462 4384 nummarios-aaa.

145 4403 200 4454 Clr.
220 4416 269 4466 pro
287 4401 394 4451 Cluent.
413 4397 442 4462 §-
461 4400 505 4450 75.
542 4397 591 4450 Oa.
626 4423 654 4435 -
691 4399 735 4447 33.
755 4399 843 4447 Scalas
861 4398 901 4456 M,
920 4398 1048 4448 raoarl.
1078 4424 1104 4436 -
1143 4399 1310 4449 conciderant
1328 4401 1351 4449 1.
1371 4429 1403 4440 -
1438 4417 1465 4453 aa

146 4473 277 4523 lnrcrtom
296 4486 310 4521 r
331 4471 461 4521 lambino
479 4483 540 4519 com
560 4468 635 4518 libris
653 4481 708 4517 om.
728 4467 794 4517 Rllt.
815 4491 847 4504 -
883 4468 927 4517 23.
946 4465 1013 4529 acm]
1032 4482 1050 4518 a
1068 4469 1128 4519 MR.
1150 4495 1176 4506 -
1204 4469 1248 4518 25.
1268 4470 1361 4520 Malim
1379 4474 1463 4536 atqat.

145 4544 226 4594 Barr.
248 4567 277 4579 -
305 4543 383 4607 {amc
400 4542 452 4590 rata
470 4539 537 4590 MR:
556 4540 608 4588 rca'a
625 4539 703 4602 satam
722 4537 764 4586 lll.
787 4562 816 4573 -
848 4536 892 4586 33.
912 4538 988 4587 Olbia
1005 4538 1159 4588 Manutius:
1180 4538 1256 4587 Ostc'a
1272 4539 1360 4599 MRE,
1380 4543 1465 4592 tortia

145 4614 169 4663 l.
189 4635 218 4650 -
254 4611 298 4663 2¹1.
317 4612 404 4662 eodem
422 4623 461 4673 pr.
482 4609 524 4668 M,
543 4610 620 4658 tidem
639 4607 673 4658 Rl
691 4613 717 4657 et
735 4620 804 4656 eorr-
823 4605 860 4656 M.
882 4604 997 4668 (cordam
1015 4621 1070 4670 mg.
1090 4607 1146 4671 M.)
1166 4633 1198 4644 -
1235 4609 1278 4659 33.
1299 4609 1338 4658 Ad
1355 4624 1388 4661 rr.
1409 4612 1464 4672 Ml,

145 4683 182 4733 ad
198 4683 284 4745 pesae
301 4682 334 4731 R.
356 4704 383 4718 —
422 4680 622 4741 coarcrlprcrma
641 4675 813 4740 (scripseram
830 4688 900 4725 corr.
920 4678 964 4733 M,
984 4679 1142 4728 dictaveram
1163 4690 1217 4739 mg.
1237 4676 1282 4740 M)
1301 4682 1466 4744 κάρψω.

146 4766 193 4817 qua
221 4752 272 4803 M:
305 4753 465 4801 dictaveram
489 4750 690 4810 :caprarumque
717 4746 785 4804 RB,
816 4748 1067 4811 cmucrtpceramqae
1093 4749 1128 4808 l,
1159 4748 1318 4797 dictaveram
1346 4764 1466 4815 eramque

147 4824 299 4875 Schtttrtoa.
330 4846 359 4857 -
397 4820 440 4869 33.
459 4819 688 4868 atiatta'aercco
707 4815 728 4864 l.
755 4838 783 4850 -
820 4814 865 4865 at.
885 4816 993 4868 latam
1010 4818 1140 4880 corr.M,
1158 4817 1280 4868 Alatriaa
1301 4818 1332 4867 R.
1354 4845 1382 4858 -
1419 4821 1471 4873 30„
1524 4848 1530 4858 .

150 4893 273 4958 prodtcta
290 4889 375 4943 Codd.
394 4889 477 4940 lonii:
492 4887 623 4951 prodacta
640 4885 680 4944 R,
698 4884 808 4949 pacata
823 4883 897 4937 Mill.
