3256 5400
640 228 993 294 immmes

638 383 981 471 emaum)

619 528 761 591 CICERO
793 529 937 594 ATTICO
966 531 997 593 S.

234 664 262 723 l.
283 663 370 723 Nunc
392 655 519 742 quidem
539 655 682 742 prolecto
704 661 822 722 Romae
844 679 892 733 es;
915 680 978 746 quo
1001 668 1050 734 te,
1073 660 1100 725 si
1121 665 1163 725 ita
1185 670 1248 735 est,
1271 663 1389 728 salvum
1412 685 1465 730 re-

148 754 231 817 nisse
259 752 395 838 gaudeo:
422 749 515 815 ·unde
545 749 671 836 quidem
694 751 843 836 quamdiu
865 751 985 825 aluisti,
1020 754 1117 838 magis
1139 775 1156 818 a
1178 777 1228 820 me
1250 755 1358 821 abesse
1379 757 1466 824 vide·

148 846 240 918 bare,
271 867 363 932 quam
392 845 418 908 si
446 843 530 909 domi
560 865 662 919 esses;
695 845 798 910 minus
827 847 909 909 enim
938 847 1014 911 milri
1043 868 1131 912 meae
1159 859 1251 914 notae
1280 872 1332 915 res
1360 860 1489 925 eraut,s

149 941 251 1004 minus
279 939 371 1003 etiam
405 938 557 1024 publicae.
609 941 716 1014 Quare
744 939 854 1011 velim,
886 941 957 1012 etsi,
990 951 1025 1006 ut
1052 963 1163 1026 spero,
1195 954 1224 1008 te
1248 943 1323 1008 haec
1344 944 1466 1029 legente

148 1033 337 1117 aliquantum
360 1032 427 1095 viae
451 1051 650 1115 processero,
682 1043 785 1096 tamon
812 1034 938 1098 obviam
968 1035 1044 1098 milri
1080 1035 1198 1100 litteras
1219 1059 1311 1121 quam
1335 1038 1468 1120 argutis-

148 1127 241 1191 simas
264 1126 302 1190 de
331 1124 475 1190 omnibus
503 1123 597 1188 rebus
624 1123 738 1190 crebro
761 1127 878 1201 mittas,
912 1128 1065 1212 imprimis
1095 1129 1133 1193 de
1156 1151 1219 1214 quo
1241 1131 1352 1215 scripsi
1374 1130 1412 1194 ad
1436 1141 1466 1195 te

148 1233 254 1286 anlea:
278 1227 330 1298 τῆς
352 1221 509 1299 ξυναόρου
532 1223 585 1297 τῆς
607 1224 683 1302 ἐμῆς
705 1222 928 1303 οὑξελεύὲερος
958 1221 1049 1300 ἔδοξέ
1067 1250 1126 1306 μοι
1149 1225 1242 1307 θαμὰ
1265 1232 1466 1307 βατταρίζων

148 1327 204 1380 καὶ
231 1314 339 1379 ἀλόων
368 1327 432 1386 τοῖς
461 1311 625 1394 ξυλλόγοις
654 1324 711 1376 καὶ
740 1329 808 1389 ταῖς
839 1322 969 1393 λέσχαις
1000 1318 1063 1382 ὑπό
1091 1345 1121 1382 τι
1150 1333 1372 1399 πεφυρανλναι
1409 1319 1504 1394 scisso

148 1411 281 1489 ψήφους
315 1419 349 1471 ἐν
378 1421 442 1479 τοῖς
469 1407 656 1486 ὑπάρχουσι
685 1422 749 1481 τοῖς
777 1413 834 1472 τοῦ
854 1411 1097 1489 Κροτωνιάτου.
1142 1415 1172 1476 2.
1195 1415 1262 1475 Hoc
1285 1423 1317 1476 tu
1339 1411 1465 1496 indaga,

148 1513 182 1567 ut
204 1501 305 1577 solcs;
328 1510 374 1563 ast
397 1498 456 1562 hoc
478 1499 593 1582 magis:
628 1504 661 1577 ἐξ
682 1501 805 1576 ἄστεως
826 1504 1016 1582 ε’πταλόφου
1038 1510 1152 1583 τειχῶν
1174 1510 1357 1587 παρέδωκεν
1377 1511 1466 1586 μνῶν

148 1598 203 1662 κδ’.
233 1596 295 1678 μα’.
320 1594 548 1673 ὀφειλημάτων
577 1598 748 1676 Καμίλλῳ·
770 1597 886 1663 ἑαυτόν
908 1623 939 1661 τε
967 1600 1142 1677 ὀφείλοντα
1162 1603 1246 1681 μνᾱς
1268 1599 1323 1662 κδ’.
1347 1609 1383 1662 ἐκ
1405 1604 1466 1662 τῶν

147 1691 420 1770 Κροτωνιατικῶν
445 1698 501 1750 καὶ
531 1699 566 1751 ἐκ
596 1693 657 1753 τῶν
684 1692 967 1772 Χερρονησιτικῶν
987 1692 1050 1775 μη’·
1079 1702 1135 1757 καὶ
1163 1698 1246 1775 μνᾶς
1268 1692 1465 1775 κληρονομή-

148 1810 209 1857 σας
231 1783 293 1864 χμ’.
317 1782 380 1864 χμ’.
409 1782 528 1846 τούτων
551 1788 584 1846 δὲ
605 1788 686 1866 μηδὲ
709 1786 830 1864 ὀβολόν
852 1785 1093 1861 διαλύσασθαι,
1127 1787 1255 1850 πάντων
1277 1789 1504 1867 deestque-¹⁸

149 1903 209 1940 των
231 1880 288 1939 τοῦ
309 1882 456 1958 δευτέρου
477 1877 578 1958 μηνὸς
600 1881 637 1961 τῇ
658 1891 824 1961 νουμηνίᾳ.
866 1879 921 1943 τὸν
949 1885 983 1943 δὲ
1005 1880 1220 1961 ἀπελεύθερον
1242 1883 1359 1954 αὐτοῦ,
1386 1879 1465 1944 ὄντα

148 1971 320 2053 ὁμώνυμον
342 1976 385 2052 τῷ
406 1970 560 2046 Κόνωνος
583 1983 698 2053 πατρί,
735 1977 833 2054 μηδὲν
866 1975 1048 2054 ὁλοσχερῶς
1077 1986 1335 2055 πεφροντικέναι.
1364 1977 1465 2037 ταῦτα

148 2064 220 2140 οὖν,
245 2070 466 2148 πρῶτονμὲν,
488 2072 544 2130 ἰ’να
567 2067 673 2130 πάντα
696 2067 845 2144 σώζηται·
869 2067 1016 2148 δεύτερον
1038 2073 1080 2138 δέ,
1104 2074 1160 2132 ἵνα
1180 2073 1261 2150 μηδὲ
1283 2073 1344 2132 τῶν
1365 2066 1466 2132 τόκων

148 2161 348 2243 ὀλιγωρήσῃς
370 2165 432 2223 τῶν
454 2159 521 2223 α’..τὸ
544 2164 597 2237 τῆς
620 2174 863 2243 προεκκειμένης
885 2164 1016 2243 ἡμέρας.
1045 2162 1127 2237 ὅσας
1149 2164 1250 2227 αὐτὸν
1272 2165 1465 2244 ἠνέγκαμεν,

148 2256 283 2335 σφόδρα
305 2259 444 2318 δέδοικα.
502 2264 559 2317 καὶ
589 2255 654 2337 γάρ
690 2260 799 2337 παρῆν
827 2256 907 2336 πρὸς
935 2258 1020 2337 ἡμᾶς
1049 2256 1336 2339 κατασκεψόμενος
1357 2267 1414 2320 καί
1434 2263 1504 2319 ss²⁰

148 2351 266 2427 σχεδὸν
287 2355 430 2423 ἐλπίσας·
454 2349 618 2430 ἀπογνοός
640 2355 690 2423 δέ,
725 2350 851 2430 ἀλόγως
873 2350 1011 2426 ἀπέστη,
1039 2351 1197 2423 ἐπειπών,
1219 2355 1303 2414 εἴκω·
1325 2348 1466 2429 αἰσχρόν

148 2470 197 2508 τοι
220 2443 319 2527 δηρόν
342 2468 372 2506 τε
393 2455 508 2524 μένειν·
538 2462 651 2528 meque
673 2441 852 2525 obiurgavit
872 2451 980 2505 vetere
1012 2441 1198 2527 proverbio,
1229 2443 1268 2507 τὰ
1296 2455 1355 2525 μιν
1377 2442 1465 2508 διδό-

146 2562 237 2619 μενα.
282 2539 311 2598 3.
346 2534 475 2619 Reliqua
504 2534 576 2598 ride
605 2545 636 2599 et
662 2545 810 2619 quantum
839 2534 907 2599 fieri
937 2546 1026 2622 potes
1051 2536 1205 2622 perspice.
1247 2541 1309 2599 Nos
1332 2535 1390 2599 etsi
1411 2556 1467 2599 aa·

148 2650 244 2694 nuum
277 2636 398 2713 tempus
424 2649 524 2713 prope
554 2627 615 2692 iam
644 2628 808 2692 emeritum
839 2625 1027 2691 habebamus
1061 2662 1097 2673 -
1129 2627 1195 2692 dies
1222 2628 1304 2692 enim
1337 2647 1464 2693 xxxin.

148 2732 235 2787 erant
263 2723 377 2808 reliqui
404 2759 445 2770 -—
474 2721 681 2785 sollicitudine
703 2720 880 2806 provinciae
903 2730 1004 2785 tamen
1033 2721 1083 2785 vel
1104 2722 1241 2786 maxime
1264 2720 1502 2806 urgebamur.²³

148 2820 225 2881 Cum
248 2814 329 2879 enim
365 2814 489 2879 arderet
525 2815 613 2902 Syria
649 2813 733 2878 bello
756 2822 786 2877 et
808 2813 936 2878 Bibulus
958 2815 990 2878 in
1011 2825 1096 2880 tanto
1117 2836 1262 2880 maerore
1284 2835 1342 2879 suo
1363 2815 1465 2879 maxi·

147 2930 228 2973 mam
251 2929 358 2974 curam
386 2908 460 2972 belli
488 2909 654 2972 sustineret
682 2907 722 2972 ad
751 2927 864 2992 meque
894 2908 985 2992 legati
1015 2909 1083 2974 eius
1105 2919 1135 2973 et
1153 2919 1300 2995 quaestor
1322 2918 1353 2973 et
1373 2909 1465 2974 amici

148 3007 215 3066 eius
245 3002 361 3066 litteras
388 3004 561 3074 mitterent,
592 3011 627 3066 ut
656 3000 796 3066 subsidio
832 3001 989 3067 venirem:
1019 3003 1076 3067 etsi
1104 3002 1276 3067 exercitum
1306 3001 1464 3067 iulirmum

148 3095 315 3167 habebam,
338 3097 454 3162 auxilia
478 3117 551 3161 sane
573 3093 671 3169 hona,
693 3094 748 3160 sed
770 3116 807 3159 ea
829 3097 1016 3169 Galatarum,
1038 3096 1221 3165 Pisidarum,
1244 3100 1410 3183 Lyciorum
1424 3131 1462 3143 -

148 3190 224 3255 haec
256 3191 339 3255 enim
368 3200 439 3255 sunt
471 3200 577 3254 nostra
604 3188 721 3253 robora
753 3225 807 3260 -.
840 3199 941 3254 tamen
971 3211 1039 3254 esse
1067 3191 1202 3254 ollicium
1230 3210 1335 3254 meum
1358 3190 1502 3275 putarim

147 3284 320 3349 exercitum
344 3283 458 3348 habere
480 3305 573 3369 quam
596 3283 740 3368 proxime
762 3283 901 3358 hostem,
939 3282 1043 3367 quoad
1065 3283 1139 3347 milri
1166 3303 1311 3369 praeesse
1335 3282 1464 3368 provin·

147 3379 214 3442 ciac
236 3399 294 3464 per
314 3388 437 3442 senatus
459 3377 634 3442 consultum
658 3376 775 3442 liceret.
819 3376 897 3449 Sed,
933 3397 997 3461 quo
1030 3396 1090 3461 ego
1112 3378 1247 3442 maxime
1269 3374 1463 3450 delectabar,

146 3472 276 3537 Bibulus
305 3472 454 3536 molestus
484 3471 560 3536 milri
589 3491 651 3535 uon
679 3479 760 3548 erat3
794 3470 832 3535 de
862 3470 1007 3535 omnibus
1035 3469 1130 3535 rebus
1163 3468 1319 3536 scribebat
1346 3468 1386 3533 ad
1411 3488 1463 3532 me

216 3693 242 3741 Ιι.
263 3693 341 3740 ulmis·
358 3691 431 3740 Mill.
469 3689 637 3744 (Correetum
658 3691 684 3739 ln
705 3690 933 3747 mansitaret-
971 3690 998 3740 5.
1018 3691 1123 3740 videare
1142 3703 1181 3752 pr.
1203 3688 1239 3737 Μ.
1262 3713 1292 3724 -
1330 3695 1401 3737 totos
1419 3701 1458 3749 pr.

146 3763 185 3813 Μ.
207 3786 236 3798 -
273 3763 298 3810 7.
328 3761 494 3823 aliquantum
511 3759 578 3824 vioe]
603 3762 802 3824 alioquentem
822 3769 909 3810 tomen
926 3761 985 3810 vioe
1003 3760 1048 3820 Μ,
1073 3760 1238 3822 aliquantum
1256 3766 1343 3808 tumen
1360 3759 1419 3807 eius
1437 3757 1460 3807 l.

147 3837 218 3885 Fort.
249 3834 413 3894 aliquantum
438 3833 493 3879 ium
516 3834 583 3881 uiue.
615 3831 665 3882 Ort.
696 3856 724 3867 -
769 3832 870 3880 obviam
889 3830 955 3879 cod.
976 3831 1014 3879 lo.
1039 3830 1131 3890 iring.
1151 3835 1217 3877 teste
1236 3830 1346 3878 Beiero:
1373 3829 1462 3877 obvias

147 3902 242 3955 lllllli.
280 3901 335 3951 Cir.
357 3901 584 3963 morlip.7,2.
608 3924 636 3934 -
673 3915 752 3964 quum
770 3915 824 3950 om.
845 3915 886 3963 pr.
906 3899 997 3949 lll.-
1032 3897 1460 3966 9.ξυναόρου]ολοχοτιΒ.-

147 3991 164 4025 ο
184 3971 376 4041 απελευῇερος
396 3971 425 4020 lt.
446 3996 478 4006 -
515 3973 555 4020 10.
577 3972 627 4021 real
646 3977 708 4019 sate
728 3967 825 4021 ἀλύων
843 3984 897 4020 οιο.
918 3969 955 4019 Μ.
975 3995 1008 4004 -
1027 3965 1125 4019 ἀλύων
1143 3967 1175 4018 ἐν
1193 3973 1254 4029 τοῖς
1273 3971 1335 4017 Asc.
1356 3981 1410 4016 sec.
1427 3991 1460 4003 -

149 4060 210 4105 τοις
228 4042 327 4107 λογοις
344 4058 397 4105 μοι
416 4057 465 4090 και
485 4057 547 4103 ταις
566 4037 677 4103 λεξεσιν
695 4041 725 4088 ll.
757 4066 785 4077 -
822 4039 1032 4106 ‹lssrp‘ltapsrsvas
1051 4041 1082 4089 tt.
1105 4065 1130 4075 -
1172 4039 1214 4087 ia.
1235 4041 1338 4102 moqls:
1366 4034 1397 4099 εξ
1414 4038 1461 4090 λο·

147 4129 223 4175 φοος
242 4126 343 4172 τειχων
363 4112 395 4161 ll.
419 4139 443 4148 -
466 4111 548 4175 μνῶν
566 4108 617 4160 secl.
636 4108 709 4174 μη’.]
723 4110 831 4160 ΗΜΩΝ
847 4108 953 4160 ΚΛΜΝ
971 4111 1008 4158 Μ.
1028 4105 1205 4177 (παρεόωκεν
1222 4125 1314 4158 αυτον
1331 4107 1361 4157 δε
1381 4123 1460 4170 οφει-

147 4182 237 4233 λοντα
257 4197 333 4246 μνας
356 4197 387 4231 εκ
412 4198 468 4232 των
492 4195 725 4250 κροτωνιατικων
754 4196 803 4228 και
827 4195 907 4240 τινας
932 4194 1123 4248 προνομιγοας
1143 4193 1246 4228 τουτον
1264 4177 1293 4228 ὀε
1313 4178 1344 4227 ll.
1397 4180 1462 4228 Cor·

147 4257 220 4301 recta
239 4258 265 4300 et
283 4252 404 4313 suppleta
426 4254 491 4301 llaec
511 4257 572 4300 sunt
591 4265 621 4299 er
642 4250 683 4299 Y.)
713 4276 744 4286 -
782 4250 825 4299 it.
850 4242 1099 4320 χερρονηοιτικών
1119 4248 1164 4297 Μι
1189 4241 1460 4317 χερρονηοιατικών

148 4322 179 4371 E.
202 4345 231 4356 -
268 4337 317 4370 και
336 4338 416 4384 τινας
436 4323 643 4390 ληρονομησας
660 4319 698 4369 Μ.
717 4347 751 4356 -
778 4321 819 4370 15.
840 4317 1098 4371 ΔΙΕΥΑΊὝΗΟΘΑΙ
1115 4318 1160 4375 Μ,
1179 4316 1383 4382 ὁιεολυτὴοθαι
1403 4331 1458 4379 mg.

148 4393 184 4441 Μ.
208 4414 236 4424 ·-
275 4394 317 4439 til.
338 4392 578 4457 προκειμενηςλλ.
603 4416 629 4426 -
667 4392 711 4439 2⁰.
731 4400 998 4454 κατασκεψαμενος
1026 4389 1057 4437 ll.
1090 4411 1120 4422 -
1156 4388 1200 4435 2¹.
1219 4404 1343 4455 αιοχρον
1361 4401 1394 4436 το
1412 4385 1460 4450 δη-

148 4478 201 4530 ρον
220 4475 249 4510 τε
274 4475 372 4524 present
390 4478 490 4513 κενεον
515 4475 543 4510 τε
571 4457 688 4510 veresas
706 4474 793 4524 meque
820 4459 863 4521 (es
883 4463 963 4510 llom.
985 4459 1015 4507 ll.
1037 4459 1073 4518 β,
1094 4456 1168 4517 29⁸.)
1190 4458 1221 4506 rt.
1252 4483 1278 4493 —
1317 4457 1361 4505 22.
1380 4470 1460 4519 nequa

148 4531 306 4593 obiurqobs't.
346 4531 418 4580 Utere
436 4532 457 4580 1.
489 4552 522 4566 -
558 4530 602 4578 23.
630 4531 697 4579 sidet
722 4530 753 4578 l.
788 4556 815 4565 -
854 4533 978 4593 perspice.
1015 4529 1067 4578 Νοι
1091 4530 1138 4578 etsi
1167 4541 1221 4588 mg.
1251 4528 1321 4576 Crat.
1342 4532 1368 4575 et
1388 4527 1456 4576 Adi.

148 4601 237 4650 Bosii:
257 4602 378 4662 perspicit
395 4604 507 4650 animm,
526 4602 575 4648 etsi
593 4600 631 4658 Y,
650 4601 845 4662 perspiciamus.
873 4603 932 4651 Etsi
949 4599 1044 4648 Mlilli.
1066 4600 1136 4648 l'ort.
1155 4599 1273 4660 prospice
1291 4603 1342 4645 eet.
1362 4595 1413 4645 Os.
1427 4619 1457 4630 -

148 4673 191 4720 ii.
211 4678 310 4733 tempus
327 4678 364 4719 est
381 4685 462 4734 prope
480 4670 552 4720 llllll.
584 4694 612 4706 -
650 4671 704 4718 lum
723 4672 845 4720 tamtum
862 4671 905 4729 Μ,
937 4676 1024 4719 tomen
1041 4671 1160 4718 meritum
1179 4668 1223 4717 lll.
1252 4692 1281 4702 -·
1320 4666 1459 4714 habeamus

149 4743 182 4790 ltl
210 4748 235 4790 et
257 4753 328 4789 corr.
354 4740 391 4789 Μ.
419 4766 446 4777 -
485 4740 528 4788 25.
548 4739 654 4802 reliquis
671 4739 708 4789 Μ.
739 4763 771 4775 -
807 4740 852 4790 26.
871 4753 918 4790 seo
937 4752 992 4788 om.
1013 4738 1034 4788 l.
1062 4759 1091 4773 -
1127 4739 1170 4786 27.
1189 4739 1268 4787 amici
1285 4738 1338 4786 eius
1357 4736 1459 4784 litteras

148 4812 227 4862 rtlti:
247 4811 326 4862 emisi
344 4809 446 4861 litteras
464 4811 535 4864 (cum
554 4811 616 4859 Asc.
637 4814 690 4873 pr.)
709 4810 740 4861 B.
