3256 5400
612 230 887 300 manuteneat
906 235 960 297 AB
982 233 1081 302 snut.

640 396 713 458 κη.
754 394 808 474 (n.
833 395 865 458 n.
888 395 920 458 a.
942 397 1032 475 ros.)

669 537 810 602 CICERO
832 537 962 602 BRUTO
985 539 1016 601 S.

267 677 298 739 1.
317 670 386 737 Alia
407 668 538 758 epistola
559 669 767 735 communiter
788 666 1004 733 commendavi
1031 666 1089 732 tibi
1109 666 1228 752 legatos
1249 669 1445 754 Arpinatium
1467 678 1503 735 nt

179 770 267 855 potui
301 764 554 849 diligentissime;
592 762 649 827 bac
679 761 844 848 separatim
872 764 911 838 Q.
933 760 1102 834 Fulidium,
1135 782 1271 847 quocum
1293 763 1369 828 mihi
1391 785 1502 830 omnes

156 859 425 929 sneoessitudinas
452 866 541 932 aunt,
572 857 748 943 diligentins
769 855 972 930 commendo,
1001 876 1065 921 non
1085 865 1121 921 ut
1142 856 1258 944 aliquid
1281 856 1320 920 de
1342 858 1394 922 illa
1417 879 1504 925 com

178 955 378 1023 mandatione
398 952 592 1025 deminuam,
622 951 677 1017 sed
709 961 744 1016 ut
770 949 809 1015 ad
837 950 917 1015 banc
942 949 1065 1015 addam.
1119 954 1195 1015 Nam
1218 961 1249 1016 et
1269 951 1433 1038 privignus
1455 964 1502 1018 est

178 1056 220 1117 ld.
243 1049 361 1123 Caesii,
382 1046 445 1113 mei
467 1045 602 1110 maxime
624 1056 655 1110 et
676 1043 837 1109 familiaris
859 1055 890 1109 et
911 1044 1097 1117 necessarii,
1120 1055 1152 1110 et
1172 1045 1231 1111 fuit
1252 1046 1284 1110 in
1307 1046 1413 1113 Cilicia
1436 1069 1501 1111 me·

179 1165 251 1210 cnm
272 1142 416 1208 tribunus
438 1139 589 1217 militnm;
629 1158 692 1225 quo
714 1137 746 1203 in
768 1159 899 1203 munere
920 1137 963 1203 ita
984 1159 1018 1203 se
1040 1138 1195 1214 tractavit,
1228 1148 1264 1205 nt
1284 1141 1440 1227 accepisse
1462 1140 1502 1206 ab

180 1258 220 1303 eo
241 1234 427 1302 beneficium
448 1233 588 1308 viderer,
610 1252 672 1297 non
695 1230 829 1297 dedisse.
885 1237 916 1298 9..
938 1237 992 1297 Est
1013 1242 1174 1317 praeterea
1199 1269 1236 1281 —
1259 1234 1345 1320 quod
1367 1234 1450 1320 apud
1472 1243 1502 1299 tc

145 1346 171 1386 ιο
181 1331 264 1396 valet
282 1329 453 1416 plurimum
474 1362 515 1374 -
549 1325 704 1392 anostris
725 1326 835 1392 studiis
857 1347 921 1392 non
942 1324 1126 1391 abhorrens.
1184 1328 1291 1404 Quare
1313 1327 1406 1394 velim
1429 1348 1502 1392 eum

180 1447 274 1513 mam
295 1422 510 1490 liberalissime
532 1421 739 1506 complectare
761 1441 953 1505 operamque
975 1420 1046 1493 des,
1073 1427 1108 1486 nt
1122 1420 1154 1484 in
1169 1441 1206 1485 ea
1219 1420 1384 1507 legatione,
1408 1442 1503 1507 qnam

180 1517 316 1604 suscepit
350 1525 459 1581 contra
488 1535 578 1580 suum
605 1513 823 1586 commodum,
859 1522 984 1579 secutus
1016 1514 1231 1579 auctoritatem
1253 1535 1374 1588 meam,
1409 1535 1502 1600 quam

180 1611 316 1679 maxime
346 1611 413 1674 eius
445 1608 577 1674 excellat
604 1607 767 1673 industria.
823 1608 898 1674 Vult
929 1608 1030 1682 enim,
1066 1606 1099 1673 id
1126 1607 1211 1694 quod
1238 1608 1358 1693 optimo
1387 1609 1503 1693 cuique

181 1713 292 1771 natura
321 1703 472 1768 tributum
500 1711 562 1776 est,
599 1722 693 1786 quam
720 1701 889 1766 maximam
917 1701 1041 1767 laudem
1070 1721 1141 1765 eum
1164 1702 1314 1776 anobis,
1353 1702 1502 1788 quicum

146 1814 172 1853 ¹⁶
181 1797 380 1885 impulimus,
413 1806 478 1861 tum
500 1816 519 1860 a
540 1794 710 1881 municipio
732 1794 901 1880 consequi;
933 1794 1017 1881 quod
1038 1795 1068 1860 ei
1096 1795 1272 1881 continget,
1295 1795 1324 1862 si
1354 1794 1413 1861 hae
1432 1815 1504 1877 mea

181 1891 449 1958 commendatione
473 1897 559 1954 tuum
583 1909 659 1975 erga
679 1909 713 1953 se
739 1888 876 1953 studium
897 1888 958 1953 erit
977 1897 1172 1954 consecutus.

643 2059 730 2122 uns
774 2059 823 2140 (n.
848 2060 880 2122 n.
904 2059 936 2121 e.
958 2057 1043 2141 ros.)

665 2199 810 2263 CICERO
830 2198 960 2262 BRUTO
984 2199 1015 2262 S.

265 2334 301 2396 L.
324 2327 504 2396 Castronius
525 2331 653 2402 Paetus,
681 2326 775 2411 longe
797 2326 942 2413 princeps
964 2326 1123 2414 municipii
1145 2327 1317 2403 Lucensis,
1339 2337 1387 2394 est
1407 2328 1504 2394 bone·

144 2434 262 2498 aestus,
294 2424 414 2508 gravis,
451 2421 561 2508 plenus
594 2420 702 2494 officii,
739 2420 841 2486 bonus
872 2421 964 2506 plane
996 2427 1046 2486 vir
1073 2430 1104 2485 et
1125 2441 1196 2486 cnm
1223 2420 1403 2494 virtutibus,
1438 2432 1503 2487 tnm

182 2517 276 2583 etiam
298 2516 439 2590 fortuna,
478 2515 504 2579 si
527 2515 602 2601 quid
625 2514 685 2579 boc
705 2513 745 2578 ad
766 2536 835 2579 rem
856 2514 1010 2601 pertinet,
1041 2525 1183 2591 ornatus;
1221 2536 1310 2580 mens
1332 2525 1436 2580 autem
1458 2525 1505 2580 est

182 2608 456 2682 familiarissimus,
479 2607 523 2672 sic
544 2628 691 2694 prorsuS,
714 2615 748 2671 ut
770 2607 868 2671 nostri
891 2606 1012 2672 ordinis
1033 2606 1181 2672 observet
1201 2608 1357 2672 neminem
1374 2608 1505 2694 diligen-

182 2703 254 2768 tius.
304 2705 409 2781 Quare
446 2710 481 2766 ut
512 2711 542 2764 et
587 2722 692 2765 meum
725 2699 857 2765 amicum
881 2711 911 2766 et
933 2710 985 2765 tua
1007 2700 1132 2786 dignum
1155 2700 1305 2776 amicitia,
1342 2701 1398 2767 tibi
1419 2723 1505 2767 eom-

183 2796 308 2861 mendo.
354 2795 427 2867 Cui,
460 2793 697 2882 quibuscunque
722 2791 817 2858 rebus
847 2794 1113 2870 commodaveris,
1147 2794 1200 2859 tibi
1231 2794 1373 2882 prolecto
1395 2796 1504 2862 iucun-

146 2890 277 2964 mdum‚
300 2889 376 2954 mibi
398 2898 483 2954 certa
505 2887 565 2953 erit
585 2895 719 2974 gratum.
761 2887 847 2953 Vale.

629 3057 710 3119 mr.
753 3056 806 3136 (n.
832 3058 864 3120 n.
888 3059 920 3121 c.
942 3058 1031 3138 roa.)

667 3197 809 3261 ClCERO
831 3199 960 3262 BRUTO
983 3200 1015 3262 S.

272 3331 298 3392 l.
321 3331 356 3393 L.
377 3325 460 3392 Titio
483 3325 654 3400 Strabone,
692 3326 796 3412 equite
824 3332 965 3393 Romano
985 3326 1018 3392 in
1041 3327 1150 3413 primis
1171 3326 1303 3394 honesto
1326 3339 1357 3395 et
1378 3339 1503 3405 ornato,

184 3421 424 3489 familiarissime
456 3431 539 3486 utor.
595 3419 705 3486 Omnia
727 3419 803 3484 mihi
825 3440 895 3483 cum
919 3440 958 3484 eo
980 3420 1176 3487 intercedunt
1201 3422 1268 3486 iura
1290 3444 1429 3488 summae
1452 3446 1506 3489 ne-

147 3515 390 3592 „eessitudinis
443 3515 524 3580 llnic
552 3513 583 3578 in
612 3524 664 3578 tua
692 3513 854 3600 prouincia
877 3518 1040 3598 pecuniam
1069 3513 1161 3578 debet
1180 3520 1212 3580 P.
1239 3517 1412 3583 Cornelius.
1462 3523 1505 3582 Ea

185 3632 236 3674 res
259 3631 275 3672 a
298 3607 453 3681 Volcatio,
488 3607 542 3693 qui
564 3613 680 3673 Romae
708 3607 757 3671 ius
779 3605 867 3679 dicit,
896 3607 1010 3672 reiecta
1030 3608 1061 3673 in
1085 3608 1215 3673 Galliam
1238 3619 1294 3675 est.
1337 3614 1367 3676 2.
1390 3615 1505 3676 Petoa

186 3712 216 3769 te
239 3703 298 3768 boc
319 3701 514 3786 diligentius,
544 3722 636 3787 quam
659 3701 685 3765 si
707 3721 776 3763 mea
797 3721 849 3764 res
871 3709 969 3774 esset,
992 3722 1056 3786 quo
1079 3711 1125 3765 est
1147 3702 1306 3768 honestius
1329 3704 1368 3770 de
1389 3705 1505 3769 amieo·

184 3818 255 3862 rum
284 3797 415 3882 pecunia
447 3793 592 3860 laborare
621 3815 714 3882 quam
737 3793 775 3858 de
798 3815 867 3865 sua,
904 3803 938 3858 ut
959 3795 1119 3879 negotium
1146 3796 1373 3863 conficiendum
1396 3819 1505 3869 cures,

185 3895 252 3977 ipse
273 3889 440 3975 suscipias,
477 3889 629 3973 transigas
651 3908 843 3973 operamque
866 3886 936 3961 des,
967 3887 1071 3973 quoad
1094 3888 1149 3953 tibi
1172 3911 1305 3977 aequum
1336 3903 1367 3956 et
1384 3902 1505 3958 rectum

148 3982 358 4059 audebitur,
394 3993 429 4047 ut
456 4003 548 4068 quam
580 3979 832 4046 commodissima
861 3980 1044 4045 condicione
1076 3981 1205 4048 libertus
1231 3978 1414 4058 Stiabonis,
1451 3986 1505 4071 qui

185 4077 253 4142 eius
274 4081 321 4140 rei
344 4096 435 4142 causa
457 4077 569 4140 missus
591 4084 654 4147 cst,
683 4075 842 4159 negotium
865 4074 1007 4139 conficiat
1036 4076 1075 4140 ad
1106 4099 1311 4164 nummosque
1334 4079 1506 4165 perveniat.

184 4170 220 4236 ld
241 4180 272 4234 et
295 4169 370 4234 milri
398 4169 607 4255 gratissimum
630 4169 691 4232 erit
718 4177 748 4232 et
769 4179 801 4232 tu
823 4168 889 4254 ipse
910 4172 944 4232 L.
967 4169 1081 4233 Titium
1107 4191 1278 4255 cognosces
1301 4172 1435 4237 amicitia
1454 4181 1507 4237 tua

185 4263 412 4348 dignissimum.
465 4263 559 4341 Quod
582 4272 617 4328 ut
641 4261 699 4327 tibi
726 4282 820 4327 curae
848 4261 903 4335 sit,
936 4270 972 4326 ut
993 4263 1097 4328 omnia
1120 4266 1220 4330 solent
1241 4287 1328 4340 esse,
1357 4287 1437 4353 quae
1456 4286 1506 4330 me

185 4357 266 4422 velle
287 4356 369 4431 scis,
391 4366 422 4421 te
445 4357 646 4422 vehementer
667 4356 760 4421 etiam
782 4369 874 4442 atque
896 4355 989 4421 etiam
1011 4378 1101 4441 rogo.

256 4575 283 4627 d·
302 4578 450 4628 derntnnom
467 4577 514 4627 M:
541 4579 714 4627 comminuam
734 4576 764 4625 u.
794 4600 825 4612 -
860 4585 889 4626 ut
907 4577 1027 4626 adhunc
1045 4578 1088 4628 bl:
1112 4586 1142 4627 nt
1160 4581 1228 4629 bono
1245 4580 1276 4630 ll.
1331 4581 1402 4630 Fort.
1424 4588 1453 4629 nt
1471 4581 1508 4630 od

187 4645 262 4697 tuam
291 4648 367 4699 bunc.
397 4648 477 4698 linas.
508 4673 541 4684 -
577 4647 621 4696 22.
649 4660 743 4709 prosus
768 4647 806 4697 tt.
836 4671 860 4681 -
901 4647 946 4696 Sd.
977 4649 1194 4699 commendaverit
1211 4650 1249 4702 ll.
1284 4674 1312 4686 -
1349 4652 1393 4701 28.
1414 4653 1508 4701 titione

188 4714 278 4768 11.-
313 4718 357 4770 ⁸0.
376 4717 448 4769 dedet
463 4717 580 4782 pupillas
594 4717 721 4768 camelina
737 4717 776 4769 Μ.
797 4739 828 4752 -
863 4715 907 4765 31.
926 4716 1042 4767 outcacto
1060 4719 1097 4770 tu.
