3256 5400
198 247 237 310 18
626 242 898 307 naassomnolt
920 247 972 306 ΑΙ)
994 245 1084 308 Fau.

195 405 421 474 contriveram,
444 400 637 486 repentinam
659 400 726 464 eins
748 399 961 464 defensionem
978 400 1116 473 Gabinii,
1139 420 1232 484 quem
1248 400 1402 486 proximis
1422 419 1514 484 supe·

194 497 330 563 rioribus
348 495 458 561 dicbus
472 494 624 558 acerrime
642 502 868 578 oppugnasset,
892 503 1009 567 tamem
1033 494 1058 557 si
1079 494 1144 557 sine
1160 493 1222 557 ulla
1240 515 1308 557 anea
1323 494 1513 558 contumelia

195 592 394 676 suscepisset,
417 588 572 652 tulissem:
596 587 665 660 sed,
687 609 758 651 cum
777 608 826 650 me
841 586 1047 671 disputantem
1063 608 1125 650 non
1144 587 1344 650 lacessentem
1363 587 1515 660 laesisset,

195 686 298 750 exarsi
325 706 387 747 non
408 683 510 746 solum
532 681 703 767 praesenti,
726 681 836 754 eredo,
859 682 1019 745 iracundia
1042 716 1081 727 -
1104 702 1233 745 namna
1262 692 1323 744 tam
1345 682 1514 745 vehemens

172 779 325 843 alortasse
347 798 410 840 non
430 775 599 848 luisset—
621 774 690 846 sed,
713 794 783 837 cum
803 774 955 838 inclusum
976 774 1052 838 illud
1073 774 1179 839 odium
1203 775 1371 839 multarum
1391 775 1458 838 eius
1482 776 1513 839 in

194 893 244 935 me
263 869 460 942 iniuriarum,
483 867 567 955 quod
590 888 649 952 ego
669 866 816 930 effudisse
831 889 881 930 me
903 888 995 931 omne
1014 867 1203 940 arbitrabar,
1226 868 1388 932 residuum
1409 880 1514 933 tamen

192 965 339 1029 insciente
362 984 412 1025 me
434 961 559 1037 fnisset,
580 982 673 1027 onrne
694 969 824 1044 repente
847 960 999 1046 apparuit.
1044 965 1115 1039 Quo
1136 960 1262 1046 quidem
1282 970 1425 1046 tempore
1445 963 1513 1048 ipso

192 1057 318 1144 quidam
341 1056 500 1128 homines,
524 1063 559 1120 et'
575 1055 667 1119 iidem
691 1053 751 1125 illi,
775 1075 854 1138 quos
875 1075 968 1139 saepe
986 1054 1210 1138 significatione
1230 1056 1370 1139 appello,
1393 1078 1464 1120 enm
1480 1077 1513 1119 se

192 1152 362 1218 maximum
384 1150 520 1214 fructum
542 1148 659 1233 cepisse
681 1147 821 1211 dicerent
839 1169 880 1211 ex
903 1148 1046 1212 libertate
1066 1170 1135 1212 mea
1156 1170 1267 1234 meque
1290 1158 1355 1212 tum
1377 1148 1512 1233 denique

156 1245 250 1311 msibi
273 1265 342 1308 esse
360 1244 463 1308 risum
481 1243 528 1306 rei
551 1241 708 1326 publicae,
731 1240 831 1324 qualis
851 1240 992 1313 fuissem,
1016 1242 1210 1314 restitutum,
1234 1263 1368 1326 cumque
1385 1262 1422 1305 ea
1438 1262 1512 1305 con·

191 1339 288 1404 tentio
310 1336 384 1402 mibi
407 1357 552 1419 magnum
578 1335 671 1399 etiam
700 1335 778 1400 loris
801 1335 935 1402 fructum
967 1336 1103 1407 tulisset,
1139 1336 1276 1419 gaudere
1306 1357 1339 1398 se
1368 1334 1513 1399 dicebant

191 1433 318 1497 mihiel
343 1431 430 1495 illum
460 1429 618 1492 inimicum
645 1438 677 1492 et
708 1450 778 1503 eos,
815 1428 869 1514 qui
893 1429 925 1492 in
948 1428 1058 1492 eadem
1077 1450 1170 1493 causa
1192 1439 1315 1500 essent,
1350 1450 1508 1514 nunquam

190 1527 306 1591 amicos
323 1525 456 1589 laturos.
499 1526 642 1599 Quorum
661 1521 760 1608 iniqui
780 1542 941 1586 sermones
957 1543 1029 1586 curn
1043 1523 1082 1587 ad
1099 1544 1150 1585 me
1172 1543 1231 1608 per
1252 1522 1392 1586 homines
1413 1523 1509 1586 bone-

190 1619 340 1684 stissimos
354 1616 569 1701 perl'errentur
583 1636 715 1701 cumque
732 1615 899 1701 Pompeius
916 1615 958 1680 ita
979 1616 1201 1690 contendisset,
1224 1628 1259 1679 ut
1277 1615 1353 1680 nibil
1373 1637 1511 1702 unquam

156 1731 183 1770 ra
192 1711 301 1795 magis,
324 1721 358 1777 ut
371 1732 442 1775 cnm
463 1715 575 1774 Crasso
597 1707 733 1773 redirem
752 1708 785 1773 in
800 1709 947 1792 gratiam,
971 1713 1145 1797 Caesarque
1167 1731 1225 1795 per
1240 1709 1357 1775 litteras
1374 1711 1511 1774 maxima

190 1826 224 1870 se
246 1804 387 1869 molestia
401 1825 442 1867 ex
463 1803 514 1867 illa
537 1803 734 1868 contentione
753 1801 899 1868 allectum
921 1802 1121 1869 ostenderet:
1144 1802 1239 1868 habui
1255 1824 1318 1867 non
1334 1815 1512 1889 temporam

190 1900 292 1964 solnm
308 1897 461 1962 rationem
480 1918 637 1971 meorum,
659 1895 715 1961 sed
734 1895 827 1962 etlam
844 1904 989 1971 naturae,
1013 1901 1223 1984 Crassusque,
1246 1910 1280 1962 ut
1298 1898 1393 1983 quasi·
1403 1904 1511 1961 testata

189 1987 307 2078 populo
329 1997 469 2056 Romano
490 2000 572 2055 esset
596 2000 704 2054 nostra
726 1989 849 2074 gratia,
872 2010 970 2075 paene
988 2011 1006 2054 a
1032 1991 1109 2055 meis
1128 1990 1246 2056 laribus
1269 1992 1299 2055 in
1319 1990 1511 2075 provinciam

190 2094 237 2150 est
255 2084 424 2169 profectus.
446 2089 532 2157 Nam,
554 2103 625 2148 cum
641 2082 718 2147 mibi
735 2082 939 2156 condixisset,
962 2085 1106 2148 coenavit
1119 2084 1201 2170 apud
1217 2105 1267 2148 me
1282 2084 1314 2147 in
1329 2083 1390 2147 mei
1401 2082 1509 2167 generi

152 2176 380 2261 soCrassipedis
408 2177 517 2242 bortis.
568 2175 782 2254 Quamobrem
803 2176 872 2241 eius
893 2197 1039 2251 cansam,
1072 2178 1158 2264 quod
1183 2188 1214 2243 te
1235 2177 1345 2241 scribis
1367 2177 1509 2250 audisse,

189 2291 300 2355 magna
326 2270 409 2335 illius
439 2269 706 2337 commendatione
733 2278 925 2355 susceptam,
962 2268 1088 2335 delendi
1110 2270 1144 2335 in
1172 2280 1299 2344 senatu,
1337 2270 1417 2335 sicut
1443 2290 1513 2334 mea

189 2361 265 2427 fides
292 2363 477 2448 postulabat.
531 2367 582 2428 21.
617 2363 786 2448 decepisti,
816 2362 930 2449 quibus
955 2363 1051 2429 rebus
1079 2363 1231 2429 adductus
1262 2383 1420 2450 quamque
1444 2381 1513 2426 rem

188 2477 375 2541 causamque
403 2455 612 2530 defenderim,
648 2456 765 2543 quique
793 2477 882 2521 meus
910 2456 943 2521 in
970 2455 1152 2543 republica
1180 2457 1220 2523 sit
1248 2477 1309 2543 pro
1333 2479 1401 2523 mea
1424 2466 1513 2542 parte

188 2549 376 2635 capessenda
397 2559 503 2616 status.
545 2542 592 2614 De
616 2571 680 2636 quo
702 2549 747 2614 sic
767 2549 861 2615 velim
883 2560 1013 2624 statuas,
1035 2571 1087 2614 me
1111 2550 1188 2615 baec
1213 2551 1324 2615 eadem
1346 2570 1513 2617 sensarum

152 2643 299 2715 saluisse,
322 2643 348 2707 si
372 2642 447 2707 mibi
468 2642 590 2727 integra
610 2643 715 2707 omnia
733 2664 770 2707 ae
789 2642 887 2708 libera
909 2642 1048 2709 [absent
1091 2648 1169 2709 Nam
1184 2665 1289 2730 neque
1310 2642 1512 2729 pugnandum

189 2735 361 2801 arbitrarer
389 2745 497 2801 contra
526 2745 625 2801 tantas
654 2756 731 2821 opes
761 2757 864 2823 neque
888 2735 1073 2811 delendum,
1105 2736 1226 2801 etiamsi
1247 2735 1279 2800 id
1297 2736 1367 2801 lieri
1386 2745 1512 2822 posset,

188 2847 384 2894 summorum
405 2829 522 2895 civium
543 2828 748 2915 principatum
770 2850 829 2894 nec
849 2829 1095 2915 permanendum
1116 2830 1149 2895 in
1169 2851 1231 2895 una
1250 2829 1415 2904 sententia,
1437 2850 1512 2895 eon·

189 2923 288 2989 versis
312 2922 408 2988 rebus
433 2943 471 2987 ac
501 2920 660 2989 bonomm
691 2922 901 2989 voluntatibus
927 2923 1067 2996 mutatis,
1104 2923 1159 2989 sed
1187 2923 1383 3010 temporibus
1406 2944 1511 2989 assen-

189 3015 338 3082 tiendum.
387 3021 552 3102 Nunquam
579 3016 662 3081 enim
687 3016 915 3102 praestantibus
941 3016 1035 3081 inre
1061 3016 1185 3103 publica
1206 3017 1408 3103 gubernanda
1435 3017 1512 3083 viris

152 3109 313 3174 aolaudata
335 3121 380 3176 est
408 3109 438 3173 in
462 3131 523 3174 una
546 3109 698 3175 sententia
724 3120 877 3196 perpetua
897 3111 1094 3196 permansio,
1117 3109 1189 3186 sed,
1224 3121 1260 3177 ut
1283 3111 1314 3176 in
1337 3111 1512 3196 navigando

189 3202 362 3289 tempestati
393 3201 525 3289 obsequi
561 3203 635 3268 artis
659 3212 722 3276 est,
755 3202 876 3269 etiamsi
905 3213 1032 3289 portum
1063 3212 1170 3268 tenere
1196 3226 1260 3270 non
1291 3227 1405 3291 queas:
1440 3226 1511 3268 cum

189 3317 267 3361 vero
289 3296 320 3360 id
341 3296 442 3382 possis
465 3305 579 3361 mutata
607 3295 812 3362 velificatione
836 3297 974 3384 assequi,
996 3297 1123 3363 stultum
1150 3308 1196 3363 est
1218 3319 1290 3364 eum
1311 3307 1419 3364 tenere
1440 3319 1512 3363 cum

189 3390 331 3475 periculo
353 3410 496 3465 cursum,
526 3410 618 3475 quem
642 3390 780 3476 ceperis,
806 3391 912 3476 potius
938 3412 1032 3477 msam
1060 3411 1100 3455 eo
1131 3400 1322 3457 commutato
1344 3413 1408 3477 quo
1433 3391 1511 3456 velis
1542 3424 1545 3428 ·

189 3490 293 3547 tamen
314 3483 494 3569 pervenire:
528 3483 588 3558 sic,
626 3504 696 3547 cum
718 3482 864 3548 omnibus
884 3482 976 3549 nobis
1003 3484 1036 3548 in
1057 3483 1302 3550 administranda
1322 3506 1358 3550 re
1386 3484 1511 3571 publica

153 3577 385 3662 repropositum
403 3596 471 3640 esse
494 3575 607 3640 debeat
627 3575 673 3651 id,
696 3577 782 3662 quod
799 3598 881 3641 ame
896 3577 1077 3663 saepissime
1094 3577 1211 3642 dictum
1234 3586 1296 3655 est,
1319 3599 1391 3644 eum
1410 3579 1511 3663 digni·

190 3670 388 3743 tumetium,
411 3690 474 3733 ιιοιι
496 3669 580 3733 idem
606 3690 730 3755 semper
751 3670 877 3745 dicere,
914 3671 970 3734 sed
998 3670 1082 3735 idern
1102 3692 1227 3757 semper
1252 3680 1393 3758 spectare
1416 3670 1510 3736 debe·

190 3783 270 3828 mus.
320 3760 547 3840 Quamobrem,
575 3771 610 3827 nt
630 3763 734 3849 paullo
760 3762 958 3849 anteposui,
980 3763 1133 3828 siessent
1156 3765 1261 3831 omnia
1288 3764 1365 3829 mihi
1386 3765 1510 3829 solutis·

191 3855 284 3929 sima,
307 3864 410 3919 tamen
431 3854 464 3920 in
484 3876 520 3919 re
541 3854 666 3941 publica
688 3876 751 3921 non
772 3856 851 3920 alins
874 3876 975 3921 essem
997 3865 1090 3942 atque
1112 3879 1194 3923 nnnc
1215 3880 1295 3923 sum.
1339 3863 1417 3924 Cum
1432 3878 1511 3924 vero

190 3947 224 4012 in
252 3947 335 4012 bunc
361 3968 486 4013 sensnm
514 3957 546 4012 et
576 3948 695 4013 alliciar
722 3947 882 4014 beneficiis
916 3949 1081 4015 bominum
1110 3959 1142 4014 et
1169 3952 1340 4037 compellar
1368 3951 1510 4024 iniuriis,

154 4039 282 4105 nlaeile
304 4040 407 4125 patior
428 4063 466 4106 ea
486 4062 536 4107 me
558 4042 597 4107 de
619 4063 654 4106 re
676 4039 800 4128 publica
822 4043 938 4107 sentire
960 4064 996 4108 ae
1018 4044 1140 4119 dicere,
1174 4066 1254 4131 quae
1281 4045 1418 4110 maxime
1439 4066 1511 4111 cam

192 4118 269 4198 mbi
290 4142 356 4199 tum
374 4135 467 4200 etiam
480 4135 530 4201 rei
547 4134 689 4222 publicae
703 4134 877 4200 rationibus
890 4146 996 4222 putem
1012 4137 1198 4202 conducere.
1240 4139 1386 4223 apertius
1406 4147 1510 4204 antem

192 4225 270 4291 haee
288 4247 347 4312 ago
369 4248 405 4292 ac
420 4229 559 4314 saepius,
581 4228 667 4314 quod
688 4237 720 4291 et
742 4228 893 4305 Quintus,
915 4229 1013 4295 frater
1034 4252 1138 4305 meus,
1161 4231 1281 4315 legatus
1296 4241 1343 4296 est
1358 4230 1511 4306 Caesaris,

193 4327 225 4385 et
245 4320 363 4385 nullum
384 4341 490 4386 meum
511 4320 673 4386 minimum
695 4320 826 4397 delum,
860 4343 923 4387 non
944 4323 1040 4388 modo
1065 4324 1196 4408 laetum,
1226 4344 1287 4409 pro
1308 4328 1442 4391 Caesare
1462 4324 1511 4390 in·

191 4414 353 4489 tereessit,
386 4414 472 4500 qnod
499 4413 551 4479 ille
572 4413 699 4479 nonita
726 4415 839 4480 illustri
860 4415 959 4500 gratia
987 4418 1165 4504 exceperit,
1201 4426 1237 4482 ut
1257 4438 1318 4503 ego
1339 4438 1412 4483 eum
1433 4416 1511 4483 mibi

259 4613 287 4662 ’1.
305 4613 412 4677 srqtreet
430 4610 468 4662 Μ.
489 4636 520 4647 -
556 4612 583 4661 8.
601 4613 789 4678 significatione
807 4612 940 4665 Orelltasz
964 4617 1202 4682 significationem
1220 4632 1262 4681 pr.
1281 4618 1327 4678 Μ,
1345 4624 1413 4668 nota
1429 4619 1511 4683 niqra·

191 4682 360 4748 scotiamque
386 4695 460 4731 acum
484 4695 554 4732 corr.
582 4695 620 4732 rc.
644 4682 684 4740 Μ)
715 4683 746 4732 ll.
767 4707 798 4718 -
835 4685 878 4734 13.
904 4700 945 4735 me
962 4701 1017 4736 om.
1038 4701 1079 4750 pr.
1098 4688 1136 4738 Μ.
1154 4711 1183 4721 -
1220 4688 1265 4738 37.
1291 4703 1337 4739 nee
1361 4701 1434 4738 corr.
1462 4688 1508 4739 M:

190 4766 270 4816 neque
296 4752 339 4809 E,
369 4765 425 4802 om.
452 4765 492 4814 pr.
522 4752 559 4803 Μ.
581 4776 609 4786 -
646 4752 691 4801 28.
717 4755 827 4803 mutatis
851 4754 897 4804 Μι
929 4757 1074 4807 immutatis
1099 4757 1129 4806 ll.
1157 4782 1188 4793 -
1224 4757 1269 4807 33.
1288 4761 1400 4821 eoem
1417 4758 1455 4808 Μ.
1478 4780 1507 4794 -

191 4822 236 4872 ae.
251 4829 338 4872 tamen
349 4821 394 4873 M:
415 4823 519 4871 tandem
537 4821 567 4870 E.
588 4845 619 4856 -
638 4822 683 4871 ti.
695 4824 759 4872 mitt
772 4820 837 4886 tuan]
850 4825 960 4874 mutam
973 4840 1013 4890 pr.
1028 4827 1071 4885 Μ,
1089 4827 1153 4876 mitt
1169 4827 1280 4879 multam
1291 4842 1362 4879 corr.
1372 4842 1411 4880 rc.
1424 4829 1463 4881 Μ.
1477 4852 1507 4865 -

191 4891 237 4942 ta.
255 4888 317 4957 eqo]
336 4905 382 4956 epo
400 4891 465 4943 Cod.
485 4889 574 4940 Guell.
595 4891 728 4945 Heindorf
744 4893 776 4942 ad
797 4894 891 4944 lloral.
910 4895 965 4946 Sat.
986 4909 1012 4960 p.
1031 4896 1093 4947 206.
