3256 5400
610 256 684 321 tm.
706 259 744 321 V.
786 257 847 321 ΕΡ.
869 258 920 322 m.
1415 265 1458 328 77

132 412 187 502 qui
207 410 349 485 laudent,
378 418 586 476 assentatores
607 412 771 478 arbitrere.
814 418 921 501 Neque
944 424 1047 481 autem
1077 436 1137 502 ege
1157 438 1227 483 sum
1251 424 1294 484 ita
1314 419 1460 497 demens,

132 518 167 574 ut
183 528 234 572 me
255 503 464 590 sempiternae
481 505 601 589 gloriae
612 527 670 593 per
683 528 755 572 eum
773 508 985 573 commendari
1008 511 1120 586 velim,
1142 513 1197 599 qui
1214 533 1278 578 nen
1297 512 1365 598 ipse
1382 535 1460 601 que·

131 600 248 689 quein
265 621 317 665 me
339 600 588 665 commendando
611 601 772 686 propriam
795 601 912 686 ingenii
929 602 1062 686 gloriam
1085 615 1309 692 consequatur.
1351 611 1382 672 7.
1402 612 1461 672 Ne·

132 715 194 781 que
216 693 301 758 enim
322 691 501 759 Alexander
522 692 574 757 ille
596 693 715 777 gratiae
735 715 829 758 causa
850 692 890 758 ab
911 694 1020 780 Apelle
1048 697 1244 782 potissimum
1274 701 1362 787 pingi
1389 710 1421 767 et
1441 723 1461 767 a

132 788 270 876 Lysippo
290 785 366 871 fingi
387 784 528 858 volebat,
551 785 606 850 sed
628 786 712 872 qued
736 786 862 851 illorum
884 797 984 852 artem
1006 809 1077 854 cum
1099 791 1176 876 ipsis
1199 801 1264 858 tum
1287 794 1379 860 etiam
1398 794 1484 871 sihi,

131 882 251 967 gloriae
269 880 339 946 lere
360 879 498 966 putabat.
541 885 641 967 Atque
665 880 709 945 illi
731 880 866 944 artilices
890 883 1035 967 corperis
1058 884 1225 949 simulacra
1248 887 1364 972 ignotis
1385 900 1460 956 neta

131 972 301 1040 iaciebant:
324 994 405 1060 quae
426 974 474 1038 vel
498 972 524 1037 si
547 972 632 1038 nulla
653 973 728 1048 sint,
752 974 850 1038 nihilo
872 974 934 1039 sint
956 984 1061 1041 tamen
1077 976 1281 1044 obscuriores
1295 981 1371 1047 clari
1385 983 1458 1048 viri.

131 1073 194 1133 Nec
218 1067 322 1132 minus
343 1076 391 1131 est
409 1067 579 1153 Spartiates
601 1068 763 1153 Agesilaus
786 1068 839 1132 illc
866 1067 1093 1155 perhibendus,
1128 1071 1184 1159 qui
1213 1094 1315 1160 neque
1344 1075 1460 1162 pictam

131 1182 234 1250 neque
255 1161 361 1227 fictam
378 1161 546 1247 imaginem
568 1183 656 1226 suam
679 1183 787 1248 passus
817 1170 864 1225 est
893 1183 981 1236 esse,
1019 1184 1112 1249 quam
1141 1165 1197 1251 qui
1225 1166 1258 1230 in
1281 1189 1320 1233 ee
1341 1189 1459 1254 genere

132 1253 335 1322 laborarunt:
371 1276 452 1319 nnus
473 1254 557 1319 enim
579 1255 796 1340 Xenophontis
828 1253 954 1320 libellus
975 1255 1008 1321 in
1030 1277 1070 1321 ee
1091 1278 1168 1343 rege
1190 1258 1346 1326 laudande
1367 1261 1497 1337 facilem

132 1369 242 1415 omnes
263 1347 415 1432 imagines
439 1347 581 1412 emnium
611 1357 789 1435 statuasque
810 1348 981 1434 superavit.
1034 1356 1136 1438 Atque
1163 1352 1224 1417 hec
1250 1356 1460 1438 praestantius

132 1441 209 1507 mihi
235 1441 333 1508 luerit
362 1449 392 1506 et
413 1439 452 1505 ad
474 1440 622 1506 laetitiam
645 1440 740 1505 animi
762 1440 855 1504 etad
877 1442 1049 1507 memoriae
1079 1441 1279 1528 dignitatem,
1303 1447 1329 1512 si
1351 1447 1460 1515 intua

132 1535 247 1621 scripta
264 1555 456 1621 pervenero,
479 1555 573 1622 quam
589 1534 615 1598 si
631 1534 663 1598 in
678 1544 873 1607 ceteremm‚
897 1534 984 1621 qued
998 1556 1062 1601 nen
1079 1536 1240 1621 ingenium
1261 1539 1338 1605 mihi
1356 1543 1459 1609 selum

135 1628 365 1717 suppeditatum
389 1627 486 1693 luerit
508 1636 610 1702 tuum,
645 1627 726 1692 sicut
746 1626 934 1692 Timoleonti
960 1648 977 1691 a
1000 1628 1129 1695 Timaeo
1158 1639 1211 1696 aut
1232 1630 1272 1696 ab
1294 1636 1459 1703 Herodoto

132 1723 346 1795 Themistocli,
369 1721 424 1787 sed
446 1721 540 1786 etiam
563 1720 732 1786 aucteritas
754 1719 918 1785 clarissimi
942 1730 972 1784 et
994 1723 1211 1807 spectatissimi
1230 1725 1290 1790 viri
1308 1737 1339 1791 et
1359 1728 1393 1793 in
1411 1728 1497 1805 rei„

132 1813 275 1902 publicae
296 1814 442 1880 maximis
469 1814 724 1900 gravissimisque
746 1814 849 1878 causis
870 1812 987 1896 cogniti
1009 1824 1102 1901 atque
1124 1815 1157 1880 in
1178 1817 1291 1902 primis
1312 1820 1458 1907 probati:

132 1919 166 1976 ut
186 1909 264 1975 mihi
285 1931 349 1974 nen
371 1910 473 1974 selum
495 1907 718 1994 praeconium,
740 1905 843 1993 quod,
866 1926 937 1970 eum
959 1905 992 1971 in
1008 1907 1136 1993 Sigeum
1151 1910 1303 2001 venisset,
1324 1914 1459 1980 Alexan

132 2002 189 2068 der
209 2001 249 2067 ab
271 2006 411 2068 Homero
433 2000 543 2067 Achilli
566 2000 718 2066 tributum
740 2020 810 2063 esse
835 1997 931 2073 dixit,
953 1999 1120 2066 sedetiam
1135 2024 1231 2088 grave
1245 2006 1460 2074 testimoninm

132 2095 322 2183 impertitum
354 2095 430 2161 clari
464 2095 599 2160 heminis
629 2093 796 2179 magnique
824 2091 978 2158 videatur.
1026 2096 1130 2162 Placet
1155 2097 1239 2162 euim
1266 2104 1385 2166 Hector
1406 2101 1459 2167 ille

132 2189 208 2255 mihi
229 2189 419 2263 Naevianus,
442 2189 497 2276 qui
519 2209 583 2254 nen
603 2198 723 2255 tantum
744 2187 917 2263 „laudari”
938 2210 972 2255 se
994 2189 1146 2267 laetatur,
1170 2193 1226 2259 sed
1247 2192 1333 2259 addit
1354 2194 1496 2271 etiam„

132 2305 174 2360 „a
202 2283 328 2350 laudato
354 2282 454 2347 vire.”
506 2285 537 2346 8.
568 2281 709 2361 Quodsi
731 2303 749 2346 a
771 2292 802 2346 te
824 2303 887 2347 nen
909 2281 1061 2368 impetro,
1092 2286 1153 2352 hec
1174 2297 1235 2363 est,
1270 2289 1297 2353 si
1319 2310 1400 2375 quae
1422 2298 1454 2354 tc

131 2398 182 2444 res
202 2375 382 2463 impedierit
402 2407 442 2419 -
465 2396 568 2461 neque
599 2375 682 2440 enim
705 2375 752 2441 ias
773 2397 843 2441 esse
864 2374 1003 2442 arbitror
1024 2379 1196 2467 quidquam
1217 2401 1268 2445 me
1290 2392 1455 2467 rogantem

131 2470 239 2537 abste
268 2492 332 2535 nen
358 2468 528 2555 impetrare
563 2503 620 2543 -,
653 2488 749 2555 cogar
777 2469 910 2535 iertasse
931 2469 1056 2547 lacere,
1091 2473 1177 2560 qued
1199 2476 1340 2541 nonnulli
1362 2496 1457 2561 saepe

131 2563 384 2651 reprehendunt:
417 2561 554 2628 scribam
575 2562 644 2648 ipse
664 2561 704 2627 de
726 2583 793 2635 me,
816 2562 988 2628 multorum
1010 2573 1114 2630 tamen
1136 2568 1282 2654 exemplo
1304 2579 1337 2635 et
1357 2571 1458 2635 clare-

130 2680 202 2725 mm
222 2657 376 2724 virerum.
431 2656 507 2730 Sed,
537 2656 623 2743 qued
645 2665 676 2722 te
698 2675 761 2720 non
782 2654 879 2741 sugit,
901 2656 979 2722 haec
1000 2659 1124 2725 suntin
1146 2659 1207 2726 hec
1228 2682 1344 2747 genere
1365 2661 1496 2737 vitiat„

131 2763 163 2819 et
193 2749 402 2818 verecundius
429 2749 492 2836 ipsi
518 2749 558 2816 de
590 2770 659 2815 sese
686 2748 824 2814 scribant
853 2770 981 2816 neeesse
1014 2759 1078 2827 est,
1114 2752 1140 2818 si
1164 2754 1240 2841 quid
1261 2764 1309 2820 est
1329 2755 1458 2821 laudan·

131 2847 220 2922 dum,
254 2854 286 2912 et
306 2852 523 2930 praetereant,
553 2843 580 2909 si
602 2841 678 2931 quid
700 2841 994 2929 reprehendendum
1017 2852 1074 2909 est.
1127 2846 1255 2912 Accedit
1275 2849 1391 2924 etiam,
1422 2854 1459 2914 ut

130 2939 236 3006 minor
256 2939 298 3005 sit
323 2937 417 3012 fides,
439 2938 546 3003 minor
568 2935 754 3011 auctoritas,
778 2935 868 3001 multi
891 2936 1026 3023 denique
1047 2939 1280 3025 reprehendant
1301 2951 1332 3005 et
1354 2940 1459 3007 dicant

88 3032 92 3042 '
130 3031 375 3099 verecundiores
391 3053 461 3096 esse
471 3052 643 3118 praecones
657 3030 805 3096 ludorum
821 3029 1055 3118 gymnicorum,
1079 3033 1133 3118 qui
1150 3055 1221 3099 cum
1237 3035 1351 3100 ceteris
1365 3055 1458 3101 cere-

131 3149 186 3192 nas
202 3124 412 3211 imposuerint
432 3123 606 3190 victoribus
625 3145 799 3210 eorumque
822 3122 950 3188 nemim
970 3145 1082 3209 magna
1107 3147 1184 3191 voce
1206 3128 1495 3212 pronuntiarint„

130 3241 202 3286 cum
235 3218 295 3304 ipsi
317 3226 388 3283 ante
416 3217 564 3283 ludorum
588 3216 772 3282 missionem
797 3237 915 3282 corona
942 3216 1118 3295 donentur,
1150 3220 1246 3286 alium
1268 3241 1457 3307 praeconem

130 3310 311 3386 adhibeant,
346 3334 387 3376 ne
406 3333 462 3377 sua
489 3332 568 3377 vece
587 3332 621 3375 se
642 3310 702 3396 ipsi
722 3311 859 3376 victores
881 3330 951 3375 esse
974 3311 1166 3396 praedicent.
1217 3318 1247 3379 9.
1277 3318 1363 3379 llaec
1396 3337 1455 3382 nos

130 3406 229 3472 vitare
251 3403 394 3491 cupimus
414 3414 461 3478 et,
484 3405 511 3469 si
525 3403 641 3489 recipis
655 3424 781 3468 eausam
798 3412 953 3477 nestram,
975 3403 1161 3484 vitabimus;
1183 3406 1280 3494 idque
1293 3416 1330 3473 ut
1348 3407 1456 3485 iacias,

130 3519 288 3585 regamus.
339 3503 384 3562 Ac
404 3519 444 3562 ne
465 3498 547 3563 sorte
566 3497 701 3570 mirere,
737 3518 812 3571 eur,
849 3517 920 3560 cum
942 3496 1019 3561 mibi
1041 3519 1134 3584 saepe
1156 3500 1330 3566 ostenderis
1352 3511 1383 3567 te
1406 3522 1457 3566 ae-

130 3591 324 3659 euratissime
347 3602 528 3657 nostrerum
550 3599 728 3676 tempemm
750 3589 881 3655 consilia
908 3600 1002 3677 atque
1030 3601 1159 3657 eventus
1189 3593 1301 3659 litteris
1330 3596 1495 3672 manda-2.

129 3696 256 3760 turum,
279 3708 297 3751 a
320 3695 351 3750 te
373 3685 404 3751 id
426 3707 509 3750 nunc
530 3694 616 3750 tante
638 3703 736 3770 opere
758 3692 789 3746 et
811 3692 873 3748 tam
894 3681 1000 3747 multis
1022 3681 1128 3749 verbis
1147 3694 1307 3770 petamus:
1329 3689 1382 3753 illa
1398 3710 1456 3755 nes

130 3779 283 3866 cupiditas
302 3779 455 3851 incendit,
478 3777 517 3843 de
532 3799 593 3864 qua
608 3776 699 3842 initie
714 3774 846 3861 scripsi,
868 3774 1093 3851 festinationis,
1116 3776 1202 3863 qued
1217 3777 1335 3846 alacres
1349 3782 1456 3848 anime

131 3895 256 3952 sumus;
292 3881 328 3937 ut
359 3882 390 3936 et
412 3873 510 3937 ceteri
537 3869 714 3936 viventibus
747 3868 837 3934 nobis
861 3890 902 3934 ex
934 3867 1023 3934 libris
1046 3868 1108 3935 tuis
1134 3891 1192 3935 nes
1213 3884 1403 3957 cognoscant
1424 3883 1455 3940 et

131 3964 340 4051 nosmetipsi
371 3963 434 4029 vivi
465 3964 598 4050 gloriola
628 3960 736 4027 nestra
765 3960 977 4047 perimamur.
1033 3966 1083 4028 10.
1112 3963 1168 4029 llis
1195 3963 1234 4029 de
1259 3966 1356 4033 rebus
1377 3966 1455 4055 quid

131 4067 257 4123 actenus
277 4058 339 4133 sis,
371 4056 397 4122 si
419 4056 476 4122 tibi
498 4079 561 4122 nen
583 4066 630 4120 est
651 4055 833 4129 molestum,
859 4055 1017 4121 rescribas
1048 4055 1124 4122 mihi
1153 4057 1257 4122 velim.
1315 4059 1348 4124 Si
1370 4059 1493 4136 euim„

131 4151 262 4238 suscipis
288 4170 428 4225 causam,
452 4149 615 4216 conficiam
633 4147 875 4214 commentarios
896 4169 1004 4215 rernm
1027 4148 1185 4228 emnium;
1207 4150 1256 4216 sin
1272 4160 1376 4217 autem
1395 4150 1455 4218 dil·

131 4244 194 4310 lers
215 4265 266 4309 me
287 4245 320 4308 in
342 4254 464 4330 tempus
486 4241 588 4315 aliud,
611 4262 717 4307 ceram
739 4252 843 4306 tecum
868 4242 990 4330 loquar.
1039 4247 1086 4309 'l'u
1117 4244 1236 4309 interea
1261 4266 1325 4310 non
1352 4266 1455 4311 cessa-

131 4335 179 4403 bis
200 4344 233 4403 et
253 4358 306 4412 ea,
328 4358 409 4425 qnae
430 4335 528 4402 habes
550 4334 707 4409 instituta,
729 4335 889 4423 perpolies
910 4357 1031 4423 nosque
1053 4336 1176 4423 diliges.

198 4547 227 4598 8.
244 4548 397 4611 prebendas
415 4560 471 4610 mg.
491 4547 616 4610 Repetltt.
636 4545 729 4595 Lamh.
752 4569 781 4580 -
819 4546 845 4596 e.
864 4547 953 4611 Aetam
970 4553 1026 4597 tem
1044 4549 1184 4613 incepissem
1200 4549 1239 4601 ld.
1259 4571 1290 4585 -
1318 4549 1363 4599 Ω.
1383 4548 1449 4598 erbe

132 4617 436 4683 trerqetcemmebl.
462 4643 491 4654 -
529 4616 843 4679 &deprehenderem
871 4617 1138 4679 reprehenderentll.
1162 4643 1185 4655 -
1225 4617 1453 4682 sempectas

132 4688 169 4739 lt.
189 4711 221 4725 -
258 4688 303 4739 ³2.
322 4701 348 4739 ne
365 4689 417 4752 (ρει
434 4687 481 4739 Me
498 4688 595 4750 spese
612 4685 644 4736 E.
662 4711 696 4722 -
732 4685 777 4737 ³8.
796 4686 870 4736 tem
887 4686 933 4738 hle
952 4687 1047 4738 titteris
1066 4688 1094 4740 R
