3256 5400
166 239 229 302 uos
591 200 939 298 mrsromnuuun
961 233 1052 297 scu

165 405 198 461 te
218 403 431 467 moraturum,
454 389 529 456 dum
550 387 607 455 tibi
629 387 751 455 litterae
772 409 860 454 meae
880 388 1024 464 veniant,
1046 387 1073 454 si
1095 408 1153 474 per
1173 388 1295 454 bostem
1316 388 1398 464 licet,
1421 410 1486 456 nun

166 488 303 565 erraris;
325 486 423 551 multa
443 484 527 550 cuim
547 488 682 550 Romae:
705 483 754 548 sin
775 482 910 549 adventu
932 491 988 548 tuo
1007 481 1125 548 bellum
1147 482 1260 548 conlici
1273 493 1387 570 potest,
1409 483 1488 549 nibil

166 582 206 648 sit
226 581 394 668 antiquius.
435 577 570 644 Pecunia
592 576 826 662 expeditissima
848 597 929 663 quae
950 585 1036 650 erat,
1059 575 1117 641 tibi
1136 576 1260 642 decreta
1280 585 1338 644 est.
1380 576 1488 644 llabes

166 674 411 744 amantissimum
432 670 596 748 Serrium
618 692 676 738 uos
697 692 761 737 uon
783 671 941 737 desumus.
985 669 1280 737 111.lduslunies.

608 813 701 876 run
744 811 797 890 (A.
824 814 856 876 u
879 815 911 877 c.
933 812 1022 892 711.)

556 929 597 990 u.
620 926 762 991 crcuno
785 927 816 987 s,
838 927 876 988 n.
897 927 935 988 n.
956 925 1098 989 nanno.

252 1053 281 1115 1.
301 1046 501 1136 Exspectanti
530 1045 607 1111 mibi
637 1053 704 1110 tuas
726 1043 867 1131 quotidie
893 1044 1012 1109 litteras
1033 1049 1141 1131 Lupus
1164 1053 1273 1109 noster
1300 1043 1405 1110 subito
1433 1045 1488 1111 de·

164 1142 329 1217 nuntiavit,
363 1150 397 1207 ut
418 1141 458 1207 ad
479 1149 509 1206 te
537 1138 725 1212 scriberem,
760 1136 885 1224 siquid
906 1137 1027 1203 vellem.
1078 1141 1146 1222 Ego
1167 1147 1286 1214 autem,
1309 1137 1387 1213 etsi,
1409 1139 1487 1226 quid

164 1236 353 1311 scriberem,
390 1255 453 1301 non
479 1232 632 1300 habebam
655 1244 783 1299 -acta
814 1231 897 1297 enim
930 1231 970 1297 ad
1005 1241 1034 1296 te
1061 1230 1141 1297 mitti
1168 1231 1322 1306 sciebam,
1360 1233 1486 1298 inanem

129 1342 269 1396 mantem
291 1350 468 1395 sermonem
488 1328 663 1394 litterarum
686 1325 744 1394 tibi
766 1325 970 1392 iniucundum
991 1346 1061 1390 esse
1081 1324 1246 1391 audiebam
1269 1356 1326 1400 -,
1348 1325 1486 1392 brevita-

163 1433 226 1490 tem
261 1433 386 1488 secutus
415 1443 485 1488 sum
512 1429 542 1486 te
575 1421 736 1506 magistro.
794 1420 878 1485 Scito
908 1419 1004 1504 igitur
1036 1419 1068 1484 in
1093 1428 1124 1485 te
1144 1429 1176 1484 et
1199 1419 1232 1484 in
1253 1418 1373 1504 collega
1396 1441 1485 1506 spem

163 1537 289 1582 omnem
315 1537 394 1580 esse.
437 1520 467 1579 2.
489 1520 536 1581 De
560 1521 657 1579 Bruto
681 1523 784 1580 autem
807 1513 884 1578 nihil
909 1512 1011 1578 adbuc
1032 1513 1131 1590 certi;
1154 1533 1248 1600 quom
1269 1532 1349 1597 ego,
1372 1535 1485 1600 quem·

163 1608 331 1674 admodum
348 1608 520 1694 praecipis,
543 1609 674 1695 privatis
697 1608 807 1673 litteris
830 1607 870 1673 ad
892 1606 1007 1672 bellum
1030 1627 1196 1672 commune
1211 1626 1326 1671 vocare
1346 1629 1410 1673 non
1430 1607 1487 1673 de·

163 1702 243 1767 sino.
287 1702 350 1779 Qui
371 1707 488 1767 utinam
514 1702 576 1767 iam
595 1702 733 1768 adessetl
768 1701 948 1767 intestinum
972 1700 1060 1766 urbis
1085 1700 1218 1773 malum,
1241 1699 1328 1786 quod
1351 1711 1484 1767 estnon

131 1818 154 1859 rs
164 1795 340 1871 mediocre,
370 1797 472 1861 minus
503 1797 696 1862 timeremus.
748 1795 810 1861 Sed
831 1794 906 1881 quid
931 1801 1016 1879 agol
1048 1815 1111 1859 non
1136 1793 1242 1858 imitor
1275 1795 1484 1879 λακωνισμόν

165 1898 268 1968 tuum;
291 1888 388 1957 altera
405 1891 467 1955 iam
488 1890 609 1977 pagella
628 1889 780 1976 procedit
823 1889 919 1954 Vince
937 1896 968 1952 et
989 1888 1069 1953 vale.
1111 1907 1185 1954 xcv.
1206 1886 1274 1952 Kal.
1298 1887 1484 1965 Quinctiles.

611 2033 721 2095 narr.
764 2029 813 2114 (A.
839 2032 872 2094 u.
895 2032 927 2094 c.
950 2028 1035 2105 711.)

513 2147 552 2209 u.
572 2147 733 2209 cunnus.
755 2145 786 2206 e.
808 2146 847 2207 o.
869 2147 910 2207 u.
933 2143 1127 2208 crunnum.

251 2266 288 2328 ln
309 2262 448 2328 maximo
470 2284 541 2328 meo
564 2263 674 2329 dolore
697 2264 757 2329 boc
777 2262 890 2329 solatio
917 2272 1007 2335 utor,
1037 2261 1124 2349 quod
1145 2261 1322 2348 intelligunt
1342 2261 1487 2328 homines

127 2380 227 2429 onon
248 2359 315 2423 sine
337 2378 430 2422 causa
451 2378 501 2422 me
523 2357 663 2424 timuisse
696 2359 768 2431 ista,
805 2379 884 2445 quae
913 2356 1103 2423 acciderunt.
1146 2357 1346 2433 Deliberent,
1379 2365 1487 2422 utrum

165 2453 320 2517 traiiciant
340 2451 479 2535 legiones
501 2472 542 2516 ex
570 2451 674 2517 Africa
698 2473 794 2517 necne
817 2462 848 2517 ct
870 2473 911 2516 cx
933 2450 1093 2523 Sardinia,
1124 2460 1156 2516 ct
1177 2455 1307 2518 Brutum
1330 2458 1488 2516 arcessant

164 2566 276 2619 necne,
299 2553 330 2608 et
352 2544 428 2609 mihi
450 2544 638 2631 stipendium
665 2545 740 2610 dent
760 2568 799 2610 an
825 2546 1003 2611 decernant.
1046 2543 1092 2610 Ad
1114 2555 1255 2610 senatum
1271 2546 1389 2611 litteras
1404 2544 1487 2610 misi.

165 2636 265 2703 Crede
286 2637 383 2709 mihi,
420 2638 482 2702 nisi
503 2639 562 2703 ista
584 2639 689 2704 omnia
711 2639 755 2704 itu
779 2639 871 2715 liunt,
894 2637 1159 2727 quemadmodum
1181 2638 1305 2715 scribo,
1337 2659 1486 2723 magnum

164 2751 221 2795 nos
244 2750 353 2794 omnes
374 2731 514 2797 adituros
537 2732 722 2818 periculum.
766 2738 855 2818 Rogo
876 2743 923 2804 te,
947 2732 1067 2808 videte,
1090 2730 1206 2818 quibus
1227 2731 1407 2799 bominibus
1432 2752 1486 2796 ne·

129 2825 284 2908 ragotium
306 2825 403 2899 detis,
426 2824 482 2912 qui
503 2825 543 2890 ad
565 2848 615 2891 me
637 2825 777 2910 legiones
799 2825 964 2892 adducant
1007 2829 1048 2891 Et
1068 2825 1130 2890 lide
1151 2846 1232 2912 opus
1253 2836 1301 2893 est
1322 2833 1354 2893 et
1375 2826 1488 2893 celeri-

164 2927 236 2984 tate.
280 2938 332 2985 ru.
354 2924 433 2984 Non.
455 2922 524 2985 lun.
546 2940 586 2984 cx
608 2920 728 2986 castris.

602 3063 727 3127 rruu.
771 3062 820 3139 (Α.
847 3065 879 3127 u
901 3064 934 3126 c
956 3061 1069 3151 uro.)⁴

618 3179 659 3240 u.
682 3177 825 3240 cronno
848 3175 974 3239 uarro
997 3176 1029 3240 s,

250 3296 278 3358 1.
313 3294 456 3360 Nondum
484 3295 558 3361 satis
586 3295 733 3361 constitui
761 3295 963 3360 molestiaene
992 3295 1062 3381 plus
1091 3317 1130 3362 an
1152 3293 1320 3381 voluptatis
1347 3293 1487 3360 attulerit

127 3385 241 3451 somibi
257 3387 421 3454 Trebatius
446 3400 567 3464 noster,
590 3388 685 3454 bomo
709 3410 780 3455 cum
803 3389 914 3474 plenus
933 3388 1043 3463 officii,
1067 3398 1131 3453 tum
1152 3388 1317 3476 utriusque
1342 3394 1484 3453 nostrum

164 3480 404 3547 amantissimus.
447 3487 524 3548 Nam
544 3503 616 3548 cum
638 3483 670 3546 in
693 3483 900 3548 Tusculanum
922 3483 1047 3569 vesperi
1062 3483 1238 3556 venissem,
1260 3483 1411 3567 postridie
1433 3481 1486 3546 ille

164 3574 205 3638 ad
233 3596 299 3648 me,
333 3576 472 3642 nondum
499 3577 572 3642 satis
600 3577 691 3642 firmo
721 3597 857 3662 corpore
880 3597 952 3642 cum
975 3586 1076 3651 esset,
1113 3598 1204 3643 mane
1230 3577 1325 3642 venit.
1383 3577 1486 3652 Quem

164 3688 235 3731 cum
257 3666 477 3752 obiurgarem,
513 3670 598 3759 quud
621 3692 732 3757 parum
754 3670 923 3735 valetudini
945 3681 1105 3757 parceret,
1140 3682 1206 3736 tum
1229 3670 1301 3745 ille,
1323 3669 1400 3736 nibil
1423 3667 1486 3733 sibi

164 3760 287 3845 longius
309 3761 424 3837 fuisse,
447 3786 541 3850 quam
563 3775 598 3829 ut
623 3786 673 3829 mc
692 3764 822 3830 videret
865 3764 1111 3851 Numquidnam,
1134 3764 1284 3851 inquam,
1307 3765 1404 3830 novit
1425 3768 1488 3828 De-

127 3874 153 3917 ss
165 3853 236 3918 tulit
255 3854 295 3918 ad
316 3876 367 3919 me
389 3858 550 3943 querelam
572 3868 675 3933 tuam,
699 3857 738 3922 de
755 3879 817 3944 qua
837 3858 942 3943 prius,
965 3879 1061 3946 quam
1078 3857 1273 3943 respondeo,
1295 3877 1393 3943 pauca
1412 3878 1488 3943 pro-

164 3968 289 4031 ponam.
340 3953 370 4013 2.
407 3953 566 4028 Quantum
593 3951 747 4016 memoria
775 3961 920 4036 repetere
950 3952 1119 4039 praeterita
1140 3971 1286 4035 possum,
1324 3971 1418 4016 nemo
1441 3960 1487 4015 est

166 4040 242 4105 mihi
268 4050 299 4106 te
328 4043 445 4109 amicus
473 4045 641 4131 antiquior.
698 4044 760 4109 Sed
789 4053 925 4110 vetustas
954 4044 1047 4111 babet
1076 4042 1196 4131 aliquid
1226 4064 1393 4108 commune
1415 4064 1486 4108 cum

164 4134 287 4212 multis;
309 4157 400 4202 amor
422 4159 484 4203 non
506 4138 609 4205 babet.
651 4138 756 4204 Dilexi
779 4149 829 4213 te,
852 4160 915 4225 quo
937 4139 988 4204 die
1009 4138 1163 4224 cognovi,
1187 4158 1332 4223 mequea
1354 4148 1383 4202 te
1399 4135 1487 4219 diligi

164 4226 311 4292 iudicavi.
361 4235 446 4296 Tuus
476 4231 588 4296 deinde
617 4232 791 4305 discessus,
829 4232 917 4319 isque
946 4234 1133 4305 diuturnus,
1170 4229 1300 4296 ambitio
1327 4236 1489 4296 nostrast

125 4323 246 4387 coritae
269 4321 490 4390 dissimilitudo
512 4347 576 4391 non
597 4337 644 4392 est
665 4348 754 4413 passa
776 4327 950 4392 voluntates
973 4336 1095 4392 nostras
1109 4325 1335 4391 cousuetudine
1358 4323 1487 4407 conglu-

164 4414 269 4481 tinari.
324 4421 425 4482 'l'uum
448 4428 551 4483 tamen
572 4441 647 4503 erga
670 4442 720 4484 me
742 4419 880 4485 animum
903 4420 1015 4504 agnovi
1038 4419 1144 4485 multis
1166 4419 1255 4484 annis
1277 4429 1347 4483 aute
1369 4416 1487 4482 bellum

163 4508 271 4584 civile,
304 4532 374 4575 cum
405 4515 521 4577 Caesar
542 4523 624 4578 esset
645 4514 676 4578 in
701 4514 809 4579 Gallia.
863 4513 957 4591 Quod
978 4512 1062 4578 enim
1084 4511 1286 4578 vehementer
1313 4510 1390 4576 mibi
1411 4509 1488 4575 utile

234 4730 262 4779 8.
282 4732 344 4794 quid
353 4732 430 4780 scrib.
445 4732 488 4782 bl:
500 4734 651 4795 quodccn‘b.
662 4735 691 4784 ll.
711 4759 741 4770 -
762 4734 951 4784 lurconum
971 4756 1003 4768 -
1020 4733 1065 4782 ⁸21.
1079 4746 1111 4781 ccc
1122 4731 1249 4781 Sardinia
1260 4731 1311 4751 ‘⁶'
1325 4729 1486 4786 Scbiltzius,

163 4813 259 4859 ncnc,
287 4807 311 4850 et
329 4814 362 4851 eu
378 4803 534 4852 Macedonio
551 4805 664 4853 Brutum
682 4804 824 4855 strothius.
856 4828 888 4840 -
923 4804 967 4852 22.
987 4816 1023 4850 oo
1041 4803 1182 4852 deserviunt
1201 4802 1245 4851 ll:
1277 4815 1314 4851 uu
1331 4814 1386 4852 oon
1403 4799 1487 4853 dccet·

164 4875 231 4921 nunt
251 4869 332 4921 E.·.-
369 4871 414 4923 23.
433 4872 500 4938 poor
518 4872 562 4924 ll:
581 4874 649 4938 poor
668 4874 696 4926 ll.
719 4900 747 4912 -
786 4875 829 4925 ³5.
847 4885 997 4938 propulsum
1013 4870 1059 4924 llz
1077 4885 1243 4937 monum
1260 4871 1293 4923 ll.
