3216 5408
204 239 266 300 alt
690 231 749 296 ΕΡ.
771 233 822 295 ΑΙ)
844 232 1017 296 dT'l'lCUll

204 392 354 461 sententia
382 389 564 463 decesserit,
594 387 816 475 poenitendum
844 396 960 474 putem.
1014 386 1077 454 Sed
1098 388 1174 476 quid
1201 399 1266 465 est,
1296 395 1381 478 quod
1404 398 1437 461 ei
1461 397 1530 462 vici

203 486 327 553 Lucceii
357 487 418 550 sint
448 483 585 549 addent
623 486 691 549 Hoc
718 492 748 547 te
776 480 1025 567 praetermisisse
1053 482 1162 547 miror.
1212 489 1243 549 ’1.
1264 489 1311 550 De
1331 488 1527 565 Philotimo,

203 580 313 647 laciam
340 576 499 666 equidem,
528 584 563 641 nt
590 596 709 641 mones.
761 574 822 639 Sed
852 594 911 658 ego
938 573 1016 639 mihi
1045 573 1085 640 ab
1115 576 1171 641 illo
1199 575 1259 642 hoc
1292 590 1436 666 tempore
1458 605 1528 650 non

201 674 338 740 rationes
365 668 599 757 exspectabam,
629 689 706 754 quas
727 667 784 734 tibi
806 667 917 743 edidit,
954 689 1065 733 verum
1087 667 1120 734 id
1141 669 1314 757 reliquum,
1344 676 1429 761 quod
1452 677 1526 764 ipse
1592 665 1600 673 ’

181 767 232 833 »in
255 765 429 832 Tusculano
450 785 500 829 me
531 761 653 828 relerre
674 761 706 827 in
728 761 987 827 commentarium
1009 782 1080 828 mea
1100 783 1195 828 manu
1217 765 1332 842 voluit,
1369 770 1524 857 quodque

199 860 282 926 idem
303 859 336 923 in
357 859 429 924 Asia
450 856 526 923 mihi
548 877 605 922 sua
625 876 719 921 manu
740 855 889 942 scriptum
911 854 1007 919 dedit.
1052 854 1087 921 ld
1109 856 1136 920 si
1157 869 1344 942 praestaret,
1368 873 1523 950 quantum

198 954 276 1019 milri
297 953 379 1018 aeris
400 952 493 1018 alieni
526 970 595 1015 esse
615 947 673 1014 tibi
695 948 809 1023 edidit,
833 957 950 1014 tanturn
972 958 1004 1013 et
1025 950 1097 1035 plus
1120 951 1211 1015 etiam
1234 953 1301 1038 ipse
1323 956 1400 1020 mihi
1423 956 1523 1023 debe·

198 1056 257 1113 ret.
300 1045 361 1112 Sed
382 1050 415 1110 in
436 1045 496 1109 hoc
516 1064 646 1131 genere,
680 1043 706 1108 si
728 1042 822 1108 modo
845 1063 993 1128 perram
1014 1041 1170 1128 publicam
1192 1045 1319 1121 licebit,
1342 1070 1405 1114 non
1426 1071 1521 1117 accu-

197 1139 337 1206 sabimur
358 1137 503 1223 posthac;
530 1157 632 1222 neque
654 1134 781 1201 hercule
803 1146 892 1201 antea
914 1136 1107 1222 negligentes
1129 1136 1244 1204 inimus
1265 1140 1320 1205 sed
1341 1143 1519 1210 amicorum

164 1252 188 1290 w
198 1231 393 1298 multitudine
421 1228 574 1316 occupati.
615 1233 699 1314 Ergo
727 1239 869 1304 utemur,
899 1238 935 1295 ut
955 1229 1129 1315 polliceris,
1158 1239 1189 1296 et
1210 1253 1307 1318 opera
1330 1242 1361 1299 et
1381 1237 1518 1303 consilio

197 1336 268 1403 tuo;
290 1344 348 1390 nec
369 1322 426 1388 tibi
444 1323 580 1396 erimus,
602 1332 637 1386 ut
657 1342 768 1407 spero,
790 1323 824 1387 in
838 1342 877 1388 eo
892 1322 1026 1387 molesti.
1069 1326 1100 1388 8.
1123 1327 1168 1388 De
1184 1329 1386 1409 serperastris
1399 1330 1517 1397 cohor-

140 1444 143 1456 *
196 1425 235 1485 tis
267 1438 372 1492 meae,
406 1415 483 1480 nihil
510 1423 573 1490 est,
606 1415 691 1502 quod
720 1415 838 1481 doleas.
894 1416 956 1501 Ipsi
984 1416 1068 1480 enim
1098 1437 1132 1482 se
1158 1417 1352 1503 collegerunt
1380 1422 1517 1488 admira-

196 1512 281 1577 tione
301 1509 486 1594 integritatis
508 1529 607 1573 meae.
661 1509 723 1574 Sed
744 1531 795 1574 ma
817 1517 959 1575 moverat
979 1530 1073 1574 nemo
1096 1509 1195 1594 magis
1216 1532 1309 1596 quam
1339 1512 1381 1588 is,
1418 1536 1515 1601 quem

197 1613 230 1670 tn
251 1603 407 1670 neminem
428 1613 529 1688 putas.
572 1601 657 1667 Idem
679 1610 711 1666 et
732 1603 821 1668 initio
844 1603 948 1668 luerat
969 1612 1001 1667 et
1023 1623 1106 1668 nnnc
1128 1612 1176 1668 est
1197 1605 1353 1689 egregius.
1396 1606 1459 1671 Sed
1480 1608 1515 1672 in

165 1700 262 1784 uipsa
284 1696 464 1762 decessione
486 1693 671 1780 significavit
691 1716 832 1780 sperasse
854 1717 888 1760 se
910 1696 1044 1782 aliquid;
1075 1706 1106 1761 et
1128 1696 1177 1772 id,
1200 1697 1285 1782 quod
1307 1702 1445 1762 animum
1466 1698 1517 1763 in-

195 1791 328 1857 duxerat
348 1789 533 1876 paullisper,
572 1809 634 1854 non
657 1791 773 1862 tenuit,
803 1788 857 1854 sed
880 1789 943 1854 cito
964 1789 1003 1855 ad
1026 1810 1059 1854 se
1081 1790 1176 1855 rediit
1189 1783 1339 1875 'meisque
1361 1790 1515 1856 honorili-

194 1885 379 1951 centissimis
402 1904 476 1969 erga
499 1904 533 1949 se
555 1884 664 1949 officiis
693 1883 809 1958 victus,
846 1883 946 1968 pluris
975 1904 1011 1948 ea
1041 1883 1130 1948 duxit
1152 1904 1245 1970 quarn
1267 1904 1392 1948 omnem
1418 1903 1516 1970 pecu-

193 1979 286 2044 niam.
330 1981 360 2042 9.
387 1981 454 2062 Ego
484 1997 502 2041 a
533 1975 629 2041 Curio
659 1974 780 2040 tabulas
801 1975 922 2061 accepi,
951 1996 1028 2061 quas
1049 1997 1173 2042 mecum
1194 1985 1299 2063 porto.
1352 1978 1515 2043 Hortensii

193 2072 293 2158 legata
315 2070 459 2157 cognovi.
512 2074 600 2135 Nunc
626 2089 705 2133 aveo
737 2068 834 2144 scire,
867 2068 943 2156 quid
973 2068 1109 2134 hominis
1131 2070 1171 2135 sit
1192 2080 1223 2135 et
1245 2091 1379 2157 quarum
1402 2092 1513 2138 rerum

155 2167 370 2231 annectionem
393 2164 542 2228 instituat.
584 2162 696 2228 Nescio
717 2161 818 2238 enim,
841 2182 917 2235 cur,
940 2182 1010 2227 cum
1032 2173 1156 2247 portam
1178 2164 1413 2229 Flumentanam
1437 2166 1515 2229 Cae·

193 2259 253 2325 lius
274 2257 449 2343 occuparit,
486 2277 546 2342 ego
572 2255 719 2321 Puteolos
751 2276 814 2320 non
834 2276 923 2320 meos
943 2254 1064 2321 faciam.
1110 2261 1159 2321 10.
1181 2258 1281 2324 Venio
1304 2256 1343 2321 ad
1364 2256 1512 2332 Piraeea,

192 2354 309 2440 inquo
345 2351 444 2436 magis
473 2348 747 2435 reprehendendus
783 2369 867 2424 sum,
904 2349 990 2435 quod
1023 2348 1119 2415 homo
1154 2355 1312 2416 Romanus
1341 2354 1513 2416 Piraeea

192 2446 386 2533 scripserim,
423 2465 487 2509 non
514 2443 723 2508 Piraeeum
752 2442 860 2507 -sic
887 2443 969 2512 enim
994 2463 1103 2509 omncs
1125 2443 1225 2509 nostri
1246 2443 1341 2509 locuti
1364 2452 1437 2509 sunt
1457 2480 1510 2519 —,

192 2560 286 2625 quam
308 2537 392 2624 quod
414 2537 456 2602 in
483 2535 667 2601 addiderim.
710 2539 778 2600 Non
799 2536 882 2601 enim
903 2536 964 2602 hoc
984 2547 1019 2601 ut
1040 2537 1158 2623 oppido
1179 2537 1362 2623 praeposui,
1397 2537 1455 2603 sed
1475 2547 1513 2604 ut

154 2631 277 2709 saloco;
309 2640 340 2695 et
362 2640 464 2695 tamen
485 2629 653 2716 Dionysius
673 2639 800 2702 noster,
823 2629 879 2715 qui
901 2639 948 2695 est
968 2628 1149 2706 nobiscum,
1172 2639 1203 2694 et
1222 2629 1324 2695 Nicias
1347 2633 1431 2697 Cous
1445 2652 1511 2698 non

191 2721 321 2789 rebatur
342 2723 491 2809 oppidum
520 2743 588 2787 csso
609 2721 749 2787 Piraeea.
791 2722 853 2787 Sed
875 2723 915 2789 de
936 2744 976 2788 eo
997 2723 1118 2789 videro.
1160 2728 1309 2789 Nostrum
1331 2721 1460 2808 quidem
1482 2725 1511 2789 si

191 2826 239 2881 est
259 2825 435 2902 peccatum,
464 2817 496 2881 in
524 2837 563 2880 eo
592 2823 653 2887 est,
684 2814 769 2900 quod
792 2837 855 2881 non
875 2825 911 2882 ut
931 2817 971 2882 de
993 2817 1110 2903 oppido
1132 2818 1254 2883 locutus
1275 2837 1362 2892 sum,
1394 2816 1452 2882 sed
1472 2827 1510 2884 nt

191 2910 336 2986 deloco,
359 2919 545 2996 secutusque
565 2931 651 2984 sum,
674 2930 737 2974 non
758 2909 828 2975 dico
851 2911 1034 2987 Caecilium,

356 3035 445 3098 Mane
464 3042 498 3095 ut
519 3053 558 3095 ea
574 3041 668 3113 portu
688 3033 721 3093 in
741 3035 917 3106 Piraeeum,

154 3199 229 3239 ,0-
251 3163 352 3230 malus
374 3163 456 3228 enim
477 3171 587 3229 auctor
606 3161 776 3228 Latinitatis
797 3175 845 3230 est
865 3200 923 3240 -,
952 3164 1007 3230 sed
1029 3164 1226 3239 Terentium,
1256 3164 1345 3230 cuius
1374 3161 1511 3230 fabellae

190 3269 320 3347 propter
341 3256 525 3343 elegantiam
547 3257 701 3321 sermonis
723 3256 912 3341 putabantur
933 3280 950 3323 a
975 3262 1008 3324 C.
1030 3260 1136 3324 Laelio
1158 3257 1271 3324 scribi:

357 3391 433 3454 Heri
454 3389 567 3471 alienat
588 3389 795 3452 adolescentuli
816 3392 929 3453 eumue
950 3393 984 3454 in
1004 3394 1178 3462 Piraeeum·

190 3522 220 3577 et
241 3513 339 3587 idem,

261 3730 285 3779 1.
305 3730 373 3792 quod
391 3728 475 3777 cuncti
493 3728 590 3776 Luceiis
608 3729 647 3784 11,
667 3729 736 3792 quod
752 3733 823 3780 eunti
841 3731 891 3779 cici
908 3731 985 3782 Latet
1010 3732 1031 3782 l.
1071 3731 1115 3795 (Ut
1134 3744 1182 3781 nos
1201 3730 1238 3790 Ζ,
1267 3735 1294 3779 et
1312 3730 1448 3780 Victorius
1469 3746 1508 3782 ee

192 3799 310 3862 vestigiis
328 3798 397 3856 llln,
426 3811 495 3860 quae
525 3798 603 3846 nobis
629 3806 719 3848 notate
744 3813 798 3849 non
825 3797 912 3861 sunt.)
932 3827 965 3839 -
999 3803 1026 3852 2.
1046 3809 1071 3851 te
1089 3816 1144 3851 om.
1165 3802 1188 3851 1.
1210 3825 1239 3837 -
1278 3801 1304 3850 3.
1324 3802 1508 3864 ioctsmpore

191 3884 244 3920 om.
266 3868 339 3919 Μ111.
378 3866 654 3930 (Suppletssuntes
673 3868 738 3926 113.)
769 3893 795 3902 -
833 3871 860 3920 ’1.
880 3884 931 3920 esse
949 3871 996 3921 tibi
1014 3872 1169 3922 Manutius:
1199 3883 1250 3920 csse
1268 3870 1409 3929 1011111111,
1442 3877 1507 3921 esset

189 3940 225 3990 iln'
243 3941 265 3991 l.
289 3963 316 3972 -
354 3939 380 3987 e.
397 3938 525 3998 posticae
544 3949 583 3998 pr.
604 3937 640 3985 Μ.
663 3963 691 3974 -
719 3940 763 3988 sed
780 3946 805 3990 et
822 3943 966 3991 amicorum
983 3942 1151 3992 multitudine
1168 3941 1214 3997 M,
1234 3941 1277 3990 sed
1295 3947 1319 3990 et
1337 3939 1506 3991 multitudine

189 4012 333 4061 amicorum
351 4008 381 4056 11.
404 4032 432 4041 -
471 4007 513 4056 11,
533 4007 697 4068 supirastris
715 4009 784 4069 Μ11,
805 4011 978 4060 derderastm's
998 4012 1093 4061 antii»
1114 4013 1141 4062 in
1162 4023 1216 4071 mg·
1237 4010 1341 4072 liepelt.
1363 4009 1459 4060 Lamia.
1475 4034 1502 4044 —

190 4081 234 4130 12.
254 4086 291 4130 est
317 4092 373 4128 om.
398 4089 438 4139 pr.
467 4076 505 4126 Μ.
536 4098 567 4111 -·
605 4077 780 4129 admiratione
796 4081 825 4130 in
843 4085 868 4130 ts
884 4082 1045 4146 integritatis
1064 4081 1132 4141 lllli,
1151 4082 1222 4131 adm.
1240 4082 1310 4130 uitae
1327 4081 1425 4143 integr.
1447 4079 1506 4131 let

190 4164 246 4213 mg.
272 4148 310 4201 Μ.
350 4146 394 4210 (Ut
417 4159 481 4208 nos,
509 4145 592 4196 codd.
622 4147 728 4197 Balliol·
760 4155 786 4199 et
816 4149 943 4207 Helmst.)
974 4174 1001 4185 -
1039 4152 1082 4202 lt·
1110 4146 1247 4213 marinam]
1276 4162 1351 4199 nemo
1373 4149 1449 4199 ΜΙ11.
1472 4175 1503 4186 -

189 4227 214 4271 et
238 4223 267 4270 in
292 4219 369 4268 initio
396 4216 418 4266 l.
442 4240 468 4249 -
506 4217 550 4266 10.
569 4214 688 4280 meisque]
716 4219 745 4266 in
767 4221 848 4283 iisarse
871 4219 916 4283 Μ,
941 4222 971 4271 in
996 4223 1029 4270 iis
1053 4235 1119 4285 auae
1138 4221 1160 4271 l.
1181 4222 1305 4283 (meisque
1322 4233 1377 4280 mg·
1397 4216 1449 4280 Μ.)
1469 4245 1504 4254 -

191 4290 233 4340 17.
253 4288 575 4352 omnempecuniamom.
594 4286 622 4336 Z.
644 4312 671 4323 -
711 4287 754 4338 18.
774 4289 807 4339 ai
826 4290 848 4338 1.
870 4315 901 4326 -
937 4292 980 4342 10.
999 4292 1080 4341 liabeo
1098 4292 1149 4341 llll.
1167 4314 1202 4324 —
1229 4291 1272 4340 20.
1292 4291 1421 4339 actionem
1440 4288 1503 4348 lllll,

189 4361 319 4410 rationem
337 4358 358 4408 l.
379 4356 535 4422 (auctionum
552 4371 607 4420 mg.
626 4357 677 4412 Μ.)
703 4381 736 4395 -
770 4356 1013 4423 20.aam]non1.
1035 4384 1068 4395 -
1101 4363 1146 4410 21.
1171 4360 1292 4410 Puteolos
1314 4372 1383 4408 meos
1399 4372 1505 4423 gressus

189 4444 244 4480 non
269 4431 365 4492 famam
392 4427 476 4476 1.·-
512 4428 587 4490 pinea
613 4427 651 4478 Μ.
689 4425 733 4476 Sic
764 4429 902 4494 deinceps.
940 4455 967 4465 -
1014 4430 1058 4480 21.
1088 4428 1176 4496 qnam]
1208 4431 1249 4479 cui
1278 4443 1318 4493 pr.
1344 4429 1382 4478 Μ.
1403 4453 1438 4462 -
1473 4431 1504 4479 in

190 4513 245 4550 om.
264 4501 302 4550 Μ.
329 4522 356 4531 -
393 4497 440 4545 tce
462 4496 500 4547 Μ.
528 4505 557 4546 ut
580 4497 615 4546 tid
641 4502 694 4558 est,
721 4498 814 4548 tiocia
840 4505 877 4559 ut)
906 4501 928 4553 l.
964 4525 991 4535 -
1028 4501 1073 4550 25.
1093 4509 1118 4552 et
1143 4505 1206 4551 ante
1231 4499 1287 4550 Nic.
1307 4512 1362 4548 om.
1386 4498 1440 4549 Ml.
1471 4523 1503 4535 -

130 4563 133 4573 “
190 4570 276 4620 Nicias
295 4565 370 4630 Coos]
389 4568 469 4615 maias
486 4579 545 4614 eous
575 4566 648 4616 1.-
692 4564 756 4630 non]
775 4583 841 4619 noan
867 4585 907 4634 pr.
928 4572 972 4629 Μ,
989 4585 1042 4621 non
1060 4576 1087 4620 et
1103 4572 1190 4622 noenii
1209 4583 1280 4619 corr.
1298 4570 1345 4626 Μ.
1371 4581 1448 4617 noem
1468 4569 1502 4629 l,

189 4654 283 4690 nomen
300 4639 331 4687 11.
369 4636 537 4696 (correctum
567 4636 594 4685 in
620 4636 795 4695 Victoriana.)
823 4661 850 4672 -
899 4642 944 4691 20.
970 4642 1060 4705 oppidi
1084 4640 1116 4690 lt.
1146 4664 1177 4677 -
1222 4654 1251 4689 eo
1277 4652 1347 4688 corr.
1377 4637 1425 4687 Μι
1457 4652 1503 4688 eea

190 4724 231 4775 pr.
251 4710 292 4768 Μ,
317 4721 363 4758 eoo
382 4707 408 4766 l,
435 4720 463 4755 re
489 4706 532 4754 1111
555 4712 670 4755 etcorr·
697 4708 733 4757 ll.
765 4731 799 4744 -
833 4710 962 4761 nideoll.
995 4734 1023 4745 -
1059 4709 1103 4760 20.
1124 4710 1324 4760 nondicoom.
1346 4721 1387 4770 pr.
1407 4706 1447 4758 Μ.
1468 4730 1502 4744 -
1572 4697 1578 4721 “

190 4781 233 4830 30.
252 4779 336 4828 matus
353 4779 420 4827 anim
437 4771 539 4836 auctor]
558 4777 586 4824 in
604 4776 664 4826 aliis
681 4784 774 4827 auctor
792 4792 833 4841 pr.
852 4779 890 4830 Μ.
917 4807 949 4816 -
984 4780 1027 4830 32.
1054 4781 1156 4845 aliquot
1180 4779 1435 4831 adamantinam.
1457 4791 1501 4842 pr.

190 4851 227 4899 Μ.
251 4873 276 4882 -
314 4842 421 4910 animm]
439 4859 497 4896 cum
513 4847 580 4894 imus
597 4845 635 4896 Μ.
