3256 5400
606 193 882 263 urssrotetttm
901 195 954 259 AD
975 194 1068 259 ΒΑΜ.

707 532 860 594 LIBER
894 535 981 596 vll.

368 692 370 696 ⁴
407 726 487 801 nn
519 728 571 801 Μ.
603 726 845 802 unnloiu
879 727 956 801 nr
992 725 1283 805 ouranos,

669 1098 1006 1185 runem)

571 1226 613 1287 n.
636 1224 778 1287 cremo
801 1226 832 1287 s.
853 1227 890 1286 n.
912 1228 954 1287 u.
975 1224 1111 1288 maro.

185 1359 213 1420 1.
242 1335 290 1422 Si
310 1363 341 1419 te
363 1353 456 1419 dolor
476 1353 571 1438 aliqui
592 1353 736 1438 corporis
757 1363 811 1417 aut
831 1351 994 1418 infirmitas
1016 1352 1201 1419 valetudinis
1216 1362 1287 1418 tuae
1302 1352 1414 1428 tenuit,
1438 1374 1503 1439 quo

180 1448 286 1513 minus
314 1449 354 1512 ad
382 1448 473 1513 ludos
499 1447 638 1520 venires,
674 1446 818 1512 fortunae
847 1447 943 1531 magis
972 1445 1078 1512 tribuo
1106 1468 1199 1532 quam
1222 1446 1391 1532 sapientiae
1413 1458 1501 1526 tuae;

159 1541 230 1606 esin
253 1541 344 1614 baec,
368 1563 448 1627 quae
470 1542 565 1606 ceteri
588 1541 757 1613 mirantur,
791 1539 1015 1605 contemnenda
1038 1539 1154 1604 duxisti
1176 1549 1222 1615 et,
1245 1562 1316 1606 cum
1337 1564 1395 1629 per
1416 1543 1502 1608 vale-

182 1637 320 1702 tudinem
344 1656 468 1721 posses,
504 1637 612 1699 venire
634 1643 736 1698 tamen
758 1634 900 1708 noluisti,
924 1643 1092 1719 utrumque
1111 1633 1226 1709 laetor,
1249 1646 1280 1700 et
1299 1635 1364 1700 sine
1390 1636 1501 1702 dolore

180 1730 325 1815 corporis
347 1739 378 1794 te
402 1728 497 1793 fuisse
521 1738 552 1792 et
572 1727 677 1792 animo
698 1726 847 1801 valuisse,
871 1749 942 1792 cnm
965 1748 1017 1800 ea,
1041 1748 1120 1812 quae
1146 1727 1212 1791 sine
1234 1748 1326 1794 causa
1348 1729 1502 1796 mirantur

183 1822 245 1896 alii,
269 1824 462 1908 neglexeris3
484 1822 580 1889 modo
609 1834 642 1888 ut
663 1820 720 1886 tibi
742 1821 915 1886 constiterit
929 1820 1048 1887 fructus
1063 1820 1119 1885 otii
1135 1821 1194 1893 tui,
1217 1843 1280 1908 quo
1303 1822 1430 1908 quidem
1446 1822 1501 1889 tibi

180 1916 301 2002 perfrui
322 1916 453 1981 mirifice
472 1916 573 1990 licuit,
596 1936 667 1979 cnm
690 1936 775 1979 esses
795 1915 827 1979 in
849 1915 907 1979 ista
928 1915 1116 1980 amoenitate
1137 1935 1236 2000 paene
1259 1916 1344 1981 solus
1362 1917 1501 1982 relictus.

145 2015 287 2096 felleque
308 2021 409 2076 tamen
432 2009 556 2084 dubito,
578 2009 654 2094 quin
674 2019 707 2074 tu
730 2030 770 2072 ex
791 2008 845 2073 illo
867 2008 1011 2073 cubiculo
1042 2017 1113 2083 tuo,
1151 2029 1190 2072 ex
1217 2031 1280 2095 quo
1305 2008 1361 2074 tibi
1383 2009 1502 2074 Stabia-

179 2125 255 2168 num
284 2104 452 2189 perforasti
480 2113 511 2167 et
531 2102 704 2189 patefecisti
728 2107 897 2176 Misenum,
929 2121 1066 2186 percos
1096 2101 1162 2166 dics
1188 2103 1336 2168 matutina
1359 2114 1501 2189 tempora

178 2196 373 2262 lectiunculis
394 2196 640 2282 consumpseris,
663 2216 734 2260 cum
755 2195 800 2260 illi
823 2195 957 2268 interea,
980 2195 1034 2281 qni
1055 2203 1086 2259 te
1106 2195 1176 2261 istic
1198 2196 1409 2283 reliquerunt,
1432 2216 1503 2280 spe-

179 2300 298 2356 ctarent
320 2311 500 2355 communes
521 2290 634 2354 mimos
656 2287 846 2354 semisomni.
899 2287 1045 2374 Reliquas
1064 2309 1142 2352 vero
1168 2298 1272 2374 partes
1289 2290 1351 2355 diei
1371 2300 1404 2355 tu
1427 2310 1503 2354 con·

179 2382 324 2448 sumebas
346 2383 383 2448 iis
404 2382 676 2458 delectationibus,
706 2404 783 2469 quas
804 2380 862 2446 tibi
883 2386 950 2468 ipse
975 2380 1013 2446 ad
1039 2380 1203 2446 arbitrium
1229 2392 1316 2449 tuum
1339 2403 1503 2467 compara-

143 2496 247 2553 reras;
268 2476 360 2542 nobis
376 2485 480 2542 autem
503 2489 591 2543 erant
607 2497 643 2540 ea
664 2476 885 2562 perpetienda,
907 2497 988 2561 quae
1008 2474 1147 2560 [scilicet]
1172 2480 1224 2561 Sp.
1267 2477 1404 2542 Maecius
1428 2498 1502 2562 pro-

179 2568 324 2635 bavisset.
366 2575 397 2635 2.
421 2573 571 2643 Omnino,
595 2569 621 2634 si
640 2576 783 2656 quaeris,
805 2568 870 2633 ludi
892 2568 1135 2655 apparatissimi,
1158 2569 1295 2634 sednon
1318 2569 1363 2634 tui
1386 2579 1502 2636 stoma-

179 2663 242 2741 cbi;
279 2669 491 2728 coniecturam
520 2665 603 2729 enim
633 2663 782 2749 facioflde
811 2683 894 2728 meo.
950 2667 1026 2727 Nam
1043 2662 1179 2748 primum
1201 2663 1331 2729 honoris
1354 2685 1446 2728 cansa
1468 2663 1500 2728 in

178 2777 302 2821 scenam
319 2756 477 2821 redierant
497 2756 535 2831 ii,
558 2778 638 2845 quos
659 2777 719 2842 ego
740 2755 870 2821 honoris
890 2777 983 2822 cansa
1004 2756 1043 2820 de
1065 2776 1156 2820 scona
1171 2755 1299 2822 decesse
1313 2756 1499 2823 arbitrabar.

178 2849 314 2913 Deliciae
335 2871 413 2915 vero
435 2858 520 2925 tuae,
557 2859 665 2916 noster
687 2855 844 2934 Aesopus,
879 2849 1034 2915 eiusmodi
1055 2850 1132 2924 fnit,
1164 2860 1198 2914 nt
1219 2850 1247 2915 ei
1270 2851 1414 2916 desinere
1442 2872 1500 2937 per

141 2962 288 3006 eoomnes
316 2942 458 3007 bomines
486 2941 604 3009 liceret.
661 2949 691 3010 ls
713 2944 818 3008 iurare
847 2965 918 3009 cum
947 2948 1116 3029 coepisset,
1153 2964 1217 3008 vox
1238 2964 1311 3008 enm
1333 2943 1446 3010 defecit
1467 2950 1500 3009 in

178 3035 234 3100 illo
258 3035 346 3101 loco:
377 3040 413 3101 Si
434 3040 529 3100 sciens
547 3040 633 3119 sollo.
683 3037 767 3115 Quid
789 3036 844 3101 tibi
866 3058 925 3123 ego
949 3038 1009 3102 alia
1032 3042 1179 3101 narrem?
1211 3037 1293 3102 nosti
1324 3037 1407 3102 enim
1425 3039 1499 3102 reli·

179 3149 259 3216 qnos
280 3128 381 3199 ludos.
431 3129 535 3207 Quid?
557 3152 596 3195 ne
617 3130 649 3196 id
671 3131 798 3218 quidem
825 3130 943 3217 leporis
971 3130 1162 3204 babuerunt,
1195 3129 1281 3216 qnod
1307 3131 1408 3196 solent
1434 3153 1500 3196 me·

179 3221 302 3286 diocres
322 3221 403 3300 ludi;
436 3235 603 3309 apparatus
626 3224 708 3288 enim
735 3229 885 3311 spectatio
906 3222 1033 3288 tollebat
1055 3244 1181 3289 omnem
1210 3223 1411 3298 bilaritatem,
1434 3246 1499 3312 quo

179 3313 305 3401 quidem
332 3325 483 3402 apparatu
510 3338 574 3382 non
602 3316 727 3391 dubito,
763 3318 836 3404 quin
866 3316 970 3382 animo
999 3316 1187 3403 aequissimo
1209 3316 1358 3382 carueris.
1413 3317 1498 3395 Quid

141 3411 262 3475 etenim
291 3409 503 3475 delectationis
531 3409 646 3475 babent
666 3416 804 3476 sexcenti
826 3411 903 3475 muli
924 3410 957 3475 in
985 3412 1246 3498 Clytaemnestra?
1279 3421 1333 3476 aut
1353 3411 1386 3476 in
1407 3415 1498 3496 Equo

179 3509 316 3568 Troiano
348 3513 540 3568 craterarum
566 3505 626 3569 tria
655 3505 760 3570 miliat
794 3514 846 3569 aut
873 3505 1030 3569 armatura
1057 3505 1145 3568 varia
1172 3504 1326 3590 peditatus
1355 3512 1387 3569 et
1411 3509 1500 3590 equi·

178 3607 259 3663 tatus
291 3597 323 3661 in
351 3598 453 3684 aliqua
481 3604 606 3682 pugnat
640 3620 719 3684 qnae
746 3598 931 3685 popularem
958 3597 1196 3662 admirationem
1218 3596 1410 3670 babuerunt,
1444 3596 1499 3661 de·

177 3691 374 3755 lectationem
396 3690 451 3755 tibi
473 3691 588 3756 nullam
610 3691 792 3756 attulissent.
841 3696 870 3756 3.
905 3690 1026 3769 Quodsi
1058 3700 1092 3756 tu
1124 3712 1182 3777 per
1197 3706 1256 3756 eos
1276 3691 1342 3756 dies
1368 3712 1497 3777 operam

180 3784 291 3849 dedisti
312 3785 480 3869 Protogeni
509 3792 577 3858 tue,
616 3784 787 3850 dummodo
814 3785 842 3849 is
863 3782 920 3848 tibi
947 3782 1071 3869 quidvis
1092 3784 1196 3870 potius
1219 3806 1313 3871 quam
1338 3784 1497 3849 orationes

141 3894 264 3942 remeas
285 3877 411 3963 legerit,
441 3899 499 3942 nae
521 3887 555 3942 tn
577 3877 659 3942 baud
679 3877 784 3964 paullo
806 3878 991 3963 plusquam
1013 3877 1178 3963 quisquam
1199 3883 1341 3943 nostrum
1364 3877 1499 3942 delecta·

178 3972 271 4037 tionis
294 3970 437 4036 habuisti.
493 3976 561 4036 Non
576 3973 658 4036 enim
676 3982 705 4036 te
726 3982 803 4057 puto
823 3975 959 4036 Graecos
977 3979 1030 4034 aut
1053 3973 1151 4035 Oscos
1173 3970 1264 4035 ludos
1286 3971 1496 4045 desiderasse,

178 4066 363 4150 praesertim
389 4086 459 4130 cum
481 4067 579 4130 Oscos
600 4065 691 4130 ludos
712 4066 764 4129 vel
785 4065 817 4129 in
839 4074 947 4128 senatu
969 4072 1075 4128 vestro
1097 4072 1237 4149 spectare
1259 4070 1377 4151 possis,
1402 4069 1498 4130 Grae·

248 4285 275 4335 3.
294 4285 377 4348 ntiqui
394 4285 439 4335 M:
459 4284 554 4347 aliquis
573 4284 604 4333 ll.
626 4308 656 4319 -
693 4284 737 4333 11.
756 4284 885 4335 Misenum
904 4282 1070 4330 Lambinus:
1090 4295 1178 4331 senum
1196 4282 1242 4342 M,
1270 4282 1393 4333 suanum
1410 4283 1441 4332 ll.
1463 4306 1495 4318 -

178 4355 222 4404 12.
242 4354 400 4418 reliquerunt
419 4355 462 4404 M:
481 4354 642 4416 reliquerant
660 4353 691 4403 ll.
713 4377 743 4388 -
781 4353 824 4403 13.
842 4349 997 4412 communes]
1017 4352 1089 4400 Fert.
1110 4365 1205 4401 omnes.
1243 4350 1298 4401 Ct'r.
1318 4352 1443 4402 Wunder
1463 4351 1495 4402 V.

179 4424 209 4474 L.
229 4425 273 4475 Pr.
294 4439 320 4488 p.
339 4424 409 4473 XVI.
433 4425 493 4474 Mor
514 4424 561 4486 Ep.
582 4425 614 4482 5,
641 4425 668 4472 1.
686 4424 861 4472 communibus
880 4436 927 4486 pro
946 4421 1063 4470 omnibus
1081 4422 1101 4470 n
1120 4425 1147 4470 et
1164 4422 1321 4472 Cratander·
1360 4423 1426 4472 ltem
1446 4423 1495 4484 llp.

178 4495 231 4554 33,
250 4494 277 4543 2.
314 4494 398 4543 Codd.
429 4495 533 4556 aliquot
562 4494 679 4542 omnibus
709 4506 757 4556 pro
783 4492 970 4542 communibus.
998 4490 1048 4541 On.
1082 4514 1112 4525 -
1150 4492 1192 4541 11.
1212 4493 1245 4539 tis
1263 4493 1302 4542 N:
1325 4492 1442 4541 1111111.
1464 4517 1493 4528 -

177 4566 229 4626 tprr'
245 4564 283 4614 M.
306 4587 336 4598 -
374 4564 417 4614 15.
443 4566 539 4613 scilieet
558 4564 592 4613 ab
617 4563 725 4612 Ambrr.
751 4562 778 4612 2.
804 4564 831 4614 6.
851 4564 894 4612 13.
920 4563 963 4611 15.
983 4561 1112 4610 omissum
1137 4562 1248 4611 seclusit
1265 4561 1399 4612 Orellius:
1430 4574 1497 4624 quoe

176 4634 271 4683 ecr'tieet
288 4634 319 4682 P.
339 4629 399 4696 (sie)
416 4635 529 4684 Maecius
547 4634 584 4682 M.
600 4656 631 4670 -
651 4635 695 4683 18.
720 4633 747 4682 11
765 4632 802 4684 M.
823 4659 854 4669 -
872 4633 969 4682 decem
986 4630 1029 4679 M:
1047 4631 1178 4680 deuenisse
1197 4632 1229 4680 E.
1246 4655 1273 4665 -
1294 4633 1338 4681 22.
1359 4632 1446 4694 Quid?
1463 4644 1496 4680 rte

176 4704 205 4752 td
222 4703 266 4753 M:
285 4704 330 4766 qui
346 4718 377 4752 rte
395 4705 423 4752 td
442 4704 481 4764 Ε,
501 4705 577 4766 quid,
608 4704 677 4767 quod
693 4716 725 4752 ne
742 4703 771 4751 te
788 4703 945 4753 Lambinus.
982 4701 1053 4749 Fort.
1074 4701 1148 4749 Nosti
1165 4703 1242 4751 enim.
1284 4702 1402 4764 Reliquos
1422 4701 1496 4749 ludos

177 4774 240 4836 quiet
258 4772 319 4829 (tibi
336 4770 480 4834 narremlt
498 4775 534 4824 Ne
551 4774 579 4822 td
596 4788 622 4837 q.
642 4773 661 4822 t.
680 4774 706 4822 b.
726 4772 777 4823 On.
799 4798 829 4810 -
849 4772 893 4822 26.
913 4777 1087 4820 creterrarum
1105 4770 1143 4827 M,
1162 4779 1292 4822 cetrorum
1305 4771 1447 4822 Graevius.
1463 4793 1494 4806 -

177 4841 221 4893 ³1.
240 4842 397 4894 meere
414 4843 457 4895 Ma
475 4845 621 4896 deriderm
639 4843 670 4895 11.
692 4865 722 4879 -
759 4842 803 4894 32.
822 4849 908 4893 oestro
925 4840 969 4892 M:
988 4846 1080 4890 rostro
1098 4839 1130 4890 Ε.
