3256 5400
185 238 228 302 64
613 236 890 302 Erlsronnttt'tt
912 238 965 300 Al)
987 238 1078 301 ΕΔΜ.

186 407 239 462 tur
259 395 348 461 triste
369 393 526 480 quoddam
560 402 591 456 ot
614 394 763 458 misorum
800 405 830 459 et
859 392 907 457 bis
929 392 1125 480 temporibus
1146 406 1389 462 consentaneum
1412 417 1512 482 genus

184 490 377 565 litterarum3
399 485 431 552 id
452 508 579 573 quoque
602 486 767 553 deficiebat
789 508 855 560 me,
878 487 911 551 in
933 509 997 574 quo
1019 486 1154 553 debebat
1176 510 1245 555 esse
1263 499 1317 555 aut
1340 492 1510 577 promissio

185 583 296 650 auxilii
330 581 461 647 alicuius
491 591 546 645 aut
570 581 743 647 consolatio
772 580 892 646 doloris
921 581 976 646 tui.
1022 581 1106 660 Quid
1128 582 1311 667 pollicerer,
1333 606 1396 651 non
1421 595 1511 651 erat:

185 677 253 765 ipsc
274 677 357 743 euim
378 676 447 762 pari
468 676 595 742 fortuna
616 676 755 742 abiectus
776 675 910 740 aliorum
932 673 1047 760 opibus
1069 696 1161 743 casus
1182 697 1270 743 meos
1291 678 1512 752 sustentabam,

161 772 372 858 asaepiusquc
404 770 480 835 mibi
509 769 656 835 veniebat
683 771 715 835 in
738 779 873 843 mentem
903 769 1014 855 queri,
1051 769 1137 856 quod
1157 770 1201 834 ita
1223 771 1381 847 viverem,
1418 795 1510 860 quam

185 865 340 953 gaudere,
364 863 450 952 quod
472 865 622 929 viverem.
680 868 710 929 2.
734 866 932 949 Quamquam
955 862 1038 927 enim
1061 864 1145 929 nulla
1167 884 1218 928 me
1240 864 1343 950 ipsum
1366 867 1511 952 privatim

184 958 306 1048 pepulit
327 958 458 1043 insignis
479 957 595 1022 iniuria
617 979 676 1022 nec
696 958 773 1022 mibi
795 956 966 1043 quidquam
988 957 1043 1022 tali
1064 967 1208 1044 tompore
1229 958 1411 1026 inmcntem
1429 962 1512 1026 venit

187 1060 316 1139 optare,
349 1052 435 1140 quod
471 1073 535 1118 non
567 1052 652 1117 ultro
684 1050 762 1116 mibi
790 1055 906 1117 Caesar
928 1050 1092 1117 detulerit:
1115 1062 1219 1117 tamen
1241 1052 1446 1119 nibilominus
1467 1055 1512 1119 eis

71 1198 73 1202 .
183 1145 336 1213 conficior
357 1146 458 1220 curis,
480 1153 516 1210 ut
536 1145 656 1230 ipsum,
680 1143 765 1231 quod
786 1166 929 1209 maneam
951 1146 983 1210 in
1004 1145 1085 1220 vita,
1106 1166 1238 1231 peccare
1254 1167 1304 1210 mc
1326 1145 1512 1212 existimem.

147 1267 174 1309 11
184 1245 285 1308 Careo
307 1240 390 1305 enim
413 1260 484 1304 cnm
506 1237 755 1303 familiarissimis
778 1239 899 1314 multis,
922 1261 1003 1325 quos
1024 1251 1078 1305 aut
1100 1263 1186 1306 mors
1208 1240 1324 1326 eripuit
1346 1238 1438 1304 nobis
1460 1250 1513 1305 aut

183 1334 330 1401 distraxit
350 1334 441 1419 fuga,
470 1344 536 1398 tum
559 1332 706 1398 omnibus
728 1330 855 1406 amicis,
872 1352 1020 1418 quorum
1051 1331 1302 1399 benevolentiam
1324 1333 1416 1400 nobis
1437 1356 1511 1400 con·

182 1427 305 1493 ciliarat
331 1447 390 1513 per
424 1446 475 1491 me
503 1426 661 1513 qnondam
689 1435 721 1490 te
747 1425 840 1517 'socio
869 1424 999 1491 defensa
1026 1447 1078 1491 res
1107 1426 1248 1512 publica,
1285 1448 1460 1514 versorque
1482 1428 1512 1492 in

182 1543 294 1588 eorum
327 1519 498 1605 naufragiis
533 1529 574 1585 ct.
594 1519 753 1585 bonorum
781 1517 1029 1603 direptionibus;
1066 1540 1125 1584 nec
1153 1520 1249 1586 audio
1271 1520 1390 1596 solum,
1426 1522 1513 1608 quod

182 1615 286 1702 ipsum
308 1618 391 1679 esset
411 1613 578 1687 miserum,
615 1613 670 1678 sed
692 1613 785 1678 etiam
807 1611 841 1677 id
862 1612 931 1698 ipsc
952 1612 1068 1688 video,
1092 1635 1156 1701 quo
1177 1614 1255 1679 nibil
1278 1624 1324 1678 est
1345 1614 1513 1687 acerbius,

147 1730 295 1775 meorum
316 1706 458 1772 fortunas
478 1705 640 1792 dissipari,
668 1705 784 1792 quibus
816 1727 874 1771 nos
904 1707 981 1773 olim
1010 1707 1208 1774 adiutoribus
1235 1707 1313 1773 illud
1334 1708 1514 1773 incendium

183 1801 406 1878 exstinximus;
429 1810 477 1877 et,
500 1800 532 1865 in
554 1823 616 1888 qua
637 1799 718 1865 urbe
739 1800 836 1866 modo
851 1803 967 1884 gratia,
990 1803 1191 1876 anctoritate,
1214 1802 1315 1887 gloria
1336 1801 1513 1877 lloruimus,

182 1896 216 1962 in
244 1917 282 1961 ca
310 1916 392 1961 nunc
421 1895 469 1961 bis
497 1895 625 1981 quidem
654 1893 802 1960 omnibus
831 1916 984 1962 caremus.
1043 1896 1228 1962 Obtinemus
1248 1896 1349 1981 ipsius
1371 1899 1514 1963 Caesaris

182 2011 338 2056 summam
359 2009 435 2074 erga
456 2010 513 2054 nos
535 1989 773 2065 humanitatem
795 1988 851 2054 sod
866 2011 902 2053 ea
926 1989 996 2075 plus
1010 2012 1073 2056 non
1095 2000 1198 2076 potest
1219 2011 1313 2076 quam
1335 1991 1514 2056 1111111111-

183 2083 259 2149 tatio
281 2082 421 2148 omnium
443 2103 551 2147 rerum
573 2091 667 2170 atque
695 2090 884 2167 temporum.
927 2088 957 2148 3.
981 2088 1088 2170 ltaque
1110 2083 1209 2150 orbus
1230 2083 1269 2148 iis
1291 2082 1389 2148 robus
1411 2084 1514 2148 omni-

144 2177 262 2250 aobus,
294 2175 410 2263 quibus
431 2187 463 2241 et
484 2187 595 2241 natura
618 2198 668 2241 me
690 2187 722 2242 et
750 2177 895 2242 voluntas
921 2185 952 2242 et
972 2179 1168 2244 consuetudo
1190 2179 1419 2251 assuefecerat,
1440 2197 1513 2242 cum

181 2272 313 2342 ceteris,
335 2280 371 2336 nt
392 2270 520 2357 quidem
542 2271 668 2344 videor,
690 2280 757 2336 tum
779 2271 856 2336 mibi
871 2271 938 2357 ipse
953 2271 1115 2357 displiceo.
1158 2277 1253 2337 Natus
1268 2274 1352 2336 enim
1367 2270 1514 2355 adagen-

182 2366 257 2432 dum
278 2386 405 2451 semper
425 2365 544 2452 aliquid
565 2364 694 2450 dignum
716 2365 808 2439 viro,
831 2386 914 2430 nunc
938 2387 1001 2431 non
1023 2367 1119 2433 modo
1141 2365 1254 2452 agendi
1276 2365 1432 2430 rationem
1444 2365 1513 2429 nul·

181 2461 244 2527 lam
264 2458 382 2534 babeo,
414 2458 470 2525 sed
491 2480 531 2523 nc
553 2458 711 2544 cogitandi
733 2458 880 2545 quidem;
903 2467 952 2533 ot,
979 2460 1033 2545 qui
1056 2472 1146 2526 antea
1168 2469 1222 2524 aut
1243 2458 1389 2524 obscuris
1411 2458 1515 2523 bomi-

181 2553 274 2618 nibus
295 2561 350 2618 aut
371 2551 465 2617 edam
487 2550 630 2617 sontibus
642 2551 793 2636 opitulari
808 2563 967 2637 poteram,
991 2575 1074 2618 nunc
1089 2559 1122 2620 P.
1138 2553 1278 2638 Nigidio,
1300 2551 1354 2618 uni
1370 2552 1515 2618 omnium

144 2645 361 2712 asdoctissimo
383 2653 415 2710 et
436 2645 630 2711 sanctissimo
652 2656 684 2710 et
711 2646 849 2711 maxima
870 2647 1030 2732 quondam
1050 2648 1152 2733 gratia
1172 2656 1206 2712 et
1227 2647 1303 2712 mihi
1325 2655 1413 2711 certo
1434 2645 1514 2713 ami·

181 2739 323 2813 cissimo,
356 2760 396 2803 ne
424 2737 559 2824 benigne
590 2738 717 2826 quidem
748 2739 894 2825 polliceri
913 2761 1053 2825 possum.
1107 2746 1193 2826 Ergo
1215 2740 1276 2805 boc
1298 2750 1443 2826 ereptum
1465 2748 1513 2804 est

181 2833 369 2898 litterarum·
385 2852 495 2917 genus.
549 2835 580 2898 d.
611 2833 778 2919 Reliquum
800 2842 863 2909 est,
897 2844 933 2899 nt
960 2834 1108 2899 consoler
1136 2843 1168 2900 et
1196 2833 1325 2899 afferam
1352 2833 1513 2907 rationes,

182 2924 297 3013 quibus
319 2935 387 2991 tea
409 2925 563 2991 molestiis
584 2946 682 2990 coner
703 2924 873 2991 abducere.
913 2931 953 2991 At
975 2947 1012 2991 ca
1033 2928 1162 3013 quidem
1183 2926 1315 2992 facultas
1328 2926 1380 2993 vel
1397 2925 1444 2992 tui
1460 2927 1511 2992 vol

181 3019 311 3085 alterius
331 3019 513 3085 consolandi
530 3020 563 3084 in
584 3027 615 3084 te
637 3039 759 3084 summa
781 3027 845 3093 est,
868 3019 896 3084 si
916 3042 1054 3108 unquam
1076 3021 1109 3086 in
1126 3021 1192 3087 ullo
1209 3021 1278 3088 init.
1321 3025 1513 3107 ltaqucoam

144 3121 320 3198 apartem,
343 3132 425 3197 quac
447 3111 487 3177 ab
510 3112 667 3198 exquisita
688 3111 822 3199 quadam
844 3113 967 3179 ratione
989 3124 1022 3180 et
1041 3115 1185 3181 doctrina
1206 3114 1425 3202 proficiscitur,
1448 3135 1513 3179 uon

180 3204 349 3290 attingam3
371 3204 429 3269 tibi
450 3213 548 3271 totam
569 3205 755 3291 relinquam.
789 3206 874 3284 Quid
889 3207 929 3273 sit
940 3208 1015 3275 lorti
1031 3219 1063 3276 et
1074 3209 1206 3296 sapienti
1225 3208 1353 3274 bomine
1371 3209 1512 3294 dignum,

181 3298 256 3386 quid
278 3299 432 3384 gravitas,
455 3299 532 3386 quid
553 3299 684 3365 altitudo
705 3299 822 3374 animi,
845 3301 920 3387 quid
942 3312 1011 3368 acta
1026 3305 1181 3378 marita,
1204 3301 1280 3390 quid
1300 3301 1418 3375 studia,
1434 3300 1513 3388 quid

180 3402 281 3464 artes,
304 3391 419 3478 quibus
440 3414 459 3457 a
480 3393 615 3478 pueritia
636 3392 788 3471 floruisti,
817 3406 886 3461 ate
908 3395 1063 3482 flagitent,
1086 3407 1120 3463 tn
1140 3396 1273 3463 videbis.
1316 3399 1402 3479 Ego,
1426 3393 1512 3480 quod

180 3481 355 3569 intelligere
377 3494 409 3550 et
430 3487 562 3562 sentire,
585 3488 658 3574 quia
681 3510 751 3554 sum
773 3495 891 3555 Romae
914 3499 946 3556 et
967 3491 1040 3578 quia
1055 3513 1133 3557 curo
1149 3489 1348 3576 attendoque,
1371 3508 1510 3573 possum.

143 3578 213 3643 aoid
235 3577 292 3643 tibi
314 3579 452 3646 affirmo:
487 3590 517 3646 te
540 3581 571 3646 in
603 3581 671 3647 istis
700 3582 869 3658 molestiis,
901 3583 933 3647 in
962 3583 1077 3672 quibus
1106 3606 1140 3650 es
1170 3585 1230 3649 boc
1250 3593 1414 3669 tempore,
1448 3602 1511 3646 non

181 3671 300 3736 diutius
322 3673 480 3754 luturum;
503 3674 534 3739 in
557 3675 595 3740 iis
616 3686 738 3749 autem,
760 3675 793 3740 iu
814 3674 929 3761 quibus
944 3676 1040 3742 etiam
1053 3699 1112 3743 nos
1127 3699 1251 3751 sumus,
1274 3675 1408 3742 sortasse
1429 3695 1512 3740 sem·

180 3785 239 3852 per
259 3764 340 3832 lore.
383 3773 413 3833 5.
435 3767 556 3834 Videor
576 3769 653 3834 mibi
673 3769 856 3856 perspicere
876 3769 1016 3855 primum
1038 3771 1138 3858 ipsius
1159 3772 1314 3845 animum,
1337 3770 1392 3856 qni
1414 3766 1512 3855 pluri·

182 3881 268 3925 mum
291 3869 415 3946 potest,
437 3880 632 3949 propensum
653 3861 693 3927 ad
716 3863 846 3928 salntem
869 3873 966 3929 tuam.
992 3869 1062 3930 Non
1075 3864 1181 3931 scribo
1197 3863 1256 3929 boc
1275 3871 1404 3928 temere.
1438 3863 1511 3938 Quo

181 3953 285 4019 minus
308 3954 468 4020 familiaris
490 3977 576 4029 snm,
614 3956 675 4022 boc
696 3977 766 4022 sum
788 3955 829 4020 ad
849 3955 1099 4043 investigandum
1121 3946 1289 4024 curiosior.
1343 3958 1416 4034 Quo
1437 3951 1513 4017 faci-

144 4047 259 4121 mlius,
287 4047 401 4134 quibus
424 4058 471 4112 est
492 4048 619 4123 iratior,
641 4047 836 4135 respondere
856 4049 979 4116 tristius
994 4056 1111 4138 possit,
1134 4051 1195 4116 boc
1209 4058 1256 4114 est
1272 4047 1375 4119 adbuc
1392 4043 1513 4110 tardior

182 4142 223 4207 ad
244 4149 275 4207 te
297 4142 442 4208 molestia
463 4141 673 4208 liberandum.
716 4143 897 4209 Familiares
917 4165 998 4210 vero
1019 4145 1104 4221 eius,
1127 4154 1159 4210 et
1179 4144 1204 4210 ii
1225 4142 1369 4230 quidem,
1391 4139 1445 4225 qui
1465 4138 1511 4203 illi

182 4235 400 4303 iucundissimi
432 4247 521 4310 sunt,
550 4237 737 4303 mirabiliter
765 4238 807 4303 de
835 4247 867 4303 te
893 4245 925 4302 ct
950 4239 1123 4326 loquuntur
1144 4249 1176 4305 et
1197 4236 1344 4304 sentiunt.
1367 4232 1513 4305 ,Accedit

182 4329 294 4395 codem
323 4330 410 4415 vulgi
438 4330 582 4396 voluntas
603 4331 654 4397 rel
675 4330 781 4415 polius
803 4351 974 4398 consensus
996 4333 1147 4399 omnium.
1201 4332 1304 4397 Etiam
1325 4330 1395 4404 illa,
1430 4347 1512 4412 quac

181 4423 346 4489 minimum
383 4444 465 4488 nunc
497 4423 624 4511 quidem
656 4430 783 4510 potest,
820 4423 877 4489 sed
905 4425 1005 4510 possit
1035 4447 1163 4491 necesse
1184 4433 1248 4498 est,
1285 4442 1338 4488 res
1370 4417 1511 4507 publica.

186 4629 189 4634 ·
252 4614 278 4663 3.
300 4613 433 4676 Quidbl:
460 4615 536 4676 Quod
554 4615 584 4665 ll.
617 4639 648 4651 -
684 4615 712 4666 4.
732 4616 850 4666 odiretur
866 4615 905 4666 bl.
934 4640 965 4652 -
1002 4616 1159 4678 1111111111
1179 4614 1338 4665 Lambinus.
1368 4633 1399 4647 -
1434 4610 1512 4661 i-ut

182 4685 229 4734 loc
245 4686 329 4746 ipsum
347 4684 398 4732 Vb.
433 4683 488 4734 Cir.
509 4685 588 4735 lland
607 4685 642 4734 ad
661 4684 762 4748 Wopk.
783 4700 810 4749 p.
829 4684 891 4736 391.
923 4711 956 4722 -
1001 4685 1045 4737 rt.
1065 4687 1146 4736 atium
1163 4686 1192 4735 td
1208 4687 1264 4749 lpas
1280 4684 1356 4733 oidao
1373 4679 1511 4731 0111111111

183 4757 261 4804 nium
279 4755 309 4803 dc
327 4755 412 4816 iprum
429 4755 503 4804 uideo
523 4755 568 4815 M,
587 4757 667 4805 11111111
685 4756 760 4804 video
781 4755 811 4805 li.
842 4781 869 4791 -
909 4755 953 4805 tr.
973 4756 1013 4805 1111
1031 4755 1177 4807 11111111.
1206 4779 1237 4790 -
1274 4754 1319 4805 18.
1338 4753 1456 4816 quumvis
1473 4757 1511 4801 111

183 4824 349 4875 1111111111.
372 4847 402 4859 -
438 4825 483 4875 25.
502 4827 593 4889 pratia
611 4831 637 4876 11
653 4825 717 4876 midi
734 4824 783 4875 tt:
803 4827 912 4890 pratia,
930 4826 994 4875 111111·
1013 4826 1044 4876 ll.
1064 4847 1097 4864 -
1122 4825 1167 4875 26.
1185 4825 1284 4887 possim
1302 4823 1340 4874 11.
1361 4846 1392 4857 -
1417 4820 1511 4870 11111

184 4893 341 4949 1111111111
359 4894 516 4946 Lambinus.
540 4918 569 4931 -
606 4894 651 4945 87.
669 4896 744 4945 111111
762 4895 799 4945 lt.
819 4921 851 4933 —
887 4894 1059 4946 4111111111
1078 4895 1225 4958 respublica
1241 4894 1280 4945 Ι.
