3256 5400
587 258 660 320 ΗΒ.
682 257 719 320 ll.
762 258 820 320 ΕΡ.
845 252 936 319 loli.
968 257 1015 319 ld.
1404 258 1461 320 stt

148 423 312 502 Nunquam
334 412 393 478 tuit
413 432 479 498 par.
536 411 614 479 ldib.
637 414 743 491 Quint.
764 413 854 477 lenus
875 412 934 476 luit
955 447 995 459 -
1017 416 1037 477 S
1062 448 1099 459 -
1122 434 1163 477 ox
1184 442 1222 474 =
1243 439 1301 486 τε,
1331 413 1466 478 coitione

148 508 307 582 Memmii,
342 508 433 587 †est
453 527 517 593 quo
538 527 608 572 cum
630 507 787 580 Domitio,
817 505 897 570 lianc
917 509 1052 571 Scaurus
1074 528 1170 571 unum
1191 507 1328 572 vincere.
1384 511 1465 572 Mes·

150 604 214 670 sala
235 601 351 667 flaccet.
403 604 471 664 Non
493 599 564 665 dico
585 601 784 687 ὑπερβολάςτ
814 600 862 665 vel
884 601 954 664 HS.
975 599 1091 664 centies
1112 601 1302 665 constituunt
1323 599 1355 664 in
1375 621 1468 686 prae·

149 696 290 781 rogativa
316 693 530 781 pronuntiare.
579 699 640 759 Res
668 695 757 759 ardet
784 693 910 759 invidia.
953 692 1125 760 tribunicii
1147 693 1300 758 candidati
1321 714 1464 778 compro-

147 791 316 862 miserunt,
339 790 409 854 its
431 788 595 875 quingenis
615 787 648 852 in
669 788 808 872 singulos
829 787 913 872 apud
934 792 975 853 tt.
997 791 1146 853 Catonem
1168 785 1335 872 depositis,
1357 799 1488 872 petere,

147 885 216 950 cius
245 882 414 956 arbitratu,
446 892 498 956 ut,
533 881 586 966 qui
612 893 720 947 contra
748 881 886 956 lecisset,
918 879 958 945 ab
980 901 1020 944 eo
1048 879 1320 946 condemnaretur.
1377 883 1464 958 Quae

147 976 274 1064 quidem
295 975 418 1041 comitia
439 975 466 1041 si
487 975 619 1060 gratuita
649 976 783 1048 luerint,
816 986 851 1040 ut
872 983 1037 1061 putantur,
1068 973 1137 1059 plns
1167 994 1246 1038 nnus
1268 978 1343 1040 Cato
1369 974 1465 1041 luerit

147 1091 241 1156 quam
263 1091 371 1135 omnes
391 1070 476 1154 leges
498 1090 667 1155 omnesque
689 1068 817 1134 iudices.

609 1211 689 1273 nu.
732 1211 784 1284 (A.
811 1213 842 1274 c.
868 1213 898 1273 c.
922 1211 1011 1288 τοο.)

586 1334 739 1396 MARCUS
763 1332 801 1406 Q.
823 1334 965 1395 FRATRI
987 1331 1018 1392 S.
1477 1359 1501 1394 ιιι

233 1448 260 1507 t.
284 1448 360 1509 Cum
382 1464 401 1507 a
421 1463 472 1506 me
501 1442 618 1507 litteras
647 1440 766 1507 librarii
795 1462 888 1505 manu
910 1441 1082 1524 acceperis,
1111 1462 1150 1504 ne
1172 1440 1308 1526 paullum
1336 1462 1385 1506 me
1407 1443 1463 1507 otii

147 1537 292 1602 hahuisse
314 1535 466 1613 iudicato;
495 1556 567 1601 cum
597 1547 699 1601 autem
728 1556 812 1608 mea,
843 1533 991 1619 paullum.
1048 1533 1099 1597 Sic
1126 1537 1208 1597 enim
1236 1531 1363 1607 habeto,
1385 1556 1464 1600 nun-

145 1652 239 1716 quam
269 1650 320 1692 me
342 1651 359 1692 a
381 1629 482 1693 causis
511 1639 541 1694 et
573 1628 695 1693 iudiciis
726 1628 946 1693 districtiorem
976 1625 1090 1702 luisse,
1122 1638 1214 1715 atque
1242 1627 1273 1693 id
1294 1629 1365 1693 anni
1387 1638 1464 1693 tem-

146 1745 224 1810 pore
245 1722 430 1806 gravissimo
456 1732 486 1786 et
507 1721 664 1787 caloribus
686 1719 838 1786 maximis.
882 1719 942 1784 Sed
964 1720 1054 1794 haec,
1084 1723 1229 1808 quoniam
1257 1731 1290 1788 tu
1312 1728 1353 1789 ita
1374 1743 1464 1809 prae-

146 1815 271 1889 scribis,
293 1813 422 1879 lerenda
451 1823 536 1888 sunt,
566 1835 668 1901 neque
696 1813 965 1890 committendum,
992 1823 1028 1880 ut
1047 1825 1101 1880 aut
1121 1820 1186 1903 spei
1209 1825 1262 1880 ant
1282 1817 1462 1902 cogitationi
1474 1843 1499 1880 ss

145 1920 268 1974 vestrae
307 1929 367 1993 ego
404 1908 512 1972 videar
551 1906 707 1987 defuisse;
743 1907 926 1995 praesertim
958 1928 1052 1983 cum,
1090 1909 1211 1974 tametsi
1246 1909 1276 1974 id
1310 1910 1462 1976 difficilius

145 2003 259 2078 luerit,
294 2013 395 2066 tamen
425 2022 463 2066 ex
494 2001 553 2066 hoc
584 2000 692 2067 labore
720 2022 863 2087 magnam
890 2001 1020 2086 gratiam
1049 2021 1254 2088 magnamque
1282 2002 1461 2088 dignitatem

145 2098 204 2163 sim
233 2098 427 2162 collecturus.
477 2100 600 2180 ltaque,
633 2105 669 2161 ut
696 2094 752 2161 tibi
772 2095 887 2181 placet,
920 2094 1030 2160 damus
1051 2116 1194 2181 operam,
1227 2118 1266 2161 ne
1287 2097 1375 2163 cuins
1396 2103 1462 2163 ani-

145 2212 231 2255 mum
252 2188 446 2255 offendamus
467 2198 560 2275 atque
581 2199 617 2255 ut
638 2190 730 2255 etiam
752 2189 792 2255 ab
812 2189 852 2254 iis
874 2188 964 2276 ipsis,
991 2189 1044 2274 qui
1067 2209 1124 2254 nos
1145 2209 1216 2253 cum
1238 2193 1370 2256 Caesare
1398 2201 1460 2257 tarn

144 2285 327 2351 coniunctos
356 2282 479 2358 dolent,
514 2282 700 2369 diligamur,
736 2281 774 2347 ab
802 2283 910 2369 aequis
926 2302 1019 2348 ,vero
1051 2291 1104 2346 ant
1131 2283 1223 2347 etiam
1251 2303 1269 2347 a
1297 2285 1461 2371 propensis
1469 2309 1498 2347 ss

144 2377 178 2443 in
210 2377 289 2441 hanc
319 2388 438 2461 partem
471 2376 672 2442 vehementer
705 2387 737 2442 et
767 2377 908 2443 colamur
933 2383 965 2440 et
992 2396 1144 2440 amemur.
1200 2379 1230 2440 2.
1263 2379 1308 2441 Dc
1340 2376 1460 2444 ambitu

144 2491 216 2537 cum
243 2470 435 2535 atrocissime
463 2481 611 2555 ageretur
637 2472 669 2536 in
699 2482 807 2537 senatu
836 2470 950 2548 multos
975 2468 1060 2543 dies,
1093 2469 1178 2555 quod
1206 2469 1248 2534 ita
1278 2481 1366 2537 erant
1386 2493 1461 2558 pro-

144 2565 244 2651 gressi
268 2563 424 2628 candidati
452 2565 647 2640 consulares,
675 2576 710 2632 ut
738 2586 800 2630 non
823 2572 904 2628 esset
926 2561 1105 2627 serendum:
1137 2561 1170 2626 in
1191 2573 1300 2629 senatu
1320 2585 1384 2630 non
1404 2564 1460 2631 tut.
1490 2622 1491 2626 ,

145 2657 243 2724 statui
270 2657 309 2722 ad
331 2656 445 2723 nnllam
467 2658 651 2724 medicinam
672 2660 720 2725 rei
741 2658 883 2747 publicae
904 2656 971 2721 sine
992 2674 1105 2739 magno
1126 2655 1283 2742 praesidio
1303 2657 1460 2727 accedere.

144 2757 174 2817 3.
191 2755 262 2829 Quo
283 2750 334 2816 dic
355 2750 432 2815 haec
453 2751 578 2837 scripsi,
600 2759 722 2819 Drusus
743 2762 810 2817 erat
830 2750 869 2816 de
890 2749 1157 2836 praevaricatione
1178 2770 1195 2814 a
1218 2750 1351 2817 tribunis
1371 2775 1497 2818 aera-ss

144 2847 200 2911 riis
227 2844 403 2920 absolutus,
434 2845 465 2910 in
487 2867 623 2922 summa,
645 2855 792 2934 quattuor
813 2843 986 2916 sententiis,
1015 2863 1085 2906 cum
1107 2852 1267 2910 senatores
1289 2856 1319 2911 et
1341 2851 1460 2932 equites

145 2940 349 3005 damnassent
401 2943 469 3025 Ego
490 2940 602 3006 eodem
625 2941 675 3006 die
695 2949 766 3025 post
786 2936 950 3003 meridiem
971 2936 1128 3001 Vatinium
1155 2958 1241 3002 eram
1264 2938 1459 3005 defensurus.

144 3039 188 3100 lia
215 3055 267 3099 res
287 3033 385 3098 facilis
406 3044 463 3100 est.
513 3034 644 3101 Comitia
665 3035 697 3099 in
719 3054 856 3098 mensem
879 3035 963 3118 Sept.
984 3029 1099 3095 reiecta
1120 3040 1201 3096 sunt.
1250 3033 1360 3098 Scauri
1380 3033 1459 3099 iudi-

143 3130 225 3195 cium
254 3128 357 3193 statim
385 3128 599 3207 exercebitur;
632 3130 682 3194 cui
710 3149 767 3193 uos
797 3148 860 3191 non
889 3125 1056 3190 deerimus.
1106 3127 1320 3203 Συνδείπνους
1344 3129 1457 3210 Σοφο-

144 3223 266 3290 κλέους,
295 3234 483 3299 quamquam
504 3235 523 3277 a
544 3221 574 3278 te
602 3222 701 3277 actam
729 3210 870 3277 labellum
892 3207 985 3274 video
1012 3229 1081 3273 esse
1103 3209 1226 3284 festive,
1255 3211 1341 3277 nullo
1362 3212 1492 3283 modona

142 3305 283 3394 probavi.
340 3310 370 3371 d.
393 3307 494 3372 Venio
516 3326 598 3370 nunc
618 3306 657 3371 ad
680 3305 727 3380 id,
762 3304 847 3390 quod
868 3303 974 3369 nescio
995 3324 1034 3367 an
1055 3304 1190 3388 primum
1214 3326 1282 3370 esse
1304 3305 1457 3372 debuerit.

143 3401 342 3467 Oiucundas
369 3400 446 3465 milri
474 3412 543 3467 tuas
573 3400 612 3466 de
634 3399 790 3465 Britannia
818 3398 949 3463 litteras!
993 3396 1151 3463 Timeham
1174 3401 1346 3474 Oceanum,
1370 3401 1459 3466 time-

142 3493 214 3559 bam
236 3494 308 3559 litus
330 3493 459 3559 insulae.
502 3493 631 3581 Reliqua
652 3513 714 3557 non
737 3491 881 3577 equidem
902 3501 1084 3564 contemno,
1106 3493 1160 3556 sed
1182 3493 1252 3580 plus
1279 3492 1394 3559 hahent
1414 3503 1458 3558 ta·

142 3608 213 3652 men
233 3587 301 3672 spei
324 3608 416 3675 quam
437 3586 574 3661 timoris,
597 3584 758 3671 magisque
780 3606 849 3649 sum
870 3584 1020 3650 sollicitus
1045 3588 1276 3673 exspectatione
1299 3608 1335 3651 ea
1363 3608 1456 3674 quam

142 3689 236 3746 metu.
285 3687 328 3745 Te
357 3702 433 3747 vero
462 3683 618 3746 incusam
645 3678 801 3744 scribendi
828 3680 984 3764 egregiam
1013 3680 1128 3747 habere
1156 3680 1257 3747 video.
1308 3681 1395 3757 Quos
1423 3689 1494 3748 iuss

141 3774 233 3847 situs,
262 3796 340 3861 quas
361 3785 486 3841 naturas
508 3795 615 3839 rerum
636 3782 668 3837 et
688 3772 845 3845 locorum,
873 3793 952 3857 quos
974 3796 1101 3850 mores,
1132 3797 1209 3862 quas
1230 3782 1351 3858 gentes,
1380 3793 1458 3858 quas

211 3939 235 3987 t.
257 3939 307 4002 [uit
327 3940 418 4001 paridi
441 3939 485 4001 qni
508 3952 540 3987 ne
565 3944 654 3986 tantus
678 3937 730 3999 suit
748 3934 808 3983 titt.
856 3933 1013 3983 Emendasit
1032 3934 1173 3984 Victorius.
1202 3961 1230 3970 —
1268 3935 1342 3984 Notis
1360 3935 1456 3985 Roma-

142 4020 192 4056 nae
210 4008 231 4056 Ζ
247 4021 280 4056 en
297 4009 330 4067 Ζ,
351 4008 509 4058 Victorianis
528 4007 567 4057 SZ
583 4021 616 4056 en
634 4006 687 4065 ΖΖ,
707 4003 871 4054 Ernestianis
889 4003 931 4051 ΖΖ
947 4016 980 4052 sar
1001 4004 1021 4052 Ζ
1039 4010 1183 4067 praeeunte
1203 4003 1337 4055 Gronorio
1357 4003 1454 4064 (Olus.

141 4077 174 4134 l,
193 4077 219 4126 9.
243 4091 269 4139 p.
289 4077 363 4141 dio.)
400 4078 558 4128 Volusianus
581 4076 781 4131 substituimus;
810 4073 978 4136 significant:
997 4073 1107 4124 bessibus
1126 4077 1277 4124 nutriente.
1297 4101 1329 4110 -
1365 4076 1392 4124 Ω.
1410 4090 1460 4126 sne·

141 4148 206 4194 mini
224 4161 263 4209 pr.
284 4145 320 4198 Μ.
350 4172 378 4182 -
416 4156 451 4198 est
470 4144 702 4213 ···tlnccetM:
722 4152 773 4195 est:
792 4157 917 4208 quocum
935 4143 1049 4193 Domitia
1065 4145 1158 4194 nubent
1176 4146 1288 4195 siam
1305 4159 1385 4195 unum
1402 4149 1457 4195 cin·

141 4230 195 4266 cere
212 4217 334 4267 Messalla
350 4218 422 4284 {teret
443 4219 481 4276 R,
501 4218 628 4271 Memmii,
649 4229 727 4279 quum
744 4228 800 4264 cunr
820 4214 935 4262 Domitio
952 4213 1041 4263 nninit
1061 4216 1187 4276 Scuunu,
1211 4231 1290 4266 unum
1307 4217 1407 4265 vinem
1426 4216 1456 4265 li.

142 4283 217 4348 (por.
238 4288 385 4350 Quintanas
405 4290 456 4351 {nit
475 4287 607 4350 (spatium
632 4284 763 4347 vacuum)
782 4285 862 4334 Ennii
879 4298 930 4346 qao
947 4297 1004 4332 cum
1030 4285 1144 4335 Domitio
1167 4287 1234 4337 lianc
1250 4286 1362 4336 Senonas
1378 4300 1459 4335 unum

140 4359 265 4406 vincerem
288 4357 426 4408 Marcium
449 4357 525 4423 nuces
544 4357 564 4405 l.
609 4356 756 4419 Quintanas
779 4355 859 4404 etiam
879 4352 906 4403 it
925 4366 1005 4417 supra
1024 4352 1163 4418 versum.)
1184 4380 1215 4391 -
1251 4357 1277 4407 ³·
1296 4350 1460 4425 ὑπερβολάς

140 4425 208 4476 itit:
240 4421 436 4496 ὑπερβολικῶς
462 4427 505 4477 itt.
528 4453 554 4462 -
593 4427 784 4476 constituerunt
810 4424 841 4475 n.
874 4446 902 4460 -
946 4426 974 4473 in
998 4427 1214 4489 praerogativum
1244 4427 1391 4476 Ernestius.
1426 4452 1452 4464 -

140 4495 166 4544 5.
186 4493 338 4560 quingenis]
364 4512 461 4562 qcum
486 4495 584 4546 lineola
604 4496 647 4556 lt,
678 4510 745 4560 quos
763 4495 793 4555 1,
819 4508 874 4543 om.
895 4495 926 4544 n.
960 4515 991 4530 -
1026 4494 1052 4544 d·
1072 4509 1185 4560 quosque
1209 4496 1315 4547 consiliu
1340 4496 1391 4547 tit.
1425 4520 1453 4532 -

139 4565 165 4613 7.
185 4568 208 4615 si
225 4569 344 4630 grutuita
361 4567 441 4618 mur:
460 4569 580 4633 gratuitu
596 4567 619 4614 si
638 4566 668 4616 ll.
688 4590 716 4602 -
753 4560 843 4630 luent]
860 4567 974 4627 potuerit
992 4565 1120 4615 Faernus·
1144 4568 1214 4617 Fort.
1233 4569 1337 4617 iuuerit.
1357 4567 1453 4615 01.-

141 4635 183 4684 tt.
203 4636 275 4686 Fort.
294 4650 325 4685 ne
340 4639 459 4700 paudum
476 4638 578 4701 quidem
596 4649 645 4686 nse.
681 4635 732 4686 On.
753 4661 784 4670 -
810 4648 851 4683 ms
869 4636 917 4683 otii
934 4634 1001 4684 nili:
1022 4637 1070 4684 otii
1086 4650 1126 4686 nan
1145 4637 1187 4687 tn.
1210 4661 1241 4672 -
1278 4638 1320 4686 tu.
1337 4635 1454 4698 pnauom

140 4717 203 4753 curn
223 4705 298 4755 libris
316 4707 368 4756 iti:
388 4709 487 4757 nultum
506 4721 567 4756 cum
587 4705 655 4756 tino
674 4704 704 4754 tt.
725 4732 757 4740 -
794 4703 837 4753 tt.
855 4703 991 4767 peremtis
1010 4705 1053 4755 Rl.
1074 4729 1102 4741 -
1134 4707 1177 4757 to.
1196 4721 1271 4766 cuns,
1288 4708 1312 4755 si
1329 4704 1401 4757 Mitt.
1422 4730 1454 4738 —

141 4775 182 4824 19.
203 4775 242 4824 tis
260 4776 282 4826 l.
303 4799 333 4811 -
370 4777 413 4826 et.
432 4775 754 4827 vetsnmiermotamur
772 4773 846 4824 mut.
882 4773 1041 4826 Emendavit
1058 4776 1204 4827 Manutius.
1225 4801 1256 4812 -
1292 4776 1335 4825 25·
1355 4776 1456 4824 marii

141 4842 215 4894 tint.
236 4864 275 4882 ’-
318 4846 361 4981 2⁴³1
386 4861 458 4898 crunt
485 4846 648 4896 Lambinus:
676 4846 784 4895 cdernm
809 4856 871 4894 cum
895 4843 970 4895 libris
996 4845 1064 4897 uiti.
1110 4845 1321 4911 (corugendum
1351 4844 1455 4896 videtur

140 4927 221 4965 nrum.
259 4915 327 4969 Ean.
