3256 5400
595 270 669 333 LlB.
690 271 728 335 V.
770 270 830 332 BP.
851 270 903 332 211.
1346 269 1409 331 183

94 444 208 498 tamur.
251 426 345 507 Quod
366 447 417 492 me
437 426 573 492 mamme
600 425 735 491 bortaris
760 434 792 490 et
819 423 905 512 quod
927 424 1025 511 pluris
1047 431 1095 489 est
1115 443 1209 509 quam
1230 423 1355 498 omnia,
1378 426 1409 490 in

96 546 159 612 qno
187 521 329 597 laboras,
357 531 393 586 ut
423 521 515 586 etiam
537 519 689 604 Ligurino
716 519 818 603 μώμῳ
839 517 1077 583 satisfaciamus:
1108 521 1243 591 moriar,
1273 522 1299 583 si
1321 519 1412 604 quid-

96 638 188 704 quam
220 614 289 680 lieri
318 623 420 701 potest
451 613 632 698 elegantius.
684 616 746 676 Nec
768 611 830 676 iam
851 611 1010 696 egobaue
1030 611 1251 677 continentiam
1272 613 1410 698 appello,

96 733 176 799 quae
198 710 295 775 virtus
325 708 474 795 voluptati
501 707 649 772 resistere
677 705 812 771 videtur.
853 709 921 789 Ego
943 706 974 769 in
996 711 1058 771 vite
1080 727 1147 770 mea
1169 705 1252 770 uulla
1273 728 1410 794 uuquam

97 805 255 889 voluptate
286 812 368 868 tante
395 824 464 868 sum
493 800 639 872 allectus,
668 808 782 886 quauta
810 798 927 863 affidor
955 798 1012 864 bac
1042 798 1229 885 integritate.
1277 805 1341 867 Nec
1361 814 1434 868 me⁵

97 909 160 963 tam
189 898 284 970 lama,
318 917 397 982 quae
426 915 547 961 summa
576 903 637 966 cst,
670 914 764 979 quam
792 913 844 957 res
873 891 939 977 ipen
960 892 1100 962 delectat.
1161 899 1246 977 Quid
1267 897 1413 985 quaeris?

96 992 167 1058 Fuit
188 990 278 1066 tauti;
312 1010 362 1053 me
384 989 449 1074 ipse
472 1009 534 1053 uou
556 1008 683 1060 uoram,
717 1007 774 1051 uec
794 986 867 1050 satis
889 985 1043 1059 sciebam,
1067 990 1142 1074 quid
1163 992 1196 1056 iu
1217 992 1277 1057 boc
1298 1010 1413 1076 genere

98 1088 202 1151 lacere
233 1104 372 1169 possem;
401 1091 485 1146 recte
508 1093 727 1169 πεᾳυσίωμαι.
776 1079 858 1144 Nihil
879 1090 926 1144 est
947 1081 1145 1164 praeclarius.
1189 1090 1315 1150 Interim
1338 1084 1414 1148 baec

100 1181 244 1264 λαμπρά.
287 1173 512 1240 Ariobarzanes
534 1195 630 1258 opera
653 1195 720 1237 mea
742 1173 835 1245 vivit,
866 1181 984 1257 regnat.
1031 1177 1087 1241 ’Er
1109 1180 1258 1265 παρόδῳ,
1282 1178 1413 1243 consilio

100 1284 130 1337 et
152 1271 333 1336 auctoritate
355 1279 386 1333 et
407 1268 492 1354 quod
514 1265 747 1332 insidiatoribus
768 1266 836 1330 eius
857 1266 1038 1351 ἀπρόσιτον
1060 1291 1120 1345 me,
1143 1293 1205 1336 uon
1220 1273 1313 1338 ruodo
1329 1275 1451 1337 ἁδανῑθ

100 1368 276 1448 (reddamur
298 1361 443 1448 praebui,
465 1382 570 1446 regem
594 1380 787 1445 regnumque
808 1365 941 1425 servavi.
983 1365 1105 1429 Interea
1125 1385 1144 1429 e
1167 1366 1358 1451 Cappadocia
1374 1385 1412 1428 ne

101 1460 200 1545 pilum
221 1457 357 1544 quidem.
381 1488 420 1499 -
462 1461 592 1521 Brutum
613 1453 788 1525 abiectum,
825 1464 972 1539 quantum
994 1456 1099 1540 potui,
1138 1460 1286 1532 excitavi,
1319 1479 1414 1545 quem

101 1576 163 1618 nou
185 1552 286 1618 minus
307 1571 379 1615 aruo
401 1571 493 1635 quam
516 1559 565 1620 tu,
587 1544 685 1634 paene
707 1545 793 1619 dixi,
823 1568 917 1632 quam
939 1556 979 1612 te.
1002 1585 1042 1596 -
1084 1556 1185 1638 Atque
1207 1554 1298 1618 etiam
1320 1573 1415 1638 spero

102 1657 167 1711 toto
199 1666 279 1709 anno
307 1644 430 1729 imperii
464 1641 563 1708 nostri
590 1639 761 1705 teruncium
790 1652 930 1726 sumptus
957 1639 989 1705 in
1016 1644 1177 1727 provincia
1197 1647 1315 1712 nullum
1336 1647 1416 1716 lore.

102 1745 132 1804 7.
155 1738 257 1804 Habes
286 1738 399 1803 omnia.
442 1741 528 1801 Nunc
556 1733 678 1820 publice
700 1733 817 1798 litteras
838 1738 967 1798 Romam
988 1737 1113 1802 mittere
1134 1738 1292 1824 parabam.
1336 1738 1452 1805 Ube-rs

101 1834 201 1898 riores
224 1841 328 1906 erunt,
352 1829 486 1917 quamsi
505 1834 678 1893 extruauo
698 1827 861 1892 misissem.
903 1834 942 1891 At
965 1838 994 1892 te
1016 1834 1133 1896 Romae
1154 1855 1216 1899 nou
1238 1832 1322 1898 lorel
1354 1831 1415 1897 Sed

103 1937 149 1991 est
177 1936 293 2001 totum,
322 1923 406 2011 quod
433 1923 499 1989 Kal.
532 1922 621 1987 Mart.
658 1921 797 1986 luturum
830 1929 886 1985 est
929 1926 1052 1988 Vereor
1073 1925 1171 2000 enim,
1205 1949 1260 2001 ne,
1282 1948 1353 1993 cum
1375 1926 1415 1991 de

104 2018 265 2106 provincia
288 2028 414 2102 agetur,
436 2016 462 2082 si
485 2020 598 2082 Caesar
619 2015 758 2088 resistet,
781 2036 838 2079 nos
852 2019 1052 2083 retineamur.
1096 2019 1152 2084 llis
1173 2031 1207 2086 tu
1228 2026 1254 2086 si
1274 2020 1416 2093 adesses.

104 2111 180 2178 nibil
216 2111 367 2174 timerem.
418 2113 447 2175 8.
470 2108 576 2176 Redeo
604 2107 643 2173 ad
671 2107 804 2174 urbana:
841 2129 920 2194 quae
949 2129 1008 2194 ego
1038 2110 1092 2178 din
1120 2118 1266 2198 ignorans
1294 2136 1334 2179 ex
1357 2114 1417 2179 tuis

107 2203 335 2270 iucundissimis
371 2202 480 2268 litteris
509 2225 536 2268 a.
568 2203 598 2270 d.
622 2223 653 2268 v.
681 2201 748 2269 llal.
769 2205 833 2266 lau.
855 2200 991 2287 denique
1013 2207 1156 2289 cognovi.
1207 2213 1266 2272 Eas
1287 2208 1455 2292 diligen-so

110 2296 225 2363 tissime
253 2295 454 2382 Philogenes,
476 2295 606 2361 libertus
629 2306 717 2371 tuus,
740 2298 858 2360 curavit
878 2295 1029 2382 perlonga
1051 2308 1082 2363 et
1103 2320 1166 2365 nou
1186 2301 1258 2366 satis
1281 2312 1345 2367 tuta
1370 2300 1421 2366 ria

107 2388 318 2476 perferendas.
384 2393 459 2454 Nam
488 2411 564 2474 quas
591 2389 697 2455 Laeuii
726 2393 831 2475 pueris
857 2387 968 2454 scribis
1002 2390 1102 2467 datas,
1136 2414 1199 2459 nou
1227 2415 1417 2481 acceperam.

107 2483 241 2549 lucnude
263 2483 301 2548 de
332 2487 463 2548 Caesare
485 2492 516 2548 et
537 2503 617 2569 quac
639 2492 762 2547 senatus
783 2481 922 2547 decrevit
943 2493 974 2547 et
995 2506 1075 2570 quae
1097 2495 1131 2550 tn
1152 2508 1275 2572 speras;
1305 2485 1419 2573 quibus

107 2579 157 2644 ille
179 2577 206 2642 si
228 2576 324 2652 cedit,
360 2576 438 2641 salvi
459 2599 576 2642 sumus.
632 2574 779 2641 lucendio
807 2574 1004 2641 Plaetoriano
1032 2578 1117 2662 quod
1143 2582 1232 2645 Seius
1260 2578 1420 2645 ambustus

107 2682 166 2759 est,
204 2671 304 2736 miuus
332 2671 461 2737 moleste
489 2671 567 2737 lero.
632 2667 780 2734 Lucceius
810 2666 849 2732 de
878 2670 916 2746 Ο.
943 2669 1049 2735 Cassio
1077 2692 1134 2737 cur
1161 2683 1223 2737 tam
1254 2664 1456 2738 vehemensas

107 2767 200 2831 luerit
228 2773 258 2828 et
287 2764 360 2851 quid
392 2774 492 2829 actum
514 2765 571 2839 sit,
601 2784 679 2828 areu
700 2762 791 2826 scire.
833 2765 864 2826 9.
885 2766 965 2847 Ego,
990 2783 1060 2828 cum
1082 2765 1265 2831 Laodiceam
1287 2786 1419 2838 seuero,

108 2858 240 2937 Quinto,
279 2863 398 2923 sororis
429 2869 498 2923 tuae
524 2858 602 2932 lilio,
639 2868 742 2941 togam
766 2876 875 2940 puram
898 2854 1011 2922 iubeor
1032 2857 1122 2936 dare;
1160 2859 1211 2925 cui
1233 2857 1422 2932 moderabor

108 2953 298 3037 diligentius.
347 2952 528 3027 Deiotarus,
564 2952 652 3017 cuins
686 2948 811 3014 auxiliis
846 2949 964 3035 maguis
996 2973 1071 3017 usus
1096 2974 1181 3027 sum,
1218 2953 1257 3019 nd
1287 2974 1352 3028 me,
1389 2962 1423 3018 ut

108 3045 246 3132 scripsit,
279 3067 349 3110 cum
372 3043 574 3111 Ciceronibus
595 3043 780 3109 Laodiceam
803 3053 951 3110 venturus
973 3054 1050 3111 erat.
1093 3052 1174 3112 Tuas
1195 3047 1289 3112 etiam
1310 3046 1422 3132 Epiro-

109 3141 183 3205 ticas
212 3150 358 3225 exspecto
387 3139 519 3214 litteras,
554 3147 588 3204 ut
619 3137 749 3203 babeam
780 3141 934 3204 rationem
963 3160 1026 3204 uon
1055 3140 1150 3206 modo
1171 3141 1289 3225 negotii
1311 3160 1421 3206 verum
1431 3153 1459 3196 ³⁰

110 3233 202 3298 etiam
223 3233 279 3297 otii
307 3233 362 3298 tui.
389 3232 523 3298 Nicanor
544 3232 577 3297 iu
598 3231 699 3298 officio
721 3239 769 3296 est
793 3240 825 3295 et
845 3252 863 3294 a
885 3253 933 3296 me
948 3231 1118 3300 liberaliter
1132 3245 1296 3312 tractatur;
1319 3254 1421 3320 quem,

109 3336 144 3390 nt
166 3336 255 3412 puto,
278 3333 407 3394 Romam
430 3348 500 3392 cum
521 3326 634 3391 litteris
656 3322 786 3411 publicis
809 3324 941 3399 mittam,
964 3335 1050 3390 utet
1071 3327 1249 3412 diligentius
1263 3326 1423 3413 perieran-

111 3429 162 3484 tur
184 3429 215 3484 et
235 3418 318 3485 idem
334 3419 371 3484 ad
394 3441 444 3483 me
466 3430 550 3486 certa
577 3420 615 3485 de
637 3430 667 3484 te
689 3428 720 3484 et
740 3440 758 3481 a
780 3428 810 3482 te
832 3417 958 3483 rclerat,
1000 3420 1106 3486 Alexis
1127 3421 1211 3506 quod
1234 3421 1309 3485 mibi
1332 3425 1424 3485 toties

111 3513 240 3578 salutem
278 3512 439 3587 adscribit,
477 3525 523 3580 est
550 3525 681 3598 gratum.
738 3511 800 3577 Sed
832 3532 889 3576 eur
917 3533 979 3576 uon
1005 3513 1069 3578 suis
1097 3513 1208 3579 litteris
1229 3514 1312 3579 idern
1334 3514 1422 3586 lacit,

112 3604 197 3692 quod
226 3627 313 3670 mens
345 3607 385 3672 ad
418 3618 448 3673 tc
473 3607 579 3674 Alexis
609 3606 702 3672 lacit?
743 3606 869 3671 l’bemio
895 3607 1058 3691 quaeritur
1090 3623 1197 3692 saper.
1247 3608 1311 3673 Sed
1345 3608 1461 3673 baec⁸⁵

182 3816 207 3864 1.
226 3812 261 3877 et]
280 3821 309 3864 ut
328 3815 360 3865 u.
381 3839 412 3850 -
448 3815 475 3865 2.
494 3813 600 3884 iryupqi
624 3829 680 3864 τινι
698 3809 791 3880 pepp
809 3812 977 3862 Schuetzlus.
1001 3835 1028 3846 -
1065 3815 1256 3877 satisfaciemus
1272 3816 1329 3867 tss:
1348 3820 1426 3868 totta·

112 3887 208 3950 focium
226 3884 279 3933 1111.
314 3910 341 3921 -
382 3885 408 3934 3.
426 3885 523 3946 poterit
542 3884 564 3933 1.
590 3909 612 3920 -
652 3879 716 3944 ium]
736 3890 790 3931 tum
808 3881 877 3942 1111,
902 3890 990 3931 tumen
1009 3882 1030 3932 1.
1068 3882 1259 3943 (Emendatum
1280 3887 1373 3940 eald
1393 3910 1423 3922 -

114 3957 140 4006 ’1.
159 3956 207 4006 Fui
225 3955 273 4003 Pio
291 3961 400 4004 auctore
418 3953 467 4003 Vb.
487 3977 517 3988 -
549 3953 575 4002 8.
593 3955 677 4018 soene
695 3952 779 4002 deleri
799 3952 871 4001 lubet
888 3966 943 4014 mg.
964 3952 1088 4027 Repetitt.
1109 3953 1201 4004 Lamb.
1221 3980 1253 3993 -
1288 3957 1335 4005 bos
1356 3957 1425 4019 (spa-

114 4027 180 4076 tium
200 4025 324 4084 vacuum)
341 4024 530 4074 Ariobarzanen
547 4024 580 4073 u.
602 4047 629 4058 -
668 4024 710 4073 to.
730 4019 954 4092 ἀδωροδόκητον
972 4036 1026 4072 oru-
1045 4023 1119 4074 11111.
1139 4026 1173 4084 (11
1190 4025 1255 4076 Cod.
1277 4026 1315 4075 ln.
1330 4027 1425 4076 Lemo·

114 4097 157 4145 lae
177 4097 277 4159 primus
296 4092 513 4157 inseruitPius.)
533 4116 564 4129 -
590 4095 633 4144 11.
653 4091 675 4156 a]
694 4108 712 4142 u
731 4093 806 4141 ll.—
845 4093 887 4142 12.
905 4091 1012 4154 pilleum
1030 4093 1147 4143 11111-
1186 4095 1228 4146 13.
1246 4096 1328 4159 Atque
1346 4099 1426 4147 etium

115 4168 227 4230 --sore
244 4166 393 4229 Malaspiur
418 4171 526 4215 auctore
554 4170 613 4228 post
636 4178 679 4214 vr.
703 4176 735 4212 aa
755 4162 839 4225 pilum
863 4164 964 4226 quidem
990 4165 1154 4225 transposuit
1181 4172 1239 4226 post
1262 4165 1424 4216 Lambinum

117 4237 146 4286 11.
167 4262 197 4272 -
235 4236 459 4299 11.ρτουιήοιάηι
477 4233 516 4286 11.
538 4260 565 4271 -
604 4234 647 4284 15.
665 4235 767 4284 ramniu
786 4246 826 4295 pr·
844 4232 882 4283 11.
905 4256 932 4266 -
969 4233 1085 4293 publicos
1103 4240 1132 4283 ut
1148 4231 1177 4294 1.
1197 4236 1223 4286 t.
1242 4236 1354 4286 decens.
1375 4245 1426 4286 ter·

116 4307 162 4355 tia.
181 4327 215 4340 -
250 4305 292 4354 to.
312 4301 400 4369 quam]
418 4303 537 4370 quutlli.
558 4328 590 4340 —-
624 4303 773 4353 ArML-
800 4302 842 4352 17.
861 4303 924 4367 quid
940 4301 1001 4352 Mu.
1027 4325 1052 4334 -
1081 4303 1281 4363 111]εὲ111·-
1304 4307 1346 4357 lS.
1367 4320 1426 4371 ope·

117 4373 249 4433 rarus-tt,
275 4375 468 4438 911111111-
505 4375 540 4423 lia
559 4375 590 4424 11.
612 4398 640 4412 -
678 4375 702 4422 ti
719 4379 748 4421 tu
766 4372 787 4422 1.
810 4395 837 4407 ·-
876 4374 918 4422 19.
937 4386 1057 4434 epoom.
1077 4374 1109 4423 u.
1131 4397 1161 4408 -
1180 4372 1222 4437 eal
1241 4383 1265 4424 et
1285 4391 1325 4439 pr.
1343 4377 1426 4427 bl.-

117 4448 161 4495 22.
193 4445 283 4494 Loculi
310 4444 492 4495 bentivoliusz
519 4445 592 4494 Lenis·
620 4443 688 4504 1111,
716 4443 805 4493 Lamus·
833 4443 854 4492 l.
888 4466 915 4477 -
953 4443 996 4491 23.
1036 4441 1151 4493 lucendo
1176 4443 1298 4496 Ernestio
1317 4454 1427 4496 auctore

119 4514 334 4566 Selinusium-
382 4515 426 4565 21.
443 4517 614 4578 praetoriano
642 4514 664 4563 1.
692 4535 721 4547 -
758 4513 833 4561 Laius
856 4513 964 4561 adustus
989 4512 1060 4573 Mu,
1092 4514 1154 4563 teuit
1171 4515 1280 4564 udurma
1298 4516 1320 4566 1.
1353 4515 1427 4578 (Cor-

119 4587 186 4636 rexit
209 4585 367 4643 Ernestius.)
390 4607 416 4618 -
454 4584 498 4634 21.
517 4580 591 4645 uoco]
610 4583 690 4633 buben
716 4597 756 4645 pr.
776 4582 813 4632 11.
832 4609 860 4619 -
880 4583 923 4632 27.
945 4583 1035 4631 ciuem
1056 4584 1120 4633 dure
1144 4584 1184 4642 u,
1215 4585 1304 4635 iubebo
1321 4587 1385 4634 dure
1405 4587 1427 4633 1.

120 4656 164 4719 (Ut
183 4669 246 4713 nus,
272 4651 299 4702 11
317 4661 344 4703 et
361 4668 415 4718 ung.
435 4653 597 4714 Cratandril
633 4679 660 4689 -
699 4652 745 4702 28.
763 4653 901 4702 Deiotarus
919 4666 973 4700 om·
993 4652 1067 4701 11111.
1114 4652 1325 4714 (ilabebatZet
1344 4658 1429 4704 inser·

120 4734 176 4776 tum
195 4731 235 4774 est
252 4724 305 4772 um
324 4738 338 4771 r
359 4724 421 4784 Pio,
442 4726 541 4775 omisso
559 4720 731 4788 dilipentt'us.)
751 4746 780 4759 -
817 4723 859 4772 22.
879 4718 969 4783 etium]
990 4724 1058 4772 enim
1078 4724 1108 4781 1,
1126 4737 1181 4772 om.
1202 4725 1233 4773 u.
1256 4749 1283 4761 -
1321 4728 1428 4786 epiroti-

120 4811 163 4846 cur
190 4810 230 4858 pr.
253 4793 292 4844 11.
321 4817 351 4829 -
400 4795 444 4846 35.
471 4795 584 4846 Plumae
617 4792 691 4843 MRl.
741 4788 871 4854 (Comerit
897 4791 1052 4857 Victorius.)
1078 4816 1109 4831 ··
1158 4792 1251 4844 KL'PA
1273 4795 1316 4853 11,
1346 4810 1429 4866 espa·

121 4881 176 4917 στα
196 4867 226 4915 lt.
