3256 5400
181 241 225 303 40
613 234 889 300 celeremue
909 237 963 299 Al)
983 235 1076 299 sau.

183 407 250 461 tem
271 396 410 482 mihique
432 394 597 481 inprimis
624 391 813 480 probatum,
848 392 1035 466 Antonium,
1057 391 1250 478 praelectum
1277 400 1505 466 evocatorum,

182 489 254 554 misi
276 489 316 553 ad
337 500 384 562 te,
414 488 482 563 cui,
515 487 542 552 si
563 486 622 553 tibi
643 486 820 560 videretur,
852 484 998 551 cohortes
1020 484 1176 561 traderes,
1199 494 1251 560 ut,
1286 485 1361 551 dum
1382 486 1507 571 tempus

182 583 256 647 anni
276 590 358 652 esset
379 580 548 654 idoneum,
578 579 698 666 aliquid
721 579 840 664 negotii
865 598 977 663 gerere
1001 599 1137 664 possem.
1191 577 1229 644 ln
1251 599 1332 665 quo,
1354 590 1411 645 tuo
1432 599 1508 645 eou-

183 675 255 741 silio
275 685 311 741 ut
331 696 382 739 me
403 695 564 760 sperarem
585 695 655 740 esse
683 694 838 746 usurum,
870 683 902 737 et
931 670 1067 736 amicitia
1096 681 1203 737 nostra
1232 681 1263 737 et
1289 671 1412 738 litterae
1434 682 1507 739 tuas

158 770 336 846 sleeerant;
358 766 445 854 qnod
465 789 505 831 ne
520 789 604 832 nunc
623 766 751 854 quidem
773 766 918 852 despero.
962 766 1024 833 Sed
1042 767 1150 852 plane,
1181 765 1310 852 quando
1332 775 1386 832 aut
1402 765 1459 832 ubi
1475 777 1507 832 te

182 863 308 928 visurus
326 862 403 938 sim,
425 862 485 926 nisi
506 861 546 926 ad
567 883 619 926 me
635 861 814 947 scripseris,
837 881 878 925 ne
889 860 1041 946 suspicari
1059 859 1186 946 quidem
1203 880 1341 945 possum.
1384 864 1416 924 6.
1428 864 1506 944 ligo,

181 964 217 1021 nt
236 977 287 1020 me
308 954 366 1020 tibi
388 955 611 1020 amicissimum
632 977 701 1020 esse
723 964 754 1019 et
775 955 868 1041 aequi
896 964 928 1019 et
959 953 1060 1040 iniqui
1081 954 1270 1039 intelligant,
1302 951 1437 1018 curabo:
1466 953 1506 1018 de

181 1059 236 1114 tuo
257 1049 292 1113 in
312 1071 363 1114 me
385 1049 492 1114 anime
513 1049 629 1135 iniquis
650 1069 741 1113 secus
763 1048 962 1113 existimandi
978 1048 1096 1114 sideris
1117 1047 1259 1113 nonniliil
1280 1047 1343 1112 loci
1364 1045 1505 1123 dedisse:

181 1141 215 1206 id
235 1142 262 1207 si
276 1143 473 1218 correxeris,
496 1142 572 1207 mibi
587 1141 677 1207 valde
693 1150 816 1226 gratum
839 1141 908 1206 erit.
951 1145 1007 1214 Et,
1029 1149 1064 1205 nt
1086 1139 1202 1206 babere
1222 1140 1376 1205 rationem
1392 1140 1505 1227 possis,

146 1256 245 1321 aequo
269 1236 342 1301 leco
372 1258 424 1301 me
457 1237 541 1302 salva
572 1236 640 1321 lege
675 1234 820 1301 Cornelia
852 1234 1041 1307 convenias,
1077 1255 1138 1319 ego
1159 1234 1192 1300 iu
1212 1234 1407 1319 provinciam
1433 1235 1506 1300 veni

181 1329 285 1415 pridie
311 1329 464 1395 Kalendas
485 1330 639 1407 Sextiles3
661 1329 724 1393 iter
745 1328 778 1392 in
800 1327 939 1393 Ciliciam
954 1328 1037 1394 facio
1058 1348 1117 1413 per
1133 1327 1382 1415 Cappadociam
1404 1336 1507 1392 eastra

180 1422 266 1488 movi
287 1422 327 1487 ab
351 1425 458 1488 leonio
477 1424 580 1509 pridie
608 1423 762 1490 Kalendas
786 1421 997 1507 Septembres.
1050 1427 1138 1487 Nunc
1160 1431 1194 1487 tu
1219 1432 1250 1487 et
1274 1442 1315 1486 ex
1341 1420 1453 1487 diebm
1474 1429 1507 1486 et

181 1537 223 1581 ex
244 1519 367 1581 ratione
388 1517 527 1591 itineris,
550 1517 576 1583 si
606 1516 729 1603 putabis
759 1537 810 1580 me
832 1537 901 1580 esse
923 1517 1190 1593 conveniendum,
1219 1516 1405 1590 constitues,
1440 1533 1507 1600 quo

181 1610 252 1676 loco
274 1610 308 1675 id
321 1611 576 1677 commodissime
598 1610 667 1675 fieri
689 1611 789 1698 possit
810 1620 842 1675 et
863 1632 927 1698 quo
949 1611 1011 1675 die.
1494 1612 1497 1616 ’

146 1780 171 1822 a
320 1842 324 1849 ι
656 1754 720 1816 ur.
763 1751 811 1836 (a.
838 1755 870 1816 e.
893 1755 925 1816 e.
947 1751 1032 1836 ree.)

569 1866 711 1931 elenae
735 1869 766 1930 s
787 1869 824 1930 n.
847 1867 906 1930 ae.
927 1866 1120 1930 renense.

267 1990 295 2050 t.
317 1984 464 2051 Pluribus
486 1984 592 2050 verbis
617 1986 657 2050 ad
678 1997 709 2051 te
735 1984 887 2059 scribam,
909 2005 981 2049 eum
1004 1984 1073 2070 plus
1096 1983 1154 2049 otii
1176 1993 1284 2050 nactus
1310 2005 1379 2050 ere.
1421 1987 1507 2048 llaec

181 2078 293 2164 scripsi
308 2077 430 2150 subite,
453 2098 525 2143 cum
544 2078 634 2143 Bruti
651 2078 744 2164 pueri
763 2077 936 2142 Laodiceae
958 2098 1009 2141 me
1030 2076 1251 2142 convenissent
1264 2086 1296 2143 et
1318 2097 1353 2143 se
1375 2081 1508 2142 Romam

180 2192 355 2259 properare
375 2171 537 2239 dixissent
580 2176 689 2259 ltaque
710 2172 811 2237 nullas
833 2172 872 2236 iis
894 2179 1113 2257 praeterquam
1136 2169 1176 2235 ad
1202 2179 1233 2235 te
1258 2182 1289 2236 et
1312 2169 1352 2236 ad
1372 2175 1507 2235 Brutum

143 2287 171 2331 se
182 2265 253 2333 dedi
270 2265 412 2333 litteras.
455 2271 486 2332 2.
507 2266 618 2351 Legati
642 2265 776 2352 Appiani
804 2265 882 2332 mibi
906 2265 1053 2330 volumen
1086 2285 1106 2328 a
1135 2272 1166 2329 te
1205 2265 1332 2350 plenum
1356 2262 1507 2350 querelae

180 2357 642 2518 ilngqnissimasseadreddideppnt,
664 2358 753 2516 qnpd¹
771 2356 1156 2516 eorthaaedilipatiouem
1177 2357 1290 2465 litteris
1313 2356 1392 2423 meis
1407 2357 1507 2463 impe·

230 2472 306 2518 sem.
428 2474 480 2518 em
505 2474 546 2520 au
577 2473 609 2518 m
641 2471 868 2537 esseapee
911 2474 943 2525 s,
977 2473 1000 2516 u
1033 2471 1089 2516 eos
1111 2471 1383 2537 quamprimum,
1411 2469 1508 2515 uem

181 2544 318 2611 hiemem
337 2546 528 2620 inciderent,
553 2546 603 2611 ad
625 2473 803 2612 indultatem
825 2544 1008 2609 aedificandi
1029 2543 1218 2620 liberarem
1252 2551 1285 2608 et
1301 2543 1394 2608 simul
1415 2563 1509 2630 pera-

180 2649 251 2703 cute
279 2638 473 2725 querebare,
510 2638 597 2725 quod
621 2658 678 2703 eos
712 2636 828 2702 tributa
854 2637 984 2722 exigere
1008 2647 1147 2702 vetarem
1167 2638 1257 2724 prius
1275 2659 1370 2723 ιιιιιιιι
1390 2658 1451 2723 ego
1470 2656 1509 2703 re

56 2755 58 2758 ’
142 2729 305 2815 ecegnie
327 2731 556 2816 permisissem:
593 2752 692 2817 genus
712 2731 797 2796 euim
820 2730 978 2817 quoddam
996 2730 1093 2796 luisse
1110 2732 1316 2818 impediendi,
1352 2753 1423 2796 casm
1445 2751 1508 2816 ego

181 2845 373 2909 cognoscere
393 2847 458 2891 non
480 2846 624 2913 possem,
657 2824 717 2891 uisi
738 2845 810 2891 cnm
832 2824 873 2889 ad
890 2824 1026 2889 biemem
1042 2846 1094 2890 me
1113 2847 1155 2892 ex
1177 2825 1286 2893 Cilicia
1304 2825 1507 2912 recepissem.

181 2921 212 2983 3.
234 2917 281 2983 Ad
302 2918 407 2983 omnia
433 2919 562 3004 accipe,
591 2927 623 2984 et
639 2938 794 3003 cognosce
818 2919 1006 3005 aequitatem
1032 2919 1293 3006 expostulationis
1314 2928 1395 2984 tuae.
1439 2918 1508 2983 ert-

182 3030 285 3085 mnm,
308 3012 440 3078 eumad
462 3035 513 3078 me
536 3012 656 3078 aditum
680 3021 763 3078 esset
789 3011 830 3077 ab
857 3013 913 3087 iis,
954 3012 1009 3099 qui
1031 3012 1173 3077 dicerent
1192 3034 1211 3077 a
1235 3033 1269 3077 se
1296 3011 1507 3078 intolerabilia

182 3101 300 3170 tributa
319 3103 421 3191 exigi:
444 3107 521 3193 quid
536 3106 647 3173 babuit
660 3106 836 3194 iniquitatis
856 3128 907 3171 me
922 3106 1082 3183 scribere,
1105 3128 1144 3171 ne
1163 3106 1303 3171 lacerent
1324 3117 1398 3171 ante
1412 3125 1507 3192 quam

143 3217 243 3283 aoege
266 3219 336 3263 rem
351 3220 539 3287 causamque
561 3206 769 3285 cognossem?
791 3204 860 3266 Nou
877 3212 1037 3287 poteram,
1059 3199 1173 3274 crede,
1195 3208 1266 3264 ante
1287 3198 1439 3275 biemem;
1461 3197 1507 3264 sic

181 3293 266 3359 enim
296 3292 420 3360 scribis.
462 3292 561 3371 Quasi
591 3315 670 3359 vero
702 3294 742 3359 ad
773 3295 1025 3379 cognoscendum
1050 3314 1111 3379 ego
1132 3293 1171 3359 ad
1201 3293 1290 3367 illos,
1314 3314 1377 3359 neu
1399 3292 1445 3358 illi
1467 3289 1507 3356 ad

181 3406 232 3452 me
246 3387 357 3452 venire
370 3386 548 3454 debuerint
591 3394 668 3455 Tam
687 3388 804 3474 longet
827 3389 943 3475 inquis.
987 3388 1094 3467 Quid?
1115 3409 1187 3453 cum
1203 3386 1299 3453 dabas
1316 3388 1356 3453 iis
1377 3387 1506 3461 litteras,

179 3500 238 3566 per
261 3501 339 3566 quas
366 3502 489 3547 mecum
509 3482 646 3568 agebas,
680 3504 720 3548 ne
742 3504 798 3548 eos
823 3482 1025 3569 impedirem,
1056 3503 1121 3569 quo
1142 3482 1245 3547 minus
1278 3491 1348 3546 ante
1370 3481 1507 3547 hiemem

180 3571 396 3646 aedificarent,
429 3596 493 3640 non
511 3597 567 3642 ees
588 3575 629 3640 ad
650 3596 701 3639 me
721 3585 872 3641 venturos
900 3574 1122 3640 arbitrabare?
1158 3575 1295 3640 Tametsi
1321 3574 1353 3640 id
1378 3573 1507 3661 quidem

143 3664 324 3731 refecerunt
342 3666 490 3745 ridicule;
523 3691 600 3756 quas
622 3670 706 3735 enim
726 3669 845 3735 litteras
869 3668 1057 3741 afferebant,
1088 3679 1125 3733 ut
1151 3690 1231 3755 opus
1255 3679 1373 3735 aestate
1401 3668 1507 3733 lacere

123 3767 126 3774 ’
180 3769 323 3844 possent,
346 3781 399 3825 eas
420 3761 497 3826 mihi
516 3770 587 3848 post
607 3761 751 3827 brumam
774 3763 989 3829 reddiderunt.
1044 3763 1105 3828 Sed
1128 3764 1206 3828 scite
1229 3773 1262 3827 et
1279 3762 1379 3828 multo
1399 3763 1507 3848 plures

181 3872 270 3926 esse,
292 3852 347 3939 qui
384 3853 423 3918 de
448 3853 574 3920 tributis
599 3865 763 3929 recusent,
787 3878 881 3943 ᾳιιιιιιι
906 3858 960 3945 qui
985 3857 1069 3942 exigi
1097 3858 1207 3933 velint;
1239 3868 1270 3922 et
1298 3877 1349 3920 me
1382 3864 1506 3929 umen,

181 3943 267 4031 qnod
291 3954 322 4010 te
340 3946 421 4012 velle
440 3947 637 4024 existimem,
667 3970 738 4014 esse
763 3949 928 4016 iacturum.
979 3956 1025 4015 lte
1050 3952 1199 4037 Appianis
1225 3951 1384 4016 hactenus.
1427 3953 1459 4015 4.
1481 3954 1507 4015 Α

181 4038 351 4114 Pausania,
374 4041 498 4107 Lentuli
519 4041 654 4117 liberto,
677 4063 809 4108 accenso
834 4064 926 4117 meo,
949 4045 1070 4119 andivi,
1093 4066 1164 4109 cum
1190 4044 1325 4119 diceret,
1350 4052 1380 4109 te
1399 4063 1508 4109 secum
1614 4066 1618 4075 ⁴

143 4151 252 4195 ecesse
267 4143 428 4219 questum,
451 4135 537 4221 qued
561 4134 619 4201 tibi
645 4135 772 4202 obviam
793 4159 856 4202 non
883 4138 1070 4224 prodissem.
1114 4139 1239 4204 Scilicet
1259 4135 1433 4223 contempsi
1458 4145 1508 4210 te,

181 4246 241 4290 uec
262 4235 364 4310 potest
385 4226 456 4292 lieri
476 4249 527 4293 me
549 4229 721 4315 quidquam
743 4230 928 4316 superbiusl
966 4237 1043 4298 Cum
1057 4252 1136 4318 puer
1158 4242 1231 4298 tuus
1247 4231 1287 4297 ad
1301 4252 1353 4295 me
1371 4229 1508 4297 secunda

181 4317 249 4382 lere
284 4318 392 4403 vigilia
422 4320 558 4386 venisset
590 4320 679 4408 isque
701 4331 732 4387 te
753 4332 824 4387 ante
847 4325 948 4390 lucem
969 4326 1110 4391 leonium
1133 4326 1210 4392 mibi
1238 4336 1406 4392 venturum
1427 4344 1509 4389 nun·

182 4409 302 4483 tiasset,
326 4412 560 4500 incertumque,
582 4424 653 4480 utra
675 4416 741 4489 via,
765 4438 835 4481 cum
851 4427 954 4482 essent
969 4419 1067 4485 duae:
1090 4421 1188 4485 altera
1203 4426 1395 4492 Varronem,
1419 4427 1508 4483 tuum

183 4504 476 4582 familiarissimum,
506 4510 605 4575 altera
628 4514 667 4588 Q.
689 4515 833 4598 Leptam,
862 4511 1054 4596 praelectum
1076 4512 1201 4578 fabrum
1223 4534 1346 4585 meum,
1370 4509 1429 4576 tibi
1451 4509 1509 4575 eb-

145 4597 266 4664 assiam
282 4600 370 4666 misi.
413 4602 558 4670 blandesi
586 4604 715 4691 utrique
742 4625 869 4680 eorum,
908 4615 944 4671 ut
972 4615 1043 4670 ante
1070 4605 1187 4671 adme
1217 4611 1441 4676 excurrerent,
1473 4609 1509 4668 ut

252 4820 278 4868 l.
299 4818 442 4868 amenum
458 4828 615 4886 corruptum
634 4824 740 4874 stdetnr
758 4837 783 4873 v.
798 4837 823 4872 c.
837 4837 868 4874 es
881 4825 913 4874 Δ.
929 4824 1051 4874 Noctem.
1071 4823 1122 4875 Οι.
1144 4851 1171 4861 -
1194 4825 1222 4874 2.
1241 4825 1345 4874 uidetur
1362 4834 1404 4886 pr.
1423 4819 1461 4872 lt.
1477 4843 1506 4856 ·

185 4885 227 4938 ¹8.
247 4888 380 4940 taudtcm
397 4886 434 4941 lt.
455 4914 486 4927 -
521 4892 567 4944 ee.
588 4907 689 4958 ponem
706 4906 761 4944 om.
781 4893 819 4945 bl·
845 4919 870 4930 -
909 4893 953 4946 dd.
972 4894 1107 4958 alteroque
1124 4895 1233 4960 Leptam
1251 4894 1281 4944 e.

203 4984 215 5009 0
