3256 5400
606 208 879 279 EPISTOLARUM
901 214 953 277 tn
975 215 1066 279 Fan.

690 691 841 754 munla
870 691 980 756 xm.

357 916 435 989 Al)
475 911 520 992 C.
563 912 869 990 MEMMIUM
907 912 984 989 ΕΤ
1021 909 1316 992 CETEROS.

665 1226 1005 1313 amnem)

548 1356 590 1417 n.
612 1352 754 1417 ucnno
777 1353 867 1416 sn.
890 1353 923 1416 c.
944 1351 1118 1417 manno,

179 1492 208 1554 1.
251 1466 333 1553 Eut
358 1503 424 1553 nnn
452 1482 525 1547 satis
553 1480 630 1545 mihi
659 1484 858 1556 constiterat,
893 1501 966 1547 cum
987 1480 1131 1568 aliquane
1153 1480 1248 1549 animi
1269 1481 1332 1546 mei
1355 1482 1499 1551 molestia

177 1603 216 1648 an
236 1584 341 1667 potius
362 1576 508 1642 lubenter
528 1586 558 1641 te
580 1574 706 1641 Athenis
727 1574 852 1640 visurus
874 1595 989 1649 essem,
1022 1574 1109 1661 qnod
1130 1574 1262 1650 iniuria,
1295 1597 1389 1663 quam
1411 1598 1500 1643 acce-

154 1675 265 1764 spisti,
303 1672 413 1739 dolore
441 1691 492 1737 me
514 1670 666 1744 afficeret,
702 1667 851 1754 sapientia
873 1677 945 1743 tua,
982 1689 1043 1755 qua
1072 1667 1136 1733 lere
1156 1669 1323 1745 iniuriam,
1360 1670 1495 1737 laetitia:

177 1778 280 1835 tannen
301 1764 417 1831 vidisse
438 1774 468 1829 te
490 1763 624 1828 mallem.
681 1765 773 1836 Nan,
811 1760 896 1849 qnod
924 1770 972 1828 est
1001 1762 1179 1836 molestiae,
1216 1784 1280 1829 non
1301 1784 1377 1829 sane
1399 1764 1499 1830 multo

176 1860 276 1927 levius
297 1869 359 1932 eat,
381 1879 452 1924 cum
474 1867 505 1921 te
526 1877 589 1921 non
610 1853 720 1932 video;
748 1855 835 1941 qnod
856 1875 925 1920 esse
946 1854 1049 1940 potuit
1069 1856 1256 1943 voluptatis,
1279 1865 1381 1932 certe,
1402 1862 1429 1922 si
1452 1857 1500 1923 vi·

176 1952 291 2019 dissem
314 1961 364 2025 te,
386 1942 456 2037 plus
478 1949 596 2016 fuisset
638 1953 745 2035 ltaque
764 1969 828 2014 non
843 1946 992 2014 dubitabo
1010 1949 1086 2014 dare
1100 1969 1248 2035 operam,
1270 1959 1306 2016 nt
1320 1960 1350 2015 ta
1365 1951 1499 2025 videam,

177 2067 249 2114 cum
270 2044 303 2115 id
324 2048 398 2111 satis
419 2042 583 2110 commode
609 2041 713 2107 lacere
735 2051 858 2127 potero.
909 2047 1047 2118 Interea,
1069 2042 1155 2129 qnod
1176 2063 1235 2130 par
1256 2043 1375 2110 litteras
1396 2053 1428 2110 at
1448 2045 1500 2130 agi

142 2149 280 2208 tetecum
302 2148 348 2213 et,
370 2147 406 2204 ut
425 2137 582 2212 arbitror,
604 2134 714 2201 confici
735 2144 854 2220 potest,
877 2155 977 2221 agam.
1021 2139 1052 2201 2.
1072 2140 1161 2201 Nunc
1181 2158 1200 2201 a
1221 2145 1252 2201 te
1271 2136 1348 2203 illud
1361 2138 1499 2224 primum

177 2232 313 2318 rogabo,
340 2231 478 2319 nequid
500 2231 614 2296 invitus
635 2250 705 2294 maa
727 2251 819 2295 causa
842 2230 952 2304 iacias,
975 2229 1030 2296 sed
1051 2229 1099 2305 id,
1123 2229 1209 2316 quod
1230 2251 1301 2296 mea
1322 2230 1498 2318 intelliges,

178 2338 230 2396 tua
259 2320 374 2393 nullam
402 2326 435 2391 in
466 2333 588 2412 partem
614 2323 747 2390 multum
776 2324 949 2398 interesse,
987 2329 1029 2389 ita
1050 2323 1127 2389 mihi
1149 2324 1224 2400 das,
1261 2324 1289 2390 si
1310 2323 1387 2400 tibi,
1410 2333 1446 2391 ut
1466 2324 1500 2390 id

177 2420 323 2489 lubenter
348 2418 456 2494 facias,
489 2427 560 2484 ante
591 2417 794 2504 persuaseris.
845 2422 922 2485 Cum
952 2421 1085 2484 Patrone
1113 2417 1271 2504 Epicureo
1295 2418 1374 2484 mihi
1395 2418 1501 2485 omnia

179 2523 265 2588 sunt,
287 2513 348 2579 nisi
368 2512 454 2598 quod
475 2513 507 2578 in
529 2511 724 2599 philosophia
749 2511 951 2578 vehementer
973 2511 1012 2577 ab
1028 2533 1068 2578 eo
1083 2511 1243 2577 decentio.
1287 2511 1350 2577 Sed
1365 2521 1396 2578 et
1410 2512 1500 2579 initio

145 2612 313 2681 taltomae,
336 2627 407 2672 cnm
424 2614 454 2671 te
470 2626 597 2693 quoque
612 2613 644 2670 et
658 2613 728 2670 tuos
743 2624 852 2670 omnes
867 2603 1067 2680 observabat,
1095 2626 1145 2670 me
1165 2605 1261 2671 coluit
1275 2605 1308 2671 in
1322 2607 1447 2692 primis,
1469 2615 1501 2672 et

180 2719 290 2785 nuper,
316 2718 386 2765 eum
403 2720 450 2772 aa,
473 2719 552 2784 quaa
575 2697 683 2772 voluit,
705 2695 744 2761 de
765 2697 830 2762 suis
848 2697 1021 2764 commodis
1036 2708 1067 2763 et
1081 2698 1228 2785 praemiis
1242 2709 1428 2766 consecutus
1442 2709 1499 2774 est,

180 2813 231 2861 me
251 2789 359 2859 babuit
389 2813 519 2858 suorum
548 2790 749 2857 defensorum
781 2799 814 2856 at
834 2791 1006 2858 amicorum
1027 2790 1094 2857 lere
1115 2791 1309 2878 principem
1345 2803 1378 2859 et
1399 2793 1460 2859 iam
1482 2814 1501 2858 a

180 2884 339 2958 Phaedro,
374 2885 428 2972 qui
449 2884 557 2960 nobis,
590 2904 661 2949 cum
683 2883 774 2969 pueri
795 2905 951 2961 essemus,
982 2893 1147 2972 antequam
1169 2885 1330 2952 Philonem
1352 2886 1502 2972 cognovi·

181 2999 267 3053 mus,
280 2978 369 3046 valde
391 2989 426 3046 nt
446 2977 670 3065 philosophus,
699 2985 809 3062 postea
830 2987 934 3045 tamen
954 2989 990 3046 ut
1011 2979 1060 3044 vir
1081 2977 1183 3044 bonus
1203 2987 1236 3043 et
1255 2979 1359 3046 suavis
1381 2990 1412 3046 et
1433 2980 1502 3045 olli-

144 3074 284 3142 sociosne
305 3071 515 3160 probabatur,
537 3070 668 3137 traditus
682 3069 759 3134 mihi
772 3072 1066 3159 commendatusque
1095 3081 1152 3138 est.
1194 3076 1224 3139 3.
1245 3076 1275 3137 Is
1289 3073 1386 3158 igitur
1395 3078 1500 3149 Patro,

181 3188 253 3236 cum
273 3167 313 3233 ad
341 3188 392 3234 ma
421 3172 550 3232 Romam
579 3164 698 3230 litteras
719 3169 871 3242 misisset,
908 3166 954 3232 uti
975 3175 1006 3231 te
1028 3164 1088 3231 sibi
1109 3165 1265 3251 placarem
1286 3175 1500 3252 peteremque,

181 3273 217 3328 ut
246 3261 351 3328 nescio
380 3260 456 3348 quid
480 3258 557 3326 illud
577 3256 704 3344 Epicuri
731 3258 955 3343 parietinarum
979 3259 1039 3325 sibi
1060 3259 1264 3334 concederes,
1290 3260 1368 3325 nihil
1389 3259 1502 3346 scripsi

182 3355 221 3424 nd
251 3363 281 3420 te
309 3354 351 3422 ob
377 3376 447 3419 eam
476 3375 559 3427 rem,
589 3351 674 3440 quod
710 3351 932 3418 aedificationis
954 3364 1024 3421 tuae
1045 3353 1209 3420 consilium
1230 3354 1502 3421 commendatione

182 3470 252 3516 mea
272 3447 417 3514 nolebam
438 3446 593 3533 impediri.
637 3450 740 3527 Idem,
762 3456 799 3514 ut
819 3447 891 3513 veni
911 3446 1062 3520 Athenas,
1086 3468 1158 3512 cnm
1179 3447 1262 3513 idem
1276 3457 1312 3517 ut
1324 3446 1365 3517 ad
1379 3459 1410 3513 te
1425 3448 1501 3514 scri·

145 3542 290 3609 nberem
321 3550 477 3626 rogasset,
510 3539 552 3605 ob
584 3563 652 3607 eam
685 3564 809 3610 causam
830 3541 1022 3626 impetravit,
1060 3540 1144 3626 quod
1175 3550 1204 3607 te
1234 3541 1384 3607 abiecisse
1415 3540 1503 3608 illam

183 3634 428 3702 aedificationem
443 3633 604 3700 constabat
621 3635 703 3703 inter
717 3658 826 3703 omnes
838 3635 954 3700 amicos
970 3644 1050 3699 tuos.
1094 3639 1124 3699 4.
1148 3634 1242 3713 Quod
1264 3635 1290 3700 si
1309 3635 1352 3700 ita
1367 3645 1414 3701 ast
1430 3644 1462 3700 et
1475 3635 1502 3700 si

183 3731 245 3795 iam
267 3739 319 3794 tua
340 3729 430 3815 plane
452 3727 527 3792 nihil
549 3728 696 3808 interest,
721 3732 835 3803 velim,
858 3733 884 3794 si
906 3749 967 3817 qua
989 3727 1216 3794 offensiuncula
1236 3727 1316 3793 lacta
1338 3738 1385 3795 est
1406 3728 1503 3794 animi

183 3824 229 3890 tui
249 3823 452 3911 perversitate
473 3822 649 3909 aliquorum
672 3862 713 3872 -
735 3824 809 3890 novi
831 3827 914 3887 enim
935 3830 1058 3906 gentem
1071 3821 1155 3887 illam
1176 3860 1233 3898 —‚
1255 3821 1310 3888 des
1326 3832 1357 3888 te
1371 3822 1409 3889 ad
1424 3821 1503 3888 leni·

183 3926 276 3981 tatem
307 3916 357 3985 vel
386 3924 515 4000 propter
547 3925 631 3982 tuam
660 3938 812 3983 summam
841 3917 1062 3982 humanitatem
1090 3915 1141 3982 vel
1174 3915 1266 3980 etiam
1288 3915 1417 3983 bonoria
1439 3914 1503 3980 mei

148 4029 287 4076 neausa.
328 4007 496 4095 Equidem,
531 4013 571 4084 si,
605 4009 680 4097 quid
701 4012 768 4097 ipse
790 4014 935 4083 sentiam,
970 4009 1111 4095 quaeris,
1147 4030 1220 4084 nec,
1256 4029 1314 4074 cur
1341 4009 1394 4074 ille
1415 4016 1502 4074 tanto

184 4123 280 4188 opere
302 4101 481 4175 contendat,
511 4101 621 4179 video,
655 4125 713 4169 nec
735 4126 791 4170 cnr
813 4115 845 4170 tu
866 4123 1037 4189 repugnem
1070 4101 1131 4167 nisi
1153 4113 1256 4168 tamtm
1278 4101 1376 4169 multo
1398 4100 1502 4167 minus

183 4196 241 4262 tibi
263 4195 391 4261 concedi
412 4204 514 4281 potest
535 4217 628 4283 quam
650 4197 710 4272 illi,
739 4197 882 4263 laborare
902 4196 969 4262 sine
995 4217 1097 4262 causa.
1141 4199 1339 4283 Quamquam
1359 4192 1502 4259 Patronis

184 4299 216 4357 et
237 4289 411 4358 orationem
433 4300 464 4355 et
484 4311 607 4355 causam
630 4290 685 4357 tibi
714 4291 868 4377 cognitam
891 4311 960 4356 esse
981 4300 1068 4356 certo
1090 4292 1166 4356 scio.
1223 4292 1400 4363 Honorem,
1434 4287 1503 4353 offi-

183 4434 268 4448 ...-

254 4508 280 4562 5.
300 4507 386 4557 dolere
403 4507 441 4558 Μ.
474 4531 505 4542 -
543 4509 585 4558 10.
605 4522 693 4571 opum.
729 4509 802 4558 Nunc
820 4523 838 4559 n
856 4516 880 4557 ta
898 4508 963 4558 titud
981 4507 1017 4557 B:
1046 4521 1124 4572 aqam
1148 4520 1226 4556 nnnc.
1262 4507 1298 4557 Ac
1321 4514 1345 4556 tc
1369 4505 1436 4555 illud
1452 4500 1501 4568 (hl)

186 4575 216 4631 ll.
237 4601 268 4613 -
305 4578 348 4628 11.
376 4591 434 4626 mea
457 4577 583 4642 tntatltqm
609 4579 735 4631 muttum.
768 4585 814 4628 tun
832 4577 933 4626 nnllam
951 4580 979 4626 tn
1001 4585 1105 4640 purtem
1123 4576 1217 4626 Aldus.
1248 4601 1291 4641 -,
1318 4576 1362 4626 13.
1387 4577 1502 4636 spicario

186 4646 222 4698 ll.
254 4671 286 4682 -
322 4648 365 4697 20.
393 4647 457 4695 mibi
474 4648 713 4712 commendatusque
730 4648 895 4698 Cratander:
924 4648 1034 4711 mihique
1062 4648 1254 4696 commendatus
1280 4647 1309 4696 ll.
1339 4645 1378 4704 (tt
1397 4646 1503 4695 ridetur

187 4717 285 4768 habere
303 4718 414 4780 mihique
431 4715 692 4782 commendatusque.)
711 4744 744 4751 —
766 4718 810 4768 23.
829 4719 1050 4767 commendatione
1068 4732 1125 4766 meo
1143 4716 1188 4766 bl:
1208 4729 1266 4765 meo
1283 4716 1504 4765 commendatione

186 4787 216 4837 ll.
244 4812 277 4820 -
312 4783 569 4850 cardamatem
594 4788 632 4839 Μ.
663 4812 692 4824 -
729 4788 773 4838 17.
804 4795 852 4839 tua
878 4788 957 4850 pinne
982 4787 1028 4837 bl:
1058 4787 1136 4849 plone
1167 4794 1212 4836 tuo
1238 4785 1268 4835 Ε.
1298 4809 1329 4821 -
1365 4785 1503 4836 autnon

185 4869 241 4906 om.
261 4858 298 4908 111.
