3256 5400
180 245 244 309 21⁴
609 236 884 306 massmannus
905 243 957 306 AD
979 238 1070 306 saal.

180 413 283 468 vestra
305 422 356 467 res
384 397 508 485 publica
531 407 680 482 exsurget
708 399 792 463 etin
814 396 920 484 aliquo
941 408 1022 464 statu
1043 395 1200 463 tolerabili
1221 398 1380 463 consistet.
1423 405 1503 467 Sunt

181 495 263 560 enim
285 494 456 581 permulta,
491 491 605 579 quibus
627 491 687 557 erit
708 491 911 566 medendum,
948 491 1041 557 etiam
1070 493 1097 557 si
1118 492 1314 579 respublica
1336 493 1410 560 satis
1432 515 1502 559 esse

180 587 338 656 videbitur
358 585 530 652 sceleribus
551 585 688 651 bostium
709 583 851 684 liberata.
894 586 980 654 Vale.

653 740 709 810 n.
753 743 802 829 (a,
828 742 860 811 o.
883 749 915 811 c.
937 745 1023 831 τη.)

159 911 174 954 3
443 872 476 936 C.
499 870 655 935 CASSIUS
676 869 842 933 Paucos
866 871 897 933 S.
919 872 957 933 D.
979 873 1020 934 M.
1043 871 1238 936 CICERONI.

266 987 295 1049 1.
338 986 369 1048 S.
402 987 440 1048 V.
468 986 502 1045 B.
530 985 565 1045 E.
594 983 629 1044 Ε.
653 981 691 1057 Ο.
718 985 756 1046 V.
799 985 833 1045 ln
855 980 977 1068 Syriam
999 1002 1051 1044 me
1072 982 1250 1067 profectum
1271 1004 1339 1049 esse
1361 985 1440 1050 scito
1462 983 1503 1050 ad

179 1083 214 1146 l..
235 1083 378 1145 Murcum
410 1085 442 1140 et
467 1077 506 1151 Q.
535 1077 693 1159 Crispum,
730 1073 948 1159 imperatores.
992 1074 1059 1141 Viri
1080 1074 1178 1141 lortes
1200 1077 1372 1164 optimique
1394 1079 1501 1152 cives,

179 1183 382 1261 posteaquam
404 1169 588 1242 audierunt,
626 1188 706 1254 quae
728 1173 845 1234 Romae
865 1181 1065 1252 gererentur,
1089 1172 1247 1237 exercitus
1269 1171 1344 1236 mibi
1366 1172 1503 1237 tradide-

180 1276 268 1340 runt,
301 1265 424 1353 ipsique
451 1283 573 1328 mecum
594 1283 655 1327 uua
677 1262 849 1327 lentissimo
871 1267 975 1336 animo
1001 1284 1070 1328 rem
1097 1263 1253 1351 publicam
1276 1266 1502 1331 administrant.

148 1366 258 1428 altem
280 1360 450 1444 legionem,
481 1377 573 1443 quam
596 1359 635 1434 Q.
657 1354 809 1421 Caecilius
829 1360 942 1420 Bassus
964 1355 1085 1431 babuit,
1119 1357 1157 1422 ad
1180 1380 1230 1424 me
1257 1359 1380 1425 venisse
1403 1360 1502 1437 scito;

180 1467 390 1543 quattuorque
411 1451 572 1536 legiones,
608 1471 686 1536 quas
706 1455 743 1516 Α.
765 1448 904 1514 Allienus
925 1470 965 1514 ex
988 1461 1128 1538 Aegypto
1150 1452 1279 1526 eduxit,
1312 1453 1440 1518 traditas
1462 1453 1502 1518 ab

181 1571 220 1614 eo
244 1547 321 1614 mibi
345 1568 412 1611 esse
434 1547 522 1610 scito.
572 1548 602 1610 Ε.
624 1549 711 1609 Nunc
733 1551 764 1608 te
786 1542 1001 1609 cohortatione
1023 1566 1085 1610 non
1107 1555 1184 1631 puto
1206 1547 1364 1631 indigere,
1389 1556 1424 1612 ut
1445 1568 1504 1612 nos

180 1643 323 1709 absentes
345 1661 475 1726 remque
498 1637 673 1724 publicam,
696 1647 845 1724 quantum
869 1642 961 1701 estin
984 1647 1033 1713 te,
1056 1638 1214 1705 delendas.
1258 1641 1345 1706 Scire
1373 1651 1403 1705 te
1418 1640 1503 1713 volo,

181 1737 269 1802 lirma
291 1735 448 1822 praesidia
471 1732 562 1798 vobis
583 1731 766 1817 senatuique
796 1751 859 1795 non
881 1730 1007 1808 deesse,
1040 1741 1076 1798 ut
1097 1734 1214 1818 optima
1236 1755 1291 1820 spe
1313 1745 1344 1800 et
1366 1735 1503 1800 maximo

146 1833 284 1900 nanimo
306 1851 374 1893 rem
396 1827 549 1914 publicam
572 1825 730 1891 delendas.
772 1824 902 1910 Reliqua
927 1834 1027 1889 tecum
1043 1837 1112 1910 aget
1138 1831 1171 1892 L.
1195 1827 1349 1903 Carteius,
1371 1827 1504 1892 familia·

180 1926 225 1989 ris
239 1944 338 1988 meus.
382 1922 467 1987 Vale.
508 1925 586 1986 Data
608 1919 703 1985 Nonis
725 1918 861 1992 Martiis,
885 1939 926 1984 ex
947 1920 1056 1985 castris
1078 1922 1245 1988 Taricheis.

642 2080 714 2144 nn.
757 2078 810 2161 (A.
837 2082 869 2144 u
893 2081 924 2143 c.
946 2078 1036 2160 711.)

425 2205 580 2270 cassius
601 2203 768 2268 PROCOS.
791 2204 822 2266 S.
844 2205 882 2265 D.
904 2204 946 2267 bl.
968 2202 1152 2267 CICERONI
1174 2205 1260 2269 SUO.

267 2317 296 2378 1.
319 2316 350 2378 S.
372 2319 410 2380 V.
432 2317 467 2377 B.
488 2315 524 2376 Ε.
546 2314 582 2376 Ε.
605 2312 644 2388 Q.
668 2317 705 2377 V.
759 2312 835 2397 Legi
864 2322 934 2378 tuas
960 2312 1096 2387 litteras,
1133 2313 1166 2378 in
1195 2314 1311 2401 quibus
1337 2317 1505 2386 mirificum

141 2417 268 2474 actuum
301 2427 377 2492 erga
404 2427 457 2470 me
482 2425 623 2469 amorem
655 2407 834 2491 recognovi
879 2405 1043 2472 videbaris
1075 2411 1159 2472 eninr
1187 2429 1251 2474 non
1273 2410 1374 2477 solum
1397 2412 1505 2479 lavere

181 2501 272 2567 nobis
294 2530 334 2543 -
357 2500 389 2565 id
419 2499 505 2586 quod
532 2506 564 2563 et
585 2508 691 2564 nostra
714 2510 746 2564 et
766 2499 814 2564 rei
836 2497 979 2586 publicae
1001 2521 1095 2566 causa
1116 2522 1242 2588 semper
1262 2504 1363 2570 iecisti
1386 2534 1425 2551 -·
1448 2506 1505 2573 sed

181 2597 274 2671 etiarn
303 2615 431 2681 gravem
458 2614 567 2659 curam
594 2595 768 2681 suscepisse
790 2593 1054 2682 vehementerque
1075 2616 1144 2661 esse
1167 2596 1206 2661 de
1227 2596 1319 2663 nobis
1341 2598 1503 2666 sollicitus.

179 2695 304 2775 ltaque,
343 2687 430 2775 quod
450 2695 481 2751 te
502 2687 638 2773 primum
669 2687 850 2752 existimare
872 2686 1035 2773 putabam,
1070 2709 1129 2755 nos
1151 2710 1301 2776 oppressa
1322 2713 1358 2758 re
1379 2693 1506 2780 publica

181 2789 343 2870 quiescere
364 2802 427 2847 non
449 2801 562 2867 posse;
592 2781 721 2855 deinde,
744 2803 816 2846 cum
839 2781 1035 2867 suspicarere
1056 2803 1114 2848 nos
1136 2784 1258 2859 moliri,
1282 2786 1369 2872 quod
1389 2796 1420 2852 te
1442 2787 1505 2852 sol·

143 2896 170 2938 ss
180 2878 299 2944 licitum
321 2897 390 2941 esse
412 2885 444 2939 et
465 2875 505 2940 de
526 2876 624 2940 salute
646 2884 752 2941 nostra
775 2885 806 2940 at
827 2874 866 2938 de
889 2895 996 2940 rerum
1019 2885 1132 2942 eventu
1153 2877 1317 2963 putabam:
1352 2877 1446 2946 simul
1468 2898 1506 2946 ac

179 2972 319 3057 legiones
347 2969 470 3056 accepi,
507 2990 584 3055 quas
610 2975 647 3036 Α.
675 2970 814 3035 Allienus
843 2968 996 3034 eduxerat
1024 2990 1065 3033 ex
1087 2974 1244 3057 Aegypto,
1278 2974 1390 3060 scripsi
1412 2974 1451 3039 ad
1474 2982 1505 3040 te

180 3065 420 3151 tabellariosque
452 3063 628 3149 complures
660 3068 790 3129 Romam
820 3063 901 3128 misi.
945 3063 1063 3149 Scripsi
1086 3064 1178 3129 etiam
1200 3065 1241 3130 ad
1261 3076 1402 3131 senatum
1424 3066 1506 3133 litte-

179 3181 249 3234 ras,
273 3180 349 3247 quas
370 3157 461 3223 reddi
482 3157 568 3223 vetui
588 3156 693 3243 prius,
716 3178 810 3243 quam
834 3157 890 3222 tibi
910 3159 1057 3223 recitatae
1080 3169 1198 3236 essent;
1221 3157 1248 3224 si
1264 3159 1346 3224 sorte
1362 3159 1424 3225 mei
1447 3159 1507 3225 ob·

180 3262 357 3339 temperare
379 3252 455 3316 mihi
486 3252 652 3317 voluerint.
711 3250 833 3329 Quodsi
855 3251 976 3316 litterae
998 3253 1135 3338 perlatae
1156 3274 1220 3318 non
1242 3262 1333 3327 sunt,
1370 3272 1433 3318 non
1448 3253 1504 3319 du·

143 3346 259 3420 sabito,
282 3347 359 3432 quin
379 3345 558 3419 Dolabella,
595 3345 650 3432 qui
670 3344 790 3410 nelarie
812 3344 972 3409 Trebonio
994 3345 1099 3410 occiso
1120 3347 1224 3411 Asiam
1247 3347 1430 3433 occupavit,
1460 3353 1506 3412 la·

180 3441 326 3507 bellarios
348 3461 436 3506 meos
455 3439 656 3527 deprenderit
683 3439 865 3525 litterasque
891 3440 1102 3526 interceperit.
1145 3445 1175 3506 2.
1197 3441 1362 3506 Exercitus
1385 3458 1505 3516 omnes,

98 3612 103 3625 .
180 3537 288 3622 quiin
317 3535 407 3623 Sgria
433 3534 577 3610 luerunt,
610 3545 713 3600 teneo.
768 3532 873 3598 Habui
894 3534 1066 3619 paullulum
1089 3554 1213 3610 morae,
1247 3534 1324 3600 dum
1348 3538 1505 3619 promissa

180 3628 331 3694 militibus
351 3628 510 3715 persolvo.
552 3634 640 3694 Nune
661 3628 722 3692 iam
744 3648 814 3693 sum
835 3627 1011 3712 expeditus.
1055 3632 1080 3694 Α
1102 3638 1133 3694 te
1151 3637 1248 3714 peto,
1271 3636 1306 3693 ut
1321 3627 1505 3713 dignitatem

179 3742 280 3787 meam
305 3721 550 3787 commendatam
572 3720 629 3787 tibi
651 3719 783 3796 babeas,
819 3721 846 3784 si
867 3741 918 3785 me
939 3720 1086 3806 intelligis
1116 3722 1235 3787 nullum
1257 3742 1360 3807 neque
1380 3721 1505 3807 perica-

142 3815 244 3881 aslum
267 3837 369 3902 neque
391 3815 532 3881 laborem
553 3815 674 3901 patriae
696 3815 885 3898 denegasse;
922 3814 948 3878 si
970 3824 1079 3879 contra
1099 3813 1386 3900 importunissimos
1408 3814 1504 3879 latro·

180 3929 235 3974 nes
257 3930 343 3974 arma
371 3908 440 3994 cepi
469 3916 500 3972 te
532 3907 677 3972 bortante
699 3916 730 3971 et
750 3919 900 3985 auctore;
933 3908 959 3972 si
982 3930 1044 3974 non
1066 3909 1168 3974 solum
1191 3907 1350 3973 exercitus
1372 3906 1412 3972 ad
1434 3927 1503 3972 rem

180 4003 335 4090 publicam
358 4002 597 4089 libertatemque
619 3999 847 4066 defendendam
868 4001 1063 4087 comparavi,
1086 4001 1257 4066 sedetiam
1279 4001 1505 4067 crudelissimis

179 4098 318 4186 tyrannis
340 4097 459 4182 eripui;
492 4117 572 4183 quos
604 4101 630 4160 si
659 4105 842 4180 occupasset
862 4093 1043 4168 Dolabella,
1079 4114 1142 4160 non
1165 4095 1268 4160 solum
1290 4095 1428 4160 adventu
1450 4094 1506 4160 sed

179 4192 273 4256 etiam
308 4191 456 4276 opinione
485 4199 516 4254 et
545 4189 779 4275 exspectatione
816 4189 973 4253 exercitus
1009 4188 1058 4253 sui
1089 4189 1260 4254 Antonium
1280 4187 1504 4253 confirmasset.

141 4289 209 4350 aa.
233 4288 318 4362 Quas
340 4281 382 4348 ab
403 4304 455 4347 res
477 4284 590 4347 milites
613 4292 718 4359 tuere,
742 4283 767 4347 si
791 4303 846 4348 eos
868 4282 999 4348 mirifice
1021 4281 1061 4348 de
1082 4304 1118 4348 re
1140 4283 1263 4369 publica
1284 4283 1413 4347 meritos
1435 4302 1505 4346 esse

177 4376 415 4454 animadvertis;
453 4388 483 4441 et
511 4378 617 4450 allice,
645 4398 685 4441 ne
713 4398 808 4463 quem
836 4378 994 4462 poeniteat
1023 4398 1090 4441 rem
1119 4377 1277 4463 publicam
1300 4397 1393 4462 quam
1416 4392 1506 4460 spem

178 4471 313 4558 praedae
349 4480 380 4534 et
412 4471 592 4556 rapinarum
626 4476 715 4557 sequi
738 4471 894 4535 maluisse.
937 4476 1014 4536 ltem
1036 4471 1137 4537 Murci
1159 4480 1191 4536 et
1212 4469 1313 4556 Crispi
1335 4469 1507 4554 imperato-

248 4683 292 4732 10.
312 4695 438 4745 quamque
456 4681 575 4730 caecilius
600 4680 637 4729 Μ.
668 4705 698 4715 -
736 4681 780 4730 lt.
809 4681 960 4743 senatuique
977 4681 1045 4728 deus
1072 4679 1110 4728 bl.
1149 4681 1218 4729 Fert.
1238 4681 1388 4742 senatuique
1406 4680 1504 4729 adessa.

179 4750 258 4804 Bam.
291 4774 318 4784 -
355 4753 400 4800 21.
428 4759 520 4800 nostra
553 4757 577 4799 at
604 4764 674 4799 corr.
701 4750 749 4799 lli:
777 4758 884 4800 nostrae
903 4763 943 4812 pr.
973 4751 1017 4810 bl,
1045 4751 1130 4799 nostra·
1156 4757 1180 4799 et
1206 4749 1236 4799 Ε.
1269 4773 1299 4784 -
1337 4749 1381 4799 29.
1402 4751 1507 4800 litteras

177 4835 233 4871 nan.
261 4823 291 4871 B.
322 4846 353 4856 -
390 4821 433 4870 31.
464 4822 629 4883 deprenderit
659 4821 708 4871 Mt*
737 4821 931 4882 deprehenderit
950 4819 980 4869 E.
1014 4843 1044 4855 -
1081 4819 1125 4870 ³2.
1144 4818 1311 4884 somata:
1330 4820 1402 4883 fuere
1421 4820 1452 4870 Ε.
1474 4845 1504 4856 -

176 4892 304 4955 potissima
320 4905 391 4941 more
409 4890 446 4941 Μ.
470 4917 498 4928 -
536 4890 581 4940 36.
601 4893 716 4941 asmata
733 4889 780 4950 bl,
800 4892 940 4940 maestam
959 4888 1008 4939 Vb.
