3256 5400
185 225 248 289 556
669 220 729 286 ΕΡ.
751 219 804 281 ΑΙ)
826 217 999 281 ATTlCUlll

185 380 312 448 Cautior
340 387 424 445 certe
451 388 498 443 est
524 375 663 454 mansi03
696 373 858 439 honestior
887 373 1086 438 existimatur
1106 372 1259 439 traiectio.
1300 373 1389 441 Malo
1413 370 1523 437 inter·

185 475 274 549 dum,
303 473 390 539 multi
412 494 462 537 mo
484 491 546 536 non
568 478 672 544 caute,
705 489 798 554 quam
819 467 910 554 pauci
939 487 1002 532 non
1025 467 1154 532 honeste
1175 466 1286 533 iecisse
1308 466 1518 532 existiment.

184 573 230 634 De
252 567 368 654 Lepido
390 575 422 631 et
442 565 533 630 Tullo
554 562 640 651 quod
661 566 807 649 quaeris:
842 561 888 625 illi
909 582 988 626 vero
1010 580 1073 625 uon
1093 559 1252 636 dubitant,
1275 560 1354 648 quin
1377 556 1518 626 Caesari

185 671 309 748 praesto
344 658 441 724 iuturi
472 658 504 723 in
536 663 740 742 senatumque
773 654 897 719 venturi
925 655 996 720 sint
1043 658 1074 721 3.
1110 654 1332 720 Recentissima
1367 665 1425 720 tua
1463 661 1517 718 est

162 753 314 841 sopistoia
340 752 408 819 Kal.
440 749 526 829 data;
563 756 595 816 in
622 771 683 836 qna
711 758 800 835 optas
832 767 1035 834 congressum
1062 768 1237 835 pacemque
1257 768 1321 813 non
1342 748 1514 834 desperas.

184 847 245 912 Sed
267 866 341 931 ego,
373 865 445 912 cum
477 844 554 910 baec
580 840 771 916 scribebam,
807 860 866 906 nec
894 841 966 907 illos
995 861 1220 926 congressuros
1252 862 1330 916 nec,
1363 845 1392 907 si
1429 862 1515 906 con-

182 940 282 1027 gressi
309 947 427 1015 essent,
459 937 641 1024 Pompeium
669 935 709 1002 ad
736 936 831 1001 ullam
859 935 1075 1001 condicionem
1111 955 1308 1001 accessurum
1339 933 1512 1023 putabam.

183 1032 277 1112 Quod
309 1031 425 1098 videris
464 1053 527 1097 non
563 1029 723 1104 dubitare,
752 1029 778 1094 si
811 1029 954 1095 consides
995 1036 1171 1105 transeant,
1207 1029 1282 1116 quid
1307 1049 1365 1095 nos
1396 1029 1512 1095 iacere

182 1136 340 1213 oporteat,
377 1136 461 1191 certe
483 1134 656 1199 transeunt,
693 1124 758 1197 vel,
791 1120 951 1210 quomodo
973 1143 1055 1187 nunc
1082 1132 1145 1197 est,
1182 1127 1383 1190 transierunt.
1441 1121 1512 1190 Sed

150 1231 339 1287 somemento
359 1229 484 1307 praeter
504 1219 637 1305 Appium
665 1217 820 1282 neminem
849 1237 917 1282 esse
940 1213 1015 1291 iere,
1038 1215 1092 1303 qui
1114 1236 1177 1281 non
1198 1215 1247 1281 ius
1268 1216 1381 1282 babeat
1401 1227 1513 1283 trans·

183 1314 287 1381 eundi.
337 1319 413 1380 Nem
440 1323 495 1379 aut
515 1335 585 1379 cum
607 1311 741 1398 imperio
763 1321 850 1386 sunt,
881 1322 916 1377 ut
937 1311 1120 1396 Pompeius,
1148 1320 1185 1376 ut
1205 1311 1324 1397 Scipio,
1349 1311 1509 1387 Sufenas,

182 1409 330 1483 Fannius,
359 1408 535 1482 Voconius,
568 1406 703 1481 Sestius,
730 1404 792 1492 ipsi
813 1404 973 1480 consules,
1001 1404 1115 1490 quibus
1136 1425 1226 1470 moro
1247 1406 1404 1471 maiorum
1426 1426 1513 1471 con·

182 1523 304 1567 cessum
333 1511 380 1566 est
409 1502 458 1567 vel
484 1521 593 1566 omnes
620 1500 707 1565 adire
736 1498 929 1584 provincias;
957 1507 1012 1563 aut
1037 1498 1131 1583 legati
1160 1507 1232 1564 sunt
1259 1519 1383 1566 eorum.
1439 1500 1511 1566 Sed
1537 1532 1545 1551 ι

183 1595 260 1662 nihil
282 1596 426 1661 decerno.
469 1593 553 1672 Quid
572 1594 690 1680 placeat
711 1592 767 1658 tibi
790 1602 821 1658 et
843 1591 918 1678 quid
939 1592 1169 1677 propemodum
1191 1600 1311 1659 rectum
1332 1594 1387 1670 sit,
1410 1594 1512 1660 intel·

150 1689 258 1774 uligo.
305 1689 396 1755 Plura
418 1688 604 1762 scriberem,
637 1691 663 1752 si
685 1687 751 1773 ipse
773 1707 908 1772 possem.
961 1684 1038 1760 Sed,
1060 1695 1096 1750 ut
1116 1685 1192 1750 mibi
1214 1685 1347 1762 videor,
1384 1697 1510 1774 potero

183 1780 291 1847 biduo.
346 1782 433 1849 Balbi
463 1783 597 1849 Cornelii
624 1781 797 1846 litterarum
826 1780 1023 1865 exemplum,
1053 1800 1130 1865 quas
1159 1779 1270 1846 eodem
1298 1781 1350 1846 die
1370 1783 1508 1869 accepi,

183 1897 247 1963 quo
270 1884 352 1952 tuas,
374 1877 445 1943 misi
466 1877 505 1942 ad
527 1885 573 1951 te,
596 1886 630 1941 ut
651 1895 751 1939 meam
772 1873 871 1939 vicem
889 1872 1030 1950 dolores,
1052 1894 1123 1939 cum
1139 1895 1191 1940 me
1208 1874 1346 1941 derideri
1362 1878 1508 1944 videres.

817 2019 853 2082 d.

583 2140 730 2206 BALBUS
752 2136 935 2203 CICERONI
954 2139 1034 2203 IMP.
1056 2139 1088 2204 S.

142 2269 171 2315 ao
267 2254 295 2317 1.
320 2249 460 2317 Obsecro
481 2260 528 2325 te,
552 2251 680 2326 Cicero,
710 2249 833 2335 suscipe
861 2269 968 2314 curam
990 2259 1021 2314 ct
1042 2249 1262 2333 cogitationem
1283 2252 1505 2341 dignissimam

180 2357 252 2412 tuae
281 2347 423 2420 virtutis,
455 2354 491 2410 nt
518 2348 680 2413 Caesarem
709 2353 740 2410 et
767 2342 949 2428 Pompeium
975 2341 1108 2429 perfidia
1140 2344 1302 2412 bominum
1330 2348 1505 2416 distractos

180 2459 290 2507 rursus
321 2440 355 2506 in
381 2440 541 2526 pristinam
569 2438 766 2504 concordiam
793 2436 934 2501 reducas.
991 2436 1091 2503 Crede
1121 2437 1197 2504 mibi
1232 2444 1396 2507 Caesarem
1434 2466 1504 2511 non

179 2533 281 2598 solum
303 2533 371 2598 iore
392 2534 425 2598 in
446 2542 498 2598 tua
519 2541 692 2618 potestate,
714 2530 883 2597 sedetiam
905 2533 1076 2595 maximum
1098 2529 1284 2598 beneficium
1306 2544 1336 2600 te
1358 2536 1421 2603 sibi
1444 2539 1505 2604 de·

180 2624 263 2690 disse
284 2625 507 2699 iudicaturum,
537 2625 564 2690 si
586 2625 697 2690 bucte
718 2624 833 2690 reiicis.
886 2622 988 2691 Velim
1009 2623 1092 2690 idem
1115 2626 1283 2711 Pompeius
1304 2628 1417 2705 iaciat,
1443 2634 1502 2719 qui

142 2727 215 2792 aaut
236 2718 348 2783 adduci
370 2719 423 2783 tali
444 2728 585 2804 tempore
607 2718 761 2784 adullam
782 2716 996 2783 condicionem
1019 2719 1134 2803 possit,
1165 2720 1264 2805 magis
1286 2733 1378 2808 opto,
1401 2746 1502 2810 quam

179 2832 283 2897 spero.
326 2812 404 2887 Sed,
426 2833 496 2877 cum
518 2813 691 2878 constiterit
711 2821 742 2876 et
763 2816 874 2876 timere
896 2810 1039 2886 desierit,
1063 2821 1126 2876 tum
1143 2812 1287 2899 incipiam
1305 2838 1368 2883 non
1383 2816 1502 2906 despe-

178 2926 250 2970 rare
271 2914 355 2970 tuam
377 2907 591 2971 auctoritatem
613 2905 782 2993 plurimum
803 2904 885 2990 apud
913 2924 986 2969 eum
1013 2904 1187 2971 valituram.
1244 2912 1274 2974 2.
1300 2910 1393 2987 Quod
1414 2917 1500 2979 Len·

178 2998 276 3064 tulum
298 3001 458 3065 consulem
480 3021 583 3065 meum
604 3000 730 3065 voluisti
751 3000 801 3065 bic
821 3019 1001 3073 remanere,
1024 3001 1149 3064 Caesari
1163 3009 1302 3085 matum,
1324 3003 1400 3069 mibi
1415 3028 1499 3073 vero

179 3092 387 3177 gratissimum
409 3093 622 3158 mediusfidius
643 3091 753 3158 iecisti.
795 3098 870 3158 Nam
893 3091 979 3157 illum
1001 3096 1076 3156 tanti
1098 3092 1198 3167 iasio,
1222 3102 1275 3180 qui
1297 3117 1360 3163 non
1383 3105 1500 3166 Caesa·

140 3216 170 3257 ao
179 3208 245 3252 rem
268 3190 366 3273 magis
387 3188 534 3274 diligam,
562 3188 617 3274 qui
638 3188 665 3253 si
686 3209 794 3273 passus
815 3196 913 3262 esset,
935 3206 992 3250 nos
1014 3207 1136 3261 secum,
1158 3196 1194 3252 ut
1215 3209 1496 3272 consueveramus,

177 3282 264 3367 loqui
295 3293 325 3347 et
353 3304 416 3347 non
446 3303 481 3347 se
510 3291 609 3347 totum
639 3282 732 3346 etiam
761 3292 792 3347 et
818 3287 911 3346 etiam
939 3278 979 3344 ab
1008 3301 1154 3345 sermone
1179 3293 1287 3349 nostro
1310 3289 1495 3365 avertisset,

178 3375 280 3439 minus
301 3379 412 3452 miser,
435 3398 527 3462 quam
549 3397 633 3451 sum,
656 3397 767 3441 essem.
809 3381 884 3440 Nam
907 3395 982 3440 cave
1003 3383 1093 3460 putes
1115 3374 1175 3441 boo
1197 3383 1338 3461 tempore
1359 3382 1429 3467 plus
1443 3405 1496 3450 me

178 3487 364 3553 quemquam
386 3470 534 3545 cruciari,
566 3469 652 3557 quod
673 3491 762 3545 eum,
792 3492 885 3557 quem
906 3478 976 3534 ante
1006 3488 1057 3532 me
1078 3468 1189 3553 diligo,
1213 3470 1304 3537 video
1326 3474 1359 3539 in
1380 3495 1496 3544 oonsu-

177 3559 241 3626 latu
262 3562 386 3648 quidvis
406 3563 510 3648 potius
531 3584 599 3628 esse
621 3585 716 3650 quam
736 3564 905 3629 consulem.
950 3560 1073 3639 Quodsi
1094 3563 1232 3628 voluerit
1253 3563 1309 3631 tibi
1331 3567 1496 3656 obtempe-

140 3675 251 3728 ratura
273 3665 305 3720 et
324 3655 415 3722 nobis
437 3655 476 3721 de
498 3660 631 3723 Caesare
653 3657 783 3722 credere
809 3665 840 3722 et
861 3660 1055 3724 consulatum
1084 3656 1239 3743 reliquum
1262 3668 1380 3731 Romae
1401 3683 1496 3749 pera·
1554 3659 1558 3667 ’

528 3789 1495 3813 .-.----...-,-,,,-,

248 3857 274 3906 1.
292 3852 375 3919 Malo]
394 3858 539 3920 mulorpr.
558 3856 596 3906 Μ.
619 3880 654 3891 -
689 3857 716 3906 2.
735 3853 798 3920 non]
828 3873 868 3908 me
886 3860 982 3911 Bosius
1000 3865 1089 3913 tacite.
1110 3888 1140 3899 -
1177 3864 1203 3914 3.
1226 3865 1310 3913 Tullio
1328 3864 1395 3924 biit,
1417 3865 1495 3915 Tullo

177 3926 200 3976 i.
218 3922 384 3990 (Correctum
395 3927 422 3976 in
434 3923 645 3988 bianutiana.)-
656 3927 774 3977 desbttove'
784 3942 822 3991 pr.
832 3929 869 3978 Μ.
880 3954 911 3965 -
921 3931 947 3981 d.
962 3933 1030 3981 ultor
1043 3948 1083 3996 pr.
1095 3934 1130 3983 Μ.
1146 3958 1175 3969 -
1186 3935 1229 3984 11.
1242 3942 1290 3984 out
1303 3948 1358 3984 om.
1368 3934 1390 3982 1.
1402 3958 1432 3969 -
1445 3935 1494 3984 Su·

177 3997 251 4062 [aaut
269 3996 401 4058 Pighiust
420 3996 524 4046 Satanas
544 3996 564 4045 ii
583 4001 609 4046 et
627 4011 667 4059 pr.
687 3998 733 4058 Μ,
753 3997 862 4048 Setonus
879 4000 901 4048 11
920 4007 945 4049 et
964 4016 1033 4052 corr.
1053 4004 1100 4059 Μ.
1125 4004 1248 4054 Seteonaa
1267 4005 1289 4053 i.
1309 4030 1341 4040 -
1377 4004 1421 4054 12.
1443 4006 1495 4053 Vo-

178 4068 263 4116 cantur
289 4066 311 4115 1.
340 4090 370 4103 -
408 4067 448 4116 13.
466 4073 526 4116 aunt
545 4080 599 4116 om.
620 4066 642 4116 i.
675 4092 707 4103 -
744 4067 786 4117 11.
806 4070 913 4119 decem
931 4072 1009 4122 Pius:
1037 4073 1124 4123 desero
1142 4074 1169 4123 M
1188 4080 1215 4124 et
1233 4088 1294 4138 pars
1313 4073 1397 4124 Codd.
1418 4075 1494 4124 Bosii

178 4136 244 4196 (non
263 4137 370 4197 decem,
390 4141 419 4186 ut
440 4136 571 4186 dederunt
589 4135 695 4187 Graevii
714 4143 832 4200 operae),
852 4140 916 4190 item
935 4142 984 4201 111,
1012 4143 1097 4192 dicero
1115 4144 1199 4193 altera
1219 4158 1280 4208 pars
1299 4144 1383 4193 Codd.
1405 4144 1490 4202 Bosii,
1548 4165 1551 4170 ·

177 4207 275 4257 dissero
293 4220 353 4256 cum
374 4207 464 4257 nescio
483 4221 536 4270 quo
554 4208 624 4270 apud
644 4207 792 4258 Corradum
812 4209 842 4259 11.
873 4236 901 4247 -
940 4212 983 4261 15.
1000 4215 1098 4276 possim
1114 4213 1165 4262 Mt.
1185 4239 1220 4249 —
1253 4215 1296 4265 17.
1315 4215 1411 4264 mederi
1429 4215 1492 4265 biii.

178 4275 229 4335 (ms
251 4277 362 4327 decidui
380 4290 434 4339 mg·
459 4275 511 4339 Μ.)
531 4303 559 4314 -
597 4279 704 4328 uideres
747 4279 806 4328 Vale
828 4280 856 4329 11.
884 4305 915 4317 -
950 4282 995 4332 22.
1024 4285 1106 4334 liedda
1131 4285 1168 4335 Μ.
1197 4286 1279 4339 (crede
1301 4297 1356 4346 mg.
1377 4285 1430 4339 Μ.)
1457 4310 1495 4320 -

177 4345 223 4396 23.
241 4347 270 4395 in
287 4353 334 4397 tuo
352 4349 407 4412 {ore
424 4346 447 4396 1.
467 4372 495 4384 -
530 4354 554 4397 te
572 4363 627 4399 nm.
648 4363 689 4411 pr.
708 4349 745 4399 Μ.
776 4375 805 4386 -
825 4350 869 4399 24.
888 4351 936 4402 boc
955 4366 995 4417 pr.
1016 4352 1052 4403 Μ.
1074 4377 1103 4391 ·-
1133 4356 1222 4405 tabae
1240 4354 1263 4404 1.
1283 4354 1376 4404 -23
1396 4358 1494 4405 conati·

179 4418 257 4465 tuerit
276 4415 306 4466 11.
320 4440 355 4455 -·
371 4417 417 4467 21.
436 4424 460 4467 ot
478 4424 551 4467 tunm
569 4420 615 4469 111.
635 4445 666 4456 -
694 4421 766 4482 opud
783 4434 839 4470 eum
856 4434 911 4471 om.
930 4422 968 4473 Μ.
989 4417 1109 4484 (Habent
1126 4423 1210 4475 Codd.
1230 4423 1302 4475 Bosii
1321 4431 1347 4473 et
1365 4424 1493 4488 111111ρί-

179 4498 252 4543 nae,
272 4486 335 4537 item
354 4484 412 4550 111.)
433 4510 463 4523 -
500 4488 544 4537 23.
563 4504 660 4546 meum,
680 4490 808 4539 consulem
827 4490 940 4541 Ernestii
960 4506 1068 4556 operae.
1097 4517 1130 4529 -
1164 4495 1208 4545 23.
1228 4496 1273 4557 qut
1291 4493 1425 4544 Oreiiius:
1445 4497 1494 4560 qui

179 4555 252 4605 Libri
275 4562 302 4606 et
328 4557 415 4616 ltdd.;
441 4563 492 4611 ut,
524 4560 750 4621 quemadmodum
775 4561 859 4610 edidit
876 4562 1040 4623 Lambinus,
1069 4564 1130 4613 item
1150 4565 1268 4615 malebat
1286 4564 1435 4614 Ernestius.
1456 4589 1488 4601 -

179 4625 222 4676 oo.
242 4639 452 4678 emmeramus
468 4628 550 4680 ldiii:
569 4644 750 4680 consacraneus
767 4644 829 4680 cum
849 4630 933 4682 Codd.
953 4633 1066 4696 idaiasp.
1086 4638 1113 4684 et
1131 4635 1200 4684 Bali.
1220 4635 1248 4684 ii·
1271 4659 1299 4672 -
1318 4635 1362 4685 31.
1381 4643 1404 4685 et
1422 4632 1490 4698 non}

178 4702 209 4745 ut
230 4709 285 4746 non
310 4697 332 4746 1.
358 4720 389 4732 -
429 4699 508 4748 stiam
526 4704 551 4748 at
568 4696 657 4762 atium]
676 4708 700 4751 et
718 4706 773 4751 tam
792 4702 870 4751 etium
889 4716 930 4765 pr.
951 4703 998 4763 bl,
1031 4705 1110 4753 etium
1127 4711 1205 4768 utque
1225 4706 1304 4754 etiam
1322 4719 1383 4754 cum
1402 4705 1489 4755 Codd.

177 4765 293 4830 Maiasp.
312 4767 469 4818 Lambinus.
516 4769 800 4835 dissepultum.
821 4772 897 4821 M.
930 4797 956 4808 -
993 4774 1036 4823 32.
1055 4776 1102 4824 boe
1120 4782 1232 4835 tempore
1255 4779 1313 4836 post
1337 4789 1492 4840 qnempiam

177 4836 354 4901 110111111-
385 4839 447 4904 plus
463 4853 575 4892 maom·
594 4854 634 4905 pr.
654 4841 690 4893 11.
715 4867 741 4878 -
780 4841 823 4893 33.
842 4843 944 4894 inam.
963 4857 1004 4908 pr.
1023 4842 1061 4895 Μ.
1081 4865 1115 4880 -
1149 4843 1349 4896 3310111111.
