3256 5400
577 224 650 290 tm.
672 225 741 289 XII.
784 224 843 288 ue.
864 225 915 288 33.
939 224 991 288 34.
1013 225 1065 289 35.

593 385 702 447 xxiv.
745 381 794 464 (a.
820 384 852 447 v.
875 384 908 447 a.
929 383 1014 455 711.)

579 504 722 569 CICERO
745 504 970 570 CORNIFICIO
993 506 1024 569 S.

228 619 256 683 i.
278 619 346 702 Ego
363 614 484 681 nullum
499 613 603 680 Iocum
619 615 835 700 praetermitto
858 651 897 663 -
920 637 977 680 nec
996 615 1079 680 enim
1099 614 1200 681 debeo
1222 654 1263 664 -
1284 641 1347 685 non
1369 620 1465 688 modo

142 709 288 779 laudandi
312 713 356 774 tui
377 709 432 774 sed
464 730 504 774 ne
528 707 661 773 ornandi
684 707 820 794 quidem.
864 708 925 774 Sed
948 730 1015 773 mea
1041 708 1142 774 studia
1162 731 1236 796 erga
1255 723 1286 778 te
1309 723 1340 779 et
1365 714 1466 779 ollicia

143 806 227 871 malo
249 801 307 870 tibi
332 824 372 869 ex
397 813 523 869 tuorum
557 800 668 867 litteris
691 823 784 888 quam
810 823 850 867 ex
879 803 958 868 meis
981 824 1050 867 esse
1074 812 1158 869 nota.
1201 809 1245 869 Te
1269 816 1371 872 tamen
1392 807 1489 873 bor-s

142 912 210 973 tor,
246 908 282 965 ut
302 896 388 963 omni
409 917 483 961 cura
507 895 539 960 in
562 894 804 981 rempublicam
827 896 998 961 incumbas.
1040 900 1109 962 Hoc
1130 907 1176 963 ast
1197 898 1311 974 animi,
1339 900 1399 965 boc
1421 911 1468 966 est

143 992 259 1081 Ingenii
286 991 346 1066 tui,
380 991 439 1055 boc
461 989 528 1053 eius
550 988 633 1073 spei,
665 1011 758 1075 quam
782 988 896 1053 babere
919 988 1035 1064 debes,
1058 990 1291 1076 amplificandae
1311 994 1468 1080 dignitatis

143 1099 225 1155 tuae.
286 1088 316 1149 2.
339 1083 400 1149 Sed
422 1083 480 1148 bac
498 1081 536 1146 de
558 1103 593 1145 re
617 1082 693 1146 alias
716 1081 754 1146 ad
784 1092 815 1147 to
836 1082 989 1169 pluribus.
1047 1086 1123 1149 Cum
1151 1085 1234 1149 enim
1253 1085 1329 1151 baec
1352 1088 1468 1154 scribe-

143 1181 233 1255 bam,
267 1179 299 1244 in
332 1176 564 1263 exspectatione
598 1184 686 1240 erant
715 1177 829 1242 omnia.
886 1176 1029 1242 Nondum
1058 1177 1152 1262 legati
1176 1177 1350 1255 redierant,
1388 1202 1467 1268 quos

143 1284 268 1341 senatus
283 1293 346 1338 uon
368 1270 407 1336 ad
421 1291 530 1357 pacem
546 1268 770 1354 deprecandam
790 1270 845 1335 sed
867 1271 907 1335 ad
923 1270 1168 1335 denuntiandum
1183 1270 1300 1337 bellum
1320 1274 1467 1350 miserat,
1481 1296 1506 1333 n

143 1367 203 1433 nisi
229 1367 403 1452 legatorum
430 1363 540 1428 nuntio
570 1363 736 1448 paruisset.
795 1368 862 1448 Ego
890 1373 1012 1438 tamen,
1035 1375 1070 1431 ut
1092 1364 1230 1450 primum
1254 1367 1377 1432 occasio
1398 1368 1469 1433 data

144 1469 208 1536 est,
240 1480 312 1525 meo
344 1459 478 1546 pristino
504 1479 593 1523 more
625 1477 693 1520 rem
722 1455 878 1542 publicam
903 1457 1042 1537 delendi;
1071 1480 1121 1524 me
1146 1458 1321 1545 principem
1348 1461 1469 1525 senatui

143 1553 324 1642 populoque
347 1559 487 1619 Romano
516 1550 676 1636 professus
703 1572 789 1626 sum,
827 1572 884 1616 nec
908 1561 1034 1638 postea,
1066 1574 1160 1639 quam
1189 1553 1312 1638 suscepi
1344 1572 1469 1618 causam

143 1647 312 1722 libertatis,
334 1646 497 1712 minimum
515 1655 636 1731 tempus
656 1644 746 1708 amisi
765 1644 898 1711 tuendae
920 1646 1027 1710 salutis
1049 1645 1260 1733 libertatisque
1281 1646 1469 1712 communis.

145 1741 206 1809 Sed
238 1740 314 1806 baec
348 1760 473 1827 quoque
498 1748 528 1803 te
554 1759 595 1803 ex
620 1737 688 1802 aliis
712 1738 805 1804 malo.
861 1745 892 1805 3.
929 1743 963 1803 T.
986 1739 1161 1813 Pinarium,
1193 1739 1469 1805 familiarissimum
1482 1762 1508 1802 n

143 1858 269 1909 meum,
306 1843 391 1900 tanto
413 1831 470 1896 tibi
494 1831 597 1897 studio
620 1832 821 1908 commendo,
858 1842 894 1899 ut
912 1833 1031 1899 maiore
1054 1855 1115 1900 non
1150 1833 1285 1920 possim;
1321 1833 1372 1899 cui
1397 1854 1468 1899 cum

68 1976 74 1984 -
143 1938 274 2018 propter
299 1947 408 1995 omnes
433 1926 588 2000 virtutes,
612 1935 676 1991 tum
700 1931 793 1992 etiam
816 1936 947 2014 propter
974 1927 1075 1993 studia
1101 1927 1277 1992 communia
1299 1948 1368 1992 sum
1392 1927 1470 1992 ami-

143 2023 296 2089 cissimus.
339 2025 368 2086 Is
390 2029 539 2107 procurat
568 2019 706 2085 rationes
734 2021 920 2107 negotiaque
942 2021 1083 2110 Dionysii
1107 2021 1226 2096 nostri,
1265 2043 1360 2109 quem
1384 2031 1415 2087 et
1435 2031 1469 2087 tu

142 2116 276 2183 multum
298 2136 383 2180 amas
412 2124 443 2179 et
469 2134 529 2198 ego
549 2112 690 2178 omnium
710 2114 890 2200 plurimum.
945 2119 988 2180 Ea
1015 2114 1071 2181 tibi
1093 2135 1153 2199 eqo
1175 2135 1238 2179 non
1260 2114 1362 2180 debeo
1384 2136 1471 2181 eom-

142 2210 310 2284 mendare,
333 2208 388 2274 sed
416 2207 601 2273 commendo
632 2215 745 2272 tamen.
787 2208 894 2274 Facies
914 2207 1030 2294 igitur,
1065 2217 1101 2273 ut
1121 2229 1162 2272 ex
1188 2208 1324 2282 Pinarii,
1357 2209 1507 2294 gratis-aa

144 2303 216 2368 simi
236 2303 385 2376 bominis,
408 2301 521 2367 litteris
541 2310 630 2366 tuum
659 2310 689 2366 et
720 2321 795 2386 erga
828 2301 917 2367 illum
944 2311 976 2368 et
1011 2322 1086 2387 erga
1117 2301 1301 2388 Dionysium
1330 2301 1468 2368 studium

142 2416 378 2483 perspvcramus.

601 2538 694 2601 sav
742 2535 792 2620 (a,
818 2537 1013 2616 auru.)

584 2658 726 2724 CICERO
749 2659 973 2723 CORNIFICIO
996 2661 1028 2722 S.

230 2774 257 2835 l.
280 2767 478 2834 Liberalibus
500 2768 617 2833 litteras
640 2769 745 2855 accepi
764 2777 848 2842 tuas,
872 2790 949 2855 quas
971 2768 1047 2833 mibi
1070 2766 1255 2835 Cornificius
1272 2769 1371 2834 altero
1387 2766 1507 2837 vice-ss

143 2863 224 2930 simo
250 2865 319 2937 die,
341 2872 376 2928 ut
397 2861 538 2936 dicebat,
561 2862 707 2927 reddidit.
750 2867 797 2928 Eo
819 2862 870 2927 die
896 2884 958 2927 non
987 2864 1043 2927 luit
1064 2871 1188 2927 senatus
1207 2883 1310 2949 neque
1328 2874 1467 2949 postero.

144 2956 392 3044 Quinquatribus
426 2956 583 3042 frequenti
615 2966 724 3021 senatu
751 2976 877 3020 causam
908 2965 992 3022 tuam
1020 2956 1070 3042 egi
1104 2976 1165 3020 non
1193 2956 1289 3022 invita
1316 2958 1467 3022 Minerva.

142 3051 265 3116 Etenim
287 3072 326 3116 eo
348 3051 417 3136 ipso
440 3050 490 3115 die
512 3061 636 3116 senatus
658 3050 816 3121 decrevit,
851 3060 885 3115 ut
913 3051 1052 3115 Minerva
1074 3059 1196 3123 nostra,
1232 3060 1337 3115 custos
1359 3050 1465 3124 urbis,

143 3165 237 3231 quam
257 3143 351 3209 turbo
366 3143 536 3219 deiecerat,
558 3145 787 3210 restitueretur.
829 3148 927 3209 Pansa
948 3154 1017 3209 tuas
1039 3143 1157 3215 litteras
1172 3144 1323 3208 recitavit.
1356 3148 1467 3229 Magna

142 3246 267 3303 senatus
289 3236 475 3323 approbatio
499 3247 663 3305 consecuta
689 3249 736 3302 est
760 3258 831 3301 cum
857 3258 979 3302 summo
1004 3236 1135 3321 gaudio,
1164 3247 1195 3301 et
1216 3236 1389 3303 offensione
1410 3237 1504 3307 Illi-an

141 3331 283 3405 notanti,
320 3330 435 3406 idest,
469 3333 594 3399 Calvisii
627 3342 659 3397 et
689 3331 794 3396 Tauri.
851 3335 979 3395 Factum
1006 3330 1045 3396 de
1079 3340 1109 3396 te
1138 3341 1264 3396 senatus
1289 3332 1464 3397 consultum

142 3423 359 3491 honorificum.
402 3425 638 3501 Postulabatur,
670 3435 705 3490 ut
726 3425 819 3490 etiam
840 3424 885 3489 illi
907 3435 1112 3503 notarentur3
1134 3423 1192 3490 sed
1212 3429 1309 3489 Pansa
1330 3426 1463 3491 clemen-

141 3519 214 3584 tior.
257 3524 288 3584 3.
330 3523 412 3603 Ego,
435 3519 479 3584 mi
501 3519 667 3594 Cornifici,
691 3540 754 3604 quo
776 3518 827 3583 die
848 3518 984 3603 primum
1006 3518 1039 3582 in
1060 3540 1147 3604 spem
1169 3516 1322 3584 libertatis
1344 3520 1465 3605 ingres·

142 3633 195 3677 sus
216 3633 286 3676 sum
308 3621 339 3677 et
360 3612 573 3679 cunctantibus
602 3613 714 3679 ceteris
735 3634 763 3677 a.
786 3611 816 3676 d.
838 3630 916 3677 1111.
937 3612 1004 3676 llal.
1028 3616 1091 3676 lan.
1114 3611 1314 3677 fundamenta
1335 3613 1396 3678 ieci
1416 3613 1464 3678 rei

141 3703 303 3790 publicae,
340 3727 379 3772 eo
410 3707 479 3793 ipso
507 3708 557 3772 die
582 3705 708 3794 providi
735 3705 865 3771 multum
895 3715 988 3791 atque
1016 3705 1111 3770 babui
1132 3705 1286 3770 rationem
1308 3706 1464 3791 dignitatis
1475 3732 1503 3774 as
1591 3781 1596 3793 ⁸

142 3807 229 3876 tnae;
252 3799 329 3864 mibi
350 3801 434 3865 euim
454 3812 501 3866 est
518 3823 662 3867 assensus
682 3811 806 3865 senatus
825 3799 864 3864 de
887 3798 1065 3865 obtinendis
1080 3799 1261 3886 provinciis.
1303 3807 1366 3866 Neo
1388 3823 1465 3866 vcro

142 3903 252 3978 postea
276 3893 381 3959 destiti
402 3893 588 3960 labefactare
614 3916 710 3968 eum,
733 3894 787 3979 qui
811 3915 931 3958 summa
953 3915 1026 3957 cum
1051 3903 1102 3959 tua
1127 3894 1242 3958 iniuria
1263 3895 1466 3960 contumelia-

142 4008 204 4073 que
225 3987 273 4051 rei
294 3989 437 4073 publicae
459 3989 652 4074 provinciam
674 3986 785 4052 absens
802 3986 971 4052 obtinebat.
1015 3992 1122 4074 Itaque
1144 3986 1271 4052 crebras
1293 3987 1343 4052 vel
1358 3989 1464 4074 potius

142 4081 338 4167 quotidianas
369 4083 620 4166 compellationes
649 4104 733 4145 meas
755 4103 818 4145 non
847 4082 916 4146 tulit
937 4103 1033 4167 seque
1056 4087 1087 4145 iu
1109 4080 1220 4167 urbem
1243 4081 1362 4167 recepit
1384 4080 1463 4146 invi·

141 4183 208 4251 tus;
245 4196 346 4260 neque
376 4177 476 4241 solum
509 4198 564 4261 spa
597 4177 652 4240 sed
679 4186 763 4240 certa
795 4197 831 4240 re
853 4176 914 4240 iam
942 4184 973 4240 et
993 4176 1191 4261 possessione
1213 4173 1396 4239 deturbatus
1418 4182 1503 4240 estio
1566 4178 1574 4193 '

211 4367 237 4415 3.
258 4367 374 4416 «uultus
394 4374 435 4416 est
455 4368 546 4416 titulus
565 4364 605 4429 (in
624 4367 663 4424 bl)
683 4381 734 4417 uec
756 4368 810 4415 ulta
830 4367 987 4425 distiuctio,
1010 4366 1056 4415 sed
1082 4367 1173 4414 omnia
1194 4367 1229 4414 ita
1250 4367 1462 4426 coniunguntur,

142 4440 171 4484 ut
189 4449 242 4485 uus
261 4437 410 4501 eademque
428 4436 539 4500 epistola
559 4451 619 4486 com
639 4439 771 4501 superiori
790 4450 849 4486 esse
869 4437 999 4485 videatur.
1037 4436 1097 4485 Pari
1118 4436 1197 4484 modo
1216 4437 1329 4497 epistota
1342 4435 1387 4482 33.
1402 4448 1462 4482 eum

141 4517 185 4567 ep.
205 4507 248 4554 33.
269 4509 412 4557 coniuncta
431 4514 486 4564 est.
518 4507 566 4557 sed
584 4509 720 4558 recentior
738 4521 835 4557 manus
861 4507 1000 4555 divisionIs
1020 4512 1110 4554 notam
1130 4507 1254 4567 apposuit
1273 4507 1464 4555 iateranenses

141 4581 168 4625 et
187 4577 305 4632 Omnem.
350 4579 427 4640 Quod
453 4581 535 4628 etiam
558 4577 591 4627 da
619 4579 824 4642 insequentibus
850 4578 929 4625 buius
949 4577 1009 4625 libri
1028 4577 1128 4625 dIctum
1147 4579 1214 4624 sit.»
1234 4577 1292 4626 lias
1312 4577 1410 4625 Funis.
1432 4599 1460 4609 -

139 4659 194 4694 nors
211 4648 288 4694 modo
312 4649 426 4696 omandt
444 4651 483 4698 tui
506 4649 551 4696 sed
569 4649 747 4698 minutiandi
765 4649 867 4711 quidam
887 4646 907 4694 1.
927 4648 971 4696 Fr.
992 4647 1154 4696 Gronovius.
1184 4667 1216 4682 -
1250 4647 1293 4696 12.
1313 4643 1465 4707 defendendi

141 4720 252 4765 avctore
279 4717 401 4766 Ernestio
428 4718 577 4767 Schtttzius.
607 4742 637 4753 -
674 4720 717 4768 30.
737 4714 844 4783 quadie]
865 4717 925 4765 odio
943 4716 1093 4767 Schtttzius.
1116 4741 1147 4752 -
1183 4718 1226 4767 31.
1248 4711 1365 4775 Calvisii]
1384 4715 1465 4762 clauis

140 4784 213 4835 la-
250 4785 294 4836 33.
314 4794 344 4836 ut
361 4789 440 4836 ettam
460 4789 614 4838 Manutius:
635 4791 780 4838 autetiam
799 4788 846 4846 al,
866 4794 962 4848 natam,
982 4794 1011 4836 at
1030 4789 1108 4836 etiam
1126 4787 1156 4836 Ε.
1177 4812 1209 4822 -
1228 4786 1272 4836 33.
1298 4797 1368 4846 spem
1388 4784 1465 4832 libem

141 4855 271 4905 libertatis
289 4856 327 4907 Μ.
365 4859 436 4908 Fort.
455 4871 526 4922 spem
545 4858 661 4922 aliquam
679 4859 816 4908 libertatis.
837 4855 888 4906 Os.
910 4880 940 4891 -
976 4858 1020 4908 ao.
1040 4870 1110 4920 spem
1127 4857 1165 4908 M.

225 4963 296 5005 oens
310 4964 333 5004 r.
349 4965 384 5006 ns.
1214 4936 1252 4996 15
