3256 5400
657 195 716 257 ΕΡ.
739 195 791 256 ΑΙ)
813 194 984 257 ATTlCUhl

636 407 1041 487 namneum

659 550 801 614 CICERO
824 549 968 614 ATTICO
990 552 1021 614 S.

264 679 403 766 Triginta
429 678 496 746 dies
522 687 611 744 erant
636 678 711 764 ipsi,
748 699 819 744 cum
848 677 903 744 has
932 677 1044 744 dabam
1071 679 1206 755 litteras,
1241 700 1299 767 per
1326 701 1409 768 qnos
1439 679 1516 745 nul·

181 777 225 843 las
246 797 264 840 a
285 774 376 841 vohis
397 794 587 859 acceperam.
644 771 720 839 Mihi
742 782 847 838 autem
868 782 936 839 erat
956 773 989 838 in
1010 774 1134 849 animo,
1172 774 1254 850 iam,
1293 784 1327 840 ut
1352 783 1446 840 antea
1470 772 1517 838 ad

160 882 212 938 ³10
242 869 367 954 scripsi,
403 868 451 933 ire
482 867 514 932 in
546 865 696 952 Epirum.
730 876 761 931 ei
792 866 836 931 ihi
868 889 993 933 omnem
1026 888 1133 933 casum
1160 868 1358 954 potissimum
1392 889 1516 954 exspe-

181 973 275 1030 ctare.
318 967 362 1027 Te
386 982 455 1035 oro,
478 969 521 1035 nt,
544 961 572 1026 si
594 960 670 1048 qnid
687 961 764 1035 erit,
787 960 872 1049 qnod
886 961 1078 1048 perspicias,
1101 983 1319 1050 quamcunque
1335 964 1366 1027 in
1380 971 1515 1049 partem

180 1080 272 1146 mam
303 1056 479 1143 planissime
507 1055 546 1121 ad
577 1077 628 1121 me
655 1055 790 1130 scribas,
823 1067 856 1122 et
883 1077 955 1121 mco
977 1057 1119 1132 nomine,
1152 1066 1187 1122 ut
1207 1056 1337 1130 scribis,
1365 1056 1514 1125 litteras.

181 1150 296 1238 quibus
317 1148 439 1236 putabis
461 1170 541 1235 opus
562 1169 649 1224 esse,
677 1160 712 1215 ut
733 1148 797 1213 des.
818 1152 898 1213 Data
919 1169 952 1213 v.
974 1148 1041 1215 Kal.
1062 1147 1230 1215 Novembr.
1253 1149 1514 1215 Thessalonicae.

630 1306 1047 1388 mnmucms

148 1465 176 1506 cn
659 1448 801 1513 CICERO
823 1449 966 1513 ATTICO
990 1451 1021 1513 S.

271 1587 297 1648 l.
320 1583 385 1647 Etsi
407 1578 571 1665 diligenter
596 1578 708 1645 adme
731 1578 864 1657 Quintus
890 1579 988 1647 irater
1016 1590 1048 1645 et
1067 1582 1158 1655 Piso,
1192 1601 1272 1667 quae
1294 1590 1400 1647 essent
1422 1589 1512 1652 acta,

184 1678 388 1764 scripserant,
410 1687 513 1741 tamen
534 1674 661 1748 vellem,
685 1682 736 1738 tua
758 1682 788 1738 te
809 1675 973 1760 occupatio
993 1695 1057 1740 non
1079 1674 1276 1760 impedisset,
1298 1695 1361 1760 qno
1384 1674 1512 1748 minus,

119 1814 121 1818 -
184 1782 220 1838 nt
241 1770 413 1845 consuesti,
441 1767 481 1834 ad
509 1789 574 1840 me,
603 1765 679 1854 quid
705 1775 850 1851 ageretur
878 1778 909 1833 et
937 1768 1012 1855 quid
1040 1769 1245 1854 intelligeres,
1280 1767 1512 1854 perscriberes.

184 1869 234 1931 Me
261 1863 361 1929 adhuc
381 1862 523 1928 Plancius
544 1861 727 1927 liberalitate
753 1882 808 1927 sna
829 1861 944 1927 retinet
963 1863 1025 1927 iam
1047 1863 1213 1949 aliquoties
1235 1873 1380 1928 conatum
1402 1863 1453 1926 ire
1478 1861 1512 1926 in

150 1959 323 2045 nllpirnm.
380 1961 457 2043 Spes
484 1955 603 2022 homini
631 1963 678 2020 est
704 1956 816 2021 iniecta
843 1976 906 2020 non
935 1955 1059 2031 eadem,
1093 1978 1174 2042 quae
1202 1956 1300 2030 mihi,
1332 1977 1426 2041 posse
1449 1975 1512 2020 nos

186 2073 245 2118 una
261 2049 425 2129 decedere;
448 2072 542 2137 mam
563 2071 631 2115 rem
650 2048 709 2114 sibi
731 2070 844 2134 magno
866 2049 979 2114 honori
1001 2059 1107 2135 sperat
1127 2049 1206 2116 lore.
1250 2050 1311 2115 Sed
1332 2050 1409 2122 iam,
1432 2069 1511 2114 cum

182 2145 351 2211 'adventare
377 2144 491 2209 milites
520 2143 678 2219 dicuntur,
711 2142 886 2208 laciendum
908 2143 999 2209 nobis
1020 2145 1096 2220 erit,
1119 2153 1153 2210 nt
1174 2144 1213 2209 ab
1236 2165 1275 2210 eo
1298 2143 1510 2209 discedamus.

187 2238 280 2319 Quod
309 2261 379 2305 cum
406 2238 571 2314 iaciemus,
600 2238 641 2302 ad
669 2245 700 2303 te
727 2238 830 2303 statim
858 2242 1031 2313 mittemus,
1060 2248 1094 2305 ut
1115 2239 1211 2314 scias,
1244 2238 1300 2304 nbi
1321 2238 1430 2303 simus.
1477 2241 1509 2302 2.

186 2334 333 2399 Lentulus
355 2354 413 2399 suo
434 2333 465 2398 in
487 2354 544 2398 nos
565 2332 683 2406 officio,
716 2331 800 2418 quod
824 2340 854 2396 et
874 2353 910 2396 re
932 2342 964 2397 et
984 2333 1147 2418 promissis
1170 2342 1200 2397 et
1221 2332 1332 2397 litteris
1353 2329 1509 2403 declarat,

149 2448 272 2514 sospem
295 2425 384 2491 nobis
405 2426 585 2492 nonnullam
605 2426 696 2491 affert
717 2426 856 2512 Pompeii
877 2426 1053 2491 voluntatis.
1111 2431 1211 2512 Saepe
1233 2425 1314 2490 enim
1338 2434 1371 2489 tn
1393 2424 1433 2488 ad
1456 2444 1510 2488 me

187 2519 338 2605 scripsisti
359 2541 432 2585 cnm
453 2529 551 2585 totum
573 2540 642 2585 esse
664 2519 696 2584 in
711 2519 792 2584 illins
814 2527 974 2604 potestate.
1016 2523 1063 2584 De
1085 2520 1224 2594 Metello,
1248 2520 1371 2605 scripsit
1393 2517 1432 2583 ad
1456 2538 1509 2581 me

187 2613 300 2686 irater,
330 2623 478 2699 qnantum
507 2614 654 2699 sperarit,
686 2612 861 2699 perlectum
884 2633 952 2676 esse
974 2633 1031 2698 per
1052 2621 1093 2678 te.
1136 2617 1166 2678 3.
1188 2615 1231 2678 hii
1252 2611 1425 2697 Pomponi,
1450 2632 1510 2697 pn·

187 2727 265 2792 gna,
293 2715 329 2771 nt
349 2715 450 2772 tecum
471 2715 502 2772 et
523 2728 593 2772 cum
614 2707 692 2772 meis
713 2706 790 2771 mihi
810 2706 901 2771 hoeni
921 2707 1042 2781 vivere,
1078 2717 1109 2772 et
1130 2706 1232 2772 scribe
1254 2704 1293 2770 ad
1314 2726 1365 2769 me
1388 2704 1509 2770 omnia.

187 2805 318 2865 Premor
345 2800 444 2874 luctu,
474 2798 630 2865 desiderio
657 2801 796 2866 omnium
824 2821 983 2874 meorum,
1016 2801 1071 2886 qui
1092 2801 1169 2866 mihi
1191 2821 1241 2865 me
1263 2799 1401 2863 cariores
1424 2819 1511 2861 sem-

149 2915 246 2981 eaper
273 2891 408 2959 luerunt.
463 2897 560 2967 Cura,
584 2903 619 2958 ut
639 2894 752 2961 valeas.
800 2901 832 2962 1.
853 2900 935 2980 Ego,
958 2893 1064 2981 quod,
1087 2914 1144 2979 per
1165 2892 1354 2959 Thessaliam
1377 2891 1403 2955 si
1424 2891 1509 2956 irem

187 2996 221 3061 in
241 2986 387 3073 Epirum,
415 2986 526 3072 perdiu
555 2986 630 3052 nihil
658 3008 742 3053 eram
773 2989 949 3062 auditurus,
983 2996 1014 3052 et
1034 2986 1120 3075 quod
1141 2987 1203 3051 mci
1226 2984 1382 3050 studiosos
1404 2983 1508 3049 habeo

187 3080 435 3169 Dyrrhachium,
464 3078 502 3144 ad
531 3101 586 3145 eos
617 3081 759 3166 perrexi,
792 3103 861 3148 cum
891 3081 943 3146 illa
971 3082 1135 3167 superiora
1161 3079 1397 3146 Thessalonicae
1428 3077 1510 3141 scri-

187 3174 328 3261 psissem.
371 3173 445 3237 Inde
467 3194 537 3238 cum
558 3173 597 3238 ad
619 3184 648 3238 te
670 3196 721 3239 me
742 3185 937 3251 convortam,
966 3175 1075 3240 faciam
1098 3185 1134 3240 ut
1154 3174 1251 3250 scias;
1275 3182 1370 3260 tuque
1392 3171 1434 3236 ad
1457 3193 1509 3236 me

187 3266 278 3332 velim
306 3267 410 3331 omnia
437 3287 531 3353 qnam
559 3266 807 3352 diligentissime,
840 3269 1027 3336 cuicuimodi
1050 3279 1139 3343 sunt,
1172 3267 1298 3333 scribas.
1353 3270 1420 3350 Ego
1443 3266 1508 3330 iam

151 3371 241 3431 scant
268 3382 336 3425 rem
363 3369 416 3426 ant
441 3382 480 3426 nc
502 3383 588 3447 spem
617 3360 743 3447 quidem
765 3374 922 3450 exspecto.
979 3370 1056 3429 Date
1078 3383 1126 3428 vr.
1147 3361 1213 3427 Kal.
1235 3357 1401 3426 Decembr.
1422 3363 1509 3448 Dyr-

189 3455 317 3521 rhachii.

259 3675 285 3723 3.
304 3675 464 3725 dnbnmhns
482 3676 504 3725 1.
533 3701 566 3714 -
600 3677 627 3727 5.
648 3678 687 3727 irc
713 3691 767 3728 orn.
787 3676 809 3725 1.
843 3700 872 3711 -
908 3690 1014 3726 onmem
1030 3676 1105 3726 111111.
1144 3673 1315 3738 (Correctum
1341 3679 1382 3723 est
1406 3685 1437 3722 er
1465 3671 1508 3722 Pil

191 3745 316 3807 „priscis
336 3743 455 3808 Codd.”)
474 3768 507 3782 -
538 3749 671 3810 potissime
690 3746 710 3796 l.
734 3773 761 3784 -
794 3746 820 3795 7.
836 3746 990 3808 plenissumc
1008 3760 1062 3808 mg.
1082 3745 1124 3803 ld,
1142 3738 1288 3807 plenissime
1305 3744 1327 3792 1.
1349 3767 1379 3778 -
1407 3742 1433 3792 8.
1454 3755 1509 3792 mc

118 3816 121 3821 ’
190 3828 254 3878 opus
272 3814 309 3864 111.
332 3840 359 3851 -
397 3816 532 3866 Nouembr.
555 3818 748 3866 Timanlcuicnc
765 3829 826 3865 cum
846 3816 911 3866 Cod.
931 3817 1003 3866 Bosii
1023 3818 1050 3866 iu
1068 3816 1137 3865 aad.
1157 3815 1254 3865 Oliveti
1273 3814 1434 3864 Lambinus:
1454 3813 1509 3862 No-

189 3885 285 3936 vembr.
305 3884 399 3934 lllRlli.
421 3908 452 3921 -
488 3887 531 3937 12.
550 3890 706 3948 scripserant
724 3886 803 3937 llilll:
823 3887 979 3949 scripserunt
998 3886 1145 3936 Ernestins.
1178 3912 1208 3921 -
1246 3885 1289 3934 13.
1308 3883 1463 3933 coruucnisti
1482 3881 1507 3932 l.

195 3979 221 3989 -
254 3960 278 4003 at
296 3955 357 4017 quid
375 3968 428 4003 om.
451 3957 472 4005 l.
504 3984 534 3993 -
572 3957 614 4005 11.
633 3957 787 4019 aliquotiens
804 3955 840 4005 hl.
872 3981 901 3992 -
938 3956 981 4006 17.
1001 3957 1117 4006 dicentur
1135 3955 1175 4006 hil
1203 3952 1291 4017 (qnod
1312 3954 1406 4015 probat
1425 3951 1507 4001 llaud

191 4025 271 4075 Turs.
292 4024 340 4072 111.
362 4039 385 4086 p.
408 4026 487 4083 118).
506 4025 717 4076 dicanturPius.
741 4051 768 4062 -
808 4026 955 4076 18.rumus
975 4028 1005 4076 11.
1024 4051 1058 4060 -
1096 4026 1136 4076 19.
1154 4025 1413 4086 promissisdcdcrut
1433 4019 1506 4084 (om.

191 4103 215 4146 ct
234 4091 339 4153 litteris)
358 4095 379 4143 l.
401 4120 431 4130 -
450 4098 492 4145 21).
512 4098 604 4147 asserat
622 4096 658 4147 hl.
681 4095 772 4160 (affert
791 4109 845 4157 mg.
865 4093 915 4159 hl.)
939 4120 964 4129 -
987 4093 1026 4158 tu]
1045 4104 1100 4147 tum
1117 4096 1140 4145 l.
1164 4118 1190 4127 -
1221 4095 1265 4144 21.
1286 4091 1332 4155 lla]
1352 4100 1376 4143 ct
1394 4094 1424 4141 da
1444 4091 1506 4143 llll.

192 4192 222 4202 -
250 4165 293 4212 22.
313 4172 429 4225 speraret
447 4167 520 4216 111111.
557 4166 734 4229 (Emendavit
752 4165 914 4226 Ernestius.)
948 4190 974 4199 -
1010 4167 1154 4230 profectum
1173 4165 1224 4215 llll.
1272 4164 1446 4221 (Correctnm
1465 4167 1510 4211 est

191 4237 219 4286 in
239 4231 282 4297 ll.)
301 4255 333 4270 -
369 4234 411 4283 21.
432 4236 537 4286 hemor
554 4238 633 4296 luctu,
656 4237 782 4285 desiderio
800 4239 913 4285 omnium
930 4250 1061 4292 meorum,
1081 4237 1126 4300 qui
1144 4235 1325 4297 Sinerenburg
1343 4235 1376 4284 ad
1395 4232 1509 4281 Archia·

193 4319 255 4355 nam
274 4319 300 4366 p.
320 4304 387 4354 177:
407 4306 513 4355 Ρνεηιον
530 4307 618 4367 tuctu,
639 4307 764 4356 {leuduno
783 4309 896 4356 omnium
915 4320 1000 4356 ruram
1018 4308 1062 4370 qui
1080 4303 1157 4368 (sic)
1176 4305 1217 4363 hl,
1237 4305 1343 4353 Prcmm
1362 4304 1432 4352 luctu
1449 4315 1509 4350 cum

192 4375 318 4425 desiderio
336 4376 449 4424 omnium
466 4390 568 4426 rerum:
588 4383 643 4426 tum
660 4390 749 4427 corum
766 4378 810 4440 qui
828 4377 865 4432 ll,
890 4377 996 4427 Prcmor
1013 4391 1070 4426 cum
1088 4377 1158 4426 luctu
1175 4382 1230 4424 tum
1247 4375 1373 4423 desiderio
1391 4374 1509 4423 omnium

193 4458 361 4508 rerumquae
378 4445 400 4506 1,
419 4446 527 4496 Premor
543 4461 599 4497 num
617 4447 696 4505 luctu,
716 4453 770 4496 tum
787 4447 911 4496 desidemc
927 4460 1041 4496 meorum
1060 4448 1182 4500 omnium,
1203 4452 1258 4495 tum
1275 4458 1363 4494 corum
1380 4445 1424 4507 qni
1442 4455 1508 4491 cum

115 4572 120 4582 ‚
193 4515 265 4564 anii
284 4514 366 4565 Codd.
386 4517 415 4565 Ε.
436 4541 466 4550 -
503 4518 547 4567 25.
565 4520 672 4582 sumant
688 4517 748 4566 1111.
769 4542 799 4552 -
830 4517 902 4580 Epo,
922 4512 999 4580 quod]
1018 4519 1091 4568 Nova
1110 4516 1222 4578 epistola
1242 4516 1305 4565 hinc
1323 4514 1417 4578 incipit
1435 4513 1463 4562 in
1482 4512 1506 4563 Ι.

193 4608 226 4621 -·
244 4585 288 4635 21.
308 4586 376 4649 quod
393 4593 417 4636 ct
434 4586 484 4636 mci
500 4588 537 4637 111.
570 4611 601 4622 -
637 4587 680 4636 27.
700 4588 861 4636 Durnchiuoc
879 4587 902 4635 l.
934 4612 963 4623 -
1000 4589 1136 4651 superiora
1153 4586 1201 4635 illu
1220 4586 1251 4635 11.
1282 4609 1312 4622 -
1349 4584 1393 4635 22.
1411 4583 1509 4634 unicui·

195 4657 271 4706 mcdo
290 4654 330 4716 hl,
349 4657 528 4720 quoquomodo
546 4657 577 4707 n.
614 4654 808 4719 (Emendatum
826 4662 866 4705 est
884 4658 911 4706 in
931 4653 972 4718 l.)
994 4679 1021 4692 —
1059 4657 1101 4706 30.
1122 4657 1247 4706 Durachis'
1265 4655 1286 4704 l.
