3256 5400
657 234 722 301 ΕΡ.
738 234 792 298 alt
814 232 986 297 sistebat

638 391 754 454 anu.
796 388 846 472 (A.
873 392 905 455 u
928 392 960 453 c.
982 387 1071 465 roa.)

674 527 817 596 CICERO
838 531 981 595 ATTICO
1004 518 1046 593 S.

282 675 310 734 1.
331 672 477 732 Putaram
499 674 530 727 te
552 661 669 751 aliquid
690 661 765 726 novi
787 697 825 710 -
849 658 934 747 quod
957 657 1110 725 eiusmodi
1133 658 1236 724 luerat
1257 659 1376 726 initium
1399 661 1522 727 littera·

197 785 266 831 rum
289 798 339 834 -,
362 757 505 847 quamvis
527 779 590 822 non
611 777 755 820 curarem
777 753 853 840 quid
875 754 907 818 in
929 753 1076 839 Hispania
1093 752 1196 827 lieret,
1221 763 1322 819 tamen
1338 767 1367 820 te
1383 756 1523 840 scriptu-

174 878 283 931 srum;
316 853 371 919 sed
401 852 546 919 videlicet
572 855 650 915 meis
678 849 790 915 litteris
818 847 1026 932 respondisti,
1063 856 1097 911 ut
1125 847 1164 912 de
1191 846 1263 912 loro
1297 859 1327 914 et
1354 848 1520 915 decuria.

195 949 282 1025 „Sed
305 948 417 1013 domus
440 950 521 1020 est''‚
554 953 589 1009 ut
609 944 668 1018 ais,
705 941 864 1016 „lorum”
922 939 1005 1018 Quid
1034 940 1101 1026 ipsa
1129 940 1224 1006 domo
1254 941 1328 1006 mibi
1357 965 1438 1029 opus
1469 954 1520 1007 est

194 1043 313 1108 carenti
334 1041 427 1107 soro‘l
465 1037 659 1110 Occidimus,
690 1034 877 1108 occidimus,
906 1034 1021 1107 Attice,
1055 1038 1115 1096 iam
1144 1035 1266 1120 pridem
1289 1057 1346 1101 uos
1368 1037 1517 1123 quidem,

194 1137 249 1202 sed
271 1156 353 1200 nunc
374 1135 527 1206 fatemur,
550 1138 658 1217 postea
680 1150 773 1216 quam
795 1150 908 1202 unum,
937 1149 1001 1214 qun
1024 1127 1224 1203 tenebamur,
1247 1131 1419 1195 amisimus.
1455 1135 1520 1195 lta·

194 1252 256 1318 que
278 1227 461 1296 solitudines
483 1246 616 1312 sequ0r;
647 1234 678 1288 et
699 1234 815 1295 tamen,
840 1222 865 1286 si
888 1243 950 1307 qua
971 1242 1021 1284 me
1043 1221 1176 1287 resisto
1198 1223 1379 1297 adduxerit,
1402 1225 1517 1298 enitar,

162 1348 187 1393 m
195 1326 222 1391 si
243 1345 306 1413 quo
327 1322 423 1388 modo
445 1330 557 1407 potero
589 1353 629 1364 -
651 1326 763 1403 potero
791 1324 895 1380 autem
924 1350 980 1388 -,
1002 1324 1038 1379 ut
1058 1325 1183 1400 praeter
1204 1327 1233 1381 te
1255 1339 1348 1383 nemo
1370 1318 1517 1384 dolorem

193 1440 298 1485 meum
321 1421 451 1492 sentiat3
489 1413 515 1478 si
537 1412 603 1477 ullo
625 1410 719 1476 modo
741 1413 873 1495 poterit,
907 1429 946 1472 ne
974 1420 1006 1473 tu
1035 1407 1172 1494 quidem.
1216 1415 1317 1497 Atque
1346 1412 1439 1477 etiam
1463 1412 1517 1477 illa

194 1532 288 1577 causa
309 1519 356 1575 est
377 1529 440 1574 nou
464 1505 620 1571 veniendi.
663 1502 847 1574 Meministi.
870 1502 1007 1589 quidex
1029 1512 1060 1566 te
1082 1502 1210 1568 Aledius
1224 1507 1413 1590 quaesierit:
1437 1507 1517 1594 quin

194 1604 288 1670 etiam
310 1623 392 1669 nunc
414 1599 537 1665 molesti
558 1609 645 1678 sunt;
674 1597 749 1685 quid
772 1597 947 1672 existimas,
970 1598 995 1663 si
1017 1605 1156 1663 venero?
1185 1603 1215 1663 2.
1237 1605 1283 1664 De
1305 1605 1450 1666 Terentia
1472 1603 1517 1666 ita

194 1719 289 1772 cura,
314 1707 349 1763 ut
377 1693 504 1769 scribis,
527 1713 640 1780 meque
670 1691 727 1757 hac
757 1690 796 1755 ad
826 1691 978 1756 maximas
1006 1692 1216 1776 aegritudines
1248 1695 1426 1759 accessione
1448 1717 1515 1759 non

162 1791 330 1857 ismaxima
357 1786 465 1853 libera.
516 1790 570 1858 Et,
603 1794 639 1851 ut
659 1785 738 1849 scias
767 1806 818 1850 me
847 1785 889 1849 ita
919 1783 1045 1859 dolere,
1082 1795 1116 1850 ut
1144 1808 1206 1852 uon
1229 1788 1361 1853 iaceam:
1396 1788 1517 1874 quibus

194 1882 374 1950 consulibus
397 1879 571 1946 Carneades
593 1887 624 1944 et
646 1900 683 1944 ea
704 1878 818 1964 legatio
840 1883 971 1943 Romam
993 1876 1128 1951 venerit,
1158 1885 1306 1966 scriptum
1335 1883 1435 1948 estin
1459 1893 1517 1947 tuo

193 1978 305 2044 annali.
348 1980 433 2041 Haec
454 1996 536 2040 nunc
557 1995 677 2061 quaero
707 1994 787 2063 quae
810 1994 903 2038 causa
925 1971 1040 2038 luerit‘l
1076 1979 1122 2038 De
1146 1977 1268 2060 Oropo,
1304 1977 1434 2060 opinor,
1458 1975 1518 2040 sed

193 2081 314 2137 certum
336 2069 459 2145 nescim
497 2077 543 2142 et,
573 2068 600 2132 si
621 2068 662 2132 ita
685 2080 750 2141 est,
779 2088 859 2155 quac
887 2067 1144 2132 controversiae?
1180 2071 1360 2142 Praeterea,
1390 2069 1446 2155 qui
1474 2090 1517 2133 eo

193 2175 335 2249 tempore
363 2161 478 2228 nobilis
507 2161 681 2247 Epicureus
708 2161 805 2228 luerit
835 2160 979 2232 Athenis,
1018 2161 1071 2246 qui
1100 2159 1271 2245 praefuerit
1302 2162 1421 2228 hortis‘l
1459 2163 1518 2249 qui

155 2259 286 2325 apetiam
308 2255 436 2322 Athenis
458 2259 620 2321 πολιτικοὶ
648 2254 764 2322 luerint
791 2256 953 2321 illustres?
987 2256 1075 2331 Quae
1096 2265 1127 2319 te
1150 2255 1243 2320 etiam
1266 2277 1306 2320 ex
1327 2256 1518 2343 Apollodori

192 2360 270 2439 puto
297 2372 389 2437 posse
421 2349 573 2415 iuvenire.
625 2354 653 2418 3.
689 2356 736 2415 De
767 2354 884 2423 Attica,
918 2347 1097 2425 molestum
1134 2348 1188 2413 sed
1210 2349 1357 2435 quoniam
1379 2352 1516 2424 leviter,

192 2454 278 2510 recte
300 2464 369 2509 esse
389 2442 523 2510 confido.
565 2448 612 2509 De
635 2445 761 2511 Gamala
784 2443 913 2509 dubium
937 2441 1012 2507 mihi
1034 2463 1096 2507 uon
1118 2453 1194 2508 erat.
1238 2443 1322 2508 Unde
1345 2448 1429 2511 enim
1450 2456 1518 2512 tam

192 2536 269 2603 felix
298 2537 393 2621 Ligus
419 2544 531 2623 pater?
567 2542 642 2602 Nam
672 2538 748 2625 quid
770 2538 809 2603 de
831 2559 882 2601 mc
905 2535 1020 2610 dicam,
1058 2535 1108 2600 cui
1129 2547 1164 2602 ut
1185 2537 1289 2602 omnia
1313 2540 1516 2624 contingant,

193 2652 274 2718 quae
295 2630 388 2705 volo,
410 2629 507 2695 levari
529 2650 593 2695 non
611 2636 762 2716 possum?
783 2634 830 2695 De
852 2628 947 2695 Drusi
968 2628 1084 2698 hortis,
1107 2629 1213 2714 quanti
1233 2629 1358 2695 licuisse
1380 2641 1415 2697 tu
1437 2633 1518 2698 scri-

158 2723 257 2799 ubis,
280 2723 313 2788 id
336 2744 395 2809 ego
418 2745 544 2811 quoque
566 2723 727 2789 audieram
750 2734 796 2800 et,
819 2733 854 2790 ut
876 2724 1008 2809 opinor,
1030 2722 1098 2789 heri
1120 2723 1159 2788 ad
1181 2734 1210 2788 te
1232 2725 1436 2811 scripseram,
1458 2724 1517 2792 sed

194 2817 423 2907 quantiquanti,
458 2817 539 2882 bene
569 2818 685 2883 emitur
714 2819 799 2905 quod
827 2840 954 2883 necesse
982 2827 1038 2882 est.
1081 2818 1175 2893 Mihi,
1211 2820 1457 2906 quoquomodo
1480 2828 1516 2885 tu

193 2912 353 2977 existimas
381 2947 417 2957 —
448 2911 514 2976 scio
542 2912 645 2988 enirn,
683 2932 743 2997 ego
770 2911 837 2998 ipse
871 2911 944 2999 quid
974 2911 1013 2976 de
1046 2933 1096 2975 me
1129 2913 1305 2978 existimem
1327 2947 1367 2959 -
1397 2912 1516 2979 levatio

193 3006 346 3093 quaedam
379 3014 442 3080 est,
479 3009 630 3071 siminus
661 3006 796 3080 doloris,
834 3014 866 3070 at
894 3005 989 3070 officii
1018 3003 1124 3071 debiti.
1167 3007 1214 3072 Ad
1236 3008 1355 3073 Siccam
1377 3006 1514 3092 scripsi,

193 3099 279 3184 quod
300 3099 399 3164 utitur
420 3103 454 3164 L.
477 3103 576 3166 Cotta.
628 3100 661 3165 si
690 3100 766 3165 nihil
788 3098 995 3164 conficeretur
1017 3098 1055 3164 de
1078 3099 1342 3175 Transtiberinis,
1365 3099 1459 3165 habet
1481 3100 1515 3164 iu

51 3227 56 3236 ·
158 3193 329 3257 soOstiensi
352 3197 439 3260 Cotta
462 3191 669 3258 celeberrimo
692 3194 778 3267 loco,
802 3193 857 3258 sed
878 3193 1025 3279 pusillum
1047 3194 1120 3272 loci;
1159 3195 1198 3260 ad
1219 3196 1297 3260 hanc
1318 3216 1388 3259 rem
1409 3204 1515 3259 tamen

191 3285 262 3372 plus
299 3286 390 3350 ctiam
421 3286 505 3351 satis.
548 3287 582 3351 ld
618 3287 710 3352 velim
743 3292 869 3372 cogites.
914 3292 976 3352 Nec
1004 3298 1106 3353 tamen
1134 3290 1194 3354 ista
1223 3289 1322 3375 pretia
1346 3289 1514 3354 hortorum

192 3377 403 3465 pertimueris.
446 3385 508 3444 Nec
530 3380 607 3445 mihi
629 3381 691 3444 iam
712 3391 842 3466 argento
865 3402 921 3445 nee
943 3393 1028 3447 veste
1051 3405 1130 3469 opus
1156 3393 1281 3448 estnec
1303 3383 1514 3470 quibusquam

193 3479 332 3538 amoenis
361 3476 452 3554 locis;
490 3475 549 3539 hoc
572 3496 652 3561 opus
674 3484 730 3539 est.
774 3473 874 3539 Video
903 3475 1014 3548 etiam,
1043 3475 1198 3562 aquibus
1221 3476 1361 3541 adiuvari
1383 3476 1514 3562 possim.

194 3566 255 3631 Sed
276 3565 407 3655 loquere
429 3588 500 3632 cum
522 3568 610 3634 Silio.
668 3567 749 3632 Nihil
771 3569 855 3633 enim
876 3579 923 3634 est
945 3569 1066 3635 melius.
1114 3570 1258 3636 htaudavi
1280 3571 1372 3635 ctiam
1396 3573 1514 3634 Siccae.

263 3796 288 3845 3.
320 3795 430 3857 aliquod
455 3796 477 3844 l.
509 3803 550 3833 -’
576 3797 727 3845 litterarum
757 3801 862 3845 tuorum
888 3812 942 3859 mg.
973 3799 1077 3861 Repett.
1107 3799 1201 3848 Lamh.
1231 3823 1260 3834 -
1296 3798 1324 3847 ls.
1345 3798 1416 3859 quod
1436 3797 1458 3846 l.
1480 3824 1515 3834 -

192 3869 218 3917 5.
239 3866 278 3927 ut]
298 3872 322 3914 et
340 3866 496 3915 Lambinus.
520 3891 550 3900 —
587 3866 613 3916 0.
633 3867 802 3914 aptitudinem
825 3867 896 3917 Mitt.
936 3867 978 3922 (Ut
997 3882 1062 3928 nos,
1088 3883 1149 3917 cum
1168 3869 1251 3918 Codd.
1273 3866 1419 3916 Gallicanis
1458 3869 1514 3917 iam

193 3936 413 3990 Cratander.)-
451 3935 686 3984 0011000101.-
727 3938 768 3985 10.
787 3933 822 3998 te]
843 3937 970 3987 maldltl·
1010 3938 1142 3994 (Correxit
1158 3939 1318 3992 Manutius.)
1339 3939 1431 3986 -12-
1452 3937 1515 3987 Ate·

193 4008 252 4057 dius
261 4006 357 4056 Mlllll.
371 4027 404 4041 -
416 4008 460 4069 qut
470 4005 637 4068 Wesenberg
647 4018 673 4068 p.
686 4005 746 4054 123.
756 4031 786 4040 -
801 4007 843 4056 tt.
853 4021 907 4055 nou
917 4009 1035 4057 maximo
1045 4008 1107 4058 nint
1119 4025 1125 4058 s
1139 4011 1259 4058 monimo
1269 4009 1330 4057 Asc·
1340 4009 1428 4065 tertis,
1440 4021 1515 4056 nune

192 4079 313 4126 masiano
336 4076 390 4125 AB.
419 4081 483 4130 (non
500 4078 611 4125 minima
630 4075 766 4126 malebant
784 4077 847 4125 Pius
865 4083 892 4126 et
914 4077 1071 4136 Ernesttus,
1103 4081 1257 4143 recepitque
1276 4075 1456 4138 Schoenus.)
1480 4103 1515 4115 -

194 4147 336 4197 tb.ttberet
348 4151 378 4193 ut
389 4160 429 4209 pr.
441 4146 477 4201 m,
493 4146 575 4195 libero
587 4153 611 4195 ct
623 4160 694 4196 corr.
705 4145 742 4196 hl.
755 4171 786 4182 -
801 4154 904 4196 tuocum
915 4149 988 4197 Mitt.
1009 4149 1200 4212 (Emendatom
1211 4151 1237 4199 in
1247 4150 1401 4198 Victoriana
1415 4147 1516 4210 pr.)—

195 4217 238 4268 17.
258 4217 315 4266 Hoc
334 4217 367 4265 R.
387 4240 417 4251 -
455 4217 497 4267 10.
517 4217 645 4277 Epicurus
664 4216 737 4266 utut.
759 4241 791 4251 -
812 4215 868 4280 qui]
888 4231 937 4281 que
955 4219 996 4275 01,
1019 4234 1084 4284 quac
1102 4221 1123 4269 t.
1146 4245 1175 4256 -
1191 4219 1342 4281 prefuerint
1360 4232 1400 4280 pr.
1420 4218 1459 4267 01.
1481 4241 1515 4256 -

195 4287 239 4336 20.
260 4294 284 4335 ts
301 4301 355 4335 om.
376 4286 448 4335 hilll·
485 4287 630 4344 (insertum
651 4288 677 4336 b.
697 4287 715 4336 l.
735 4301 751 4336 s
769 4286 852 4337 eona.
873 4289 997 4338 Lambini
1016 4298 1042 4340 et
1060 4291 1156 4343 Bosii.)
1181 4313 1207 4323 -
1245 4289 1404 4351 Apollodoro
1422 4289 1456 4336 R.
1480 4310 1514 4322 -

195 4359 240 4408 21.
257 4363 324 4418 puto
342 4362 368 4406 ts
381 4368 459 4417 posse
477 4357 508 4406 li.
530 4382 560 4392 -
580 4357 625 4406 22.
644 4358 757 4420 Mapota
774 4356 842 4413 Atta,
861 4358 985 4422 Muqatiu
1003 4361 1025 4410 1.
1045 4361 1090 4415 (Ut
1107 4374 1175 4420 nos,
1196 4360 1236 4410 YZ
1255 4369 1281 4410 et
1300 4373 1353 4421 mg.
1374 4358 1459 4416 Crat.)
1480 4381 1514 4391 -

195 4441 252 4478 uon
267 4427 369 4476 mihil.
404 4450 434 4462 -
469 4427 513 4476 23.
533 4428 623 4491 Liqius
642 4428 663 4476 l.
696 4450 725 4464 -
761 4426 815 4491 sui]
834 4430 879 4490 qui
897 4429 1008 4492 Popma.
1035 4455 1066 4467 -
1103 4431 1147 4480 et.
1168 4431 1281 4480 licuisset
1299 4430 1321 4478 l.
1347 4453 1377 4463 -
1416 4427 1515 4477 scribas

198 4498 219 4547 l.
241 4523 272 4534 -
309 4496 352 4545 28.
372 4496 543 4546 estombli.
565 4521 596 4533 -
633 4497 827 4562 (ιαμ-1101.-
864 4499 905 4547 Ad
923 4499 1024 4549 Siccam
1042 4501 1183 4551 matzad
1201 4501 1287 4551 Sicom
1305 4513 1366 4548 cum
1385 4498 1450 4547 Asc.
1470 4511 1513 4560 pr.

199 4568 229 4617 li.
267 4568 379 4622 (Novam
408 4567 471 4615 binc
500 4567 645 4630 Epistulam
676 4567 780 4617 orditur
807 4568 891 4623 Pius-t
924 4595 950 4604 -
988 4571 1032 4620 20.
1060 4572 1212 4635 conficietur
1241 4570 1288 4620 Pio
1318 4574 1428 4618 auctore
1448 4568 1513 4616 Asc.

198 4639 285 4689 tertia.
317 4661 347 4673 -
386 4637 473 4686 bobes.
502 4636 531 4687 T.
563 4638 592 4686 iss
620 4636 694 4687 0101.
732 4635 818 4700 (Cora.
846 4640 873 4687 in
894 4638 1046 4689 Victoriana
1068 4638 1121 4704 pr.)
1149 4664 1180 4676 -
1216 4640 1259 4689 30Ι
1279 4639 1402 4689 hostiensi
1421 4637 1459 4687 u.
1481 4660 1515 4672 -

193 4710 312 4770 positum
339 4706 376 4756 At.
407 4729 437 4742 -
474 4706 518 4757 31.
547 4708 625 4757 stium
642 4722 723 4771 quom
740 4709 805 4757 satis
823 4708 878 4757 xzt
898 4715 923 4758 et
942 4724 997 4771 mg.
1018 4708 1089 4760 Crat.
1116 4734 1146 4746 -
1184 4710 1217 4760 Id
1237 4724 1291 4759 om.
1312 4723 1366 4771 mg.
1386 4707 1458 4757 Crat.
1482 4729 1514 4742 -

197 4779 240 4828 ³³2.
261 4782 371 4841 arpenta
388 4779 443 4826 tom
460 4777 482 4825 1.
505 4799 534 4812 -
571 4777 726 4840 quibusdem
743 4778 816 4829 billi·
855 4778 987 4836 (Correxit
1006 4779 1179 4845 Lambinus.)
1199 4806 1227 4818 -
1266 4781 1309 4829 at.
1331 4779 1433 4842 toquere
1452 4788 1515 4826 cosa·

195 4849 254 4897 sitio
273 4850 318 4909 lit,
337 4848 443 4912 toquere
460 4860 517 4898 cum
535 4847 642 4898 coruitio
661 4847 683 4899 l.
728 4874 761 4885 -
779 4847 822 4899 30.
842 4855 878 4900 est
891 4850 990 4913 enimi,
1010 4856 1039 4902 ut
1050 4851 1155 4904 solebat
1168 4852 1247 4903 Beier
1255 4849 1307 4901 00.
1324 4849 1344 4898 Ι.
1355 4862 1382 4913 p.
1397 4845 1458 4898 158.
