3256 5400
278 1288 845 1406 susumus·
880 1286 1337 1404 omncs

423 1522 837 1610 EPIS'I'OLARUM
873 1516 1185 1610 CICERONIS

530 1718 621 1804 Ar)
665 1714 1079 1805 FAMILIARES.

144 2219 262 2308 (invi
292 2239 335 2306 de
366 2239 562 2326 quoestione
594 2255 636 2306 ac
663 2237 856 2309 difficillimo
881 2237 1051 2323 explicatu
1077 2236 1187 2304 denuo
1220 2238 1325 2315 libere
1354 2239 1466 2308 dicere

143 2343 343 2435 aggredior,
379 2360 573 2429 quamquam
596 2359 618 2406 s
644 2340 812 2407 Politiauo
838 2343 873 2408 et
898 2340 1050 2408 l'ictorio
1075 2342 1124 2408 ito
1147 2342 1191 2409 sd
1218 2339 1374 2428 liquidum
1401 2345 1465 2413 ism

144 2448 305 2536 perducta
327 2445 435 2514 videri
455 2447 604 2529 poterat,
628 2448 665 2510 ut
684 2446 713 2510 si
734 2446 940 2530 posteriores
953 2443 1052 2512 'l'ullii
1068 2444 1295 2531 Epistularum
1316 2445 1466 2515 aditores

141 2551 395 2639 sapientissimis
416 2567 528 2616 eorum
544 2550 679 2615 munitis
700 2548 989 2632 obtemperassent
1011 2566 1119 2635 nequo
1138 2550 1175 2615 iu
1193 2547 1359 2616 diversam
1377 2551 1466 2619 siam

142 2658 286 2746 ingressi
309 2656 439 2721 nimium
460 2652 656 2719 tribuissent
679 2654 750 2717 suis
769 2649 958 2735 codicibus,
986 2670 1156 2738 perpauca
1177 2671 1260 2721 saue
1280 2653 1356 2720 mibi
1378 2654 1466 2721 tuis-

141 2765 218 2826 sent
237 2761 429 2826 aecurutius
453 2753 677 2841 enucleauds;
703 2753 782 2838 sed,
802 2753 893 2840 uuod
914 2757 1019 2821 motus
1040 2758 1108 2842 est,
1130 2774 1238 2842 nuper
1256 2756 1361 2824 amieo
1381 2776 1465 2843 meo,

142 2861 338 2945 Wundero,
363 2862 581 2947 patrocinium
595 2858 735 2924 aliorum
749 2855 850 2943 cdd,
872 2860 1030 2940 imprimis
1043 2858 1188 2930 Palatini
1201 2861 1306 2943 sexti,
1330 2860 1466 2933 Hittor.

143 2968 232 3051 pisnl
263 2970 363 3051 utque
393 2963 623 3041 Erturtensls,
653 2962 820 3047 speciosis
848 2963 962 3048 utiquo
998 2963 1185 3031 rationibus
1217 2962 1384 3030 adversus
1414 2983 1465 3031 me

141 3072 314 3154 suscipere
329 3069 469 3153 placuit3
486 3067 580 3151 isque
594 3083 616 3130 s
630 3065 740 3150 magui
756 3066 897 3131 nominis
912 3064 1109 3153 philologis,
1123 3065 1201 3151 miipl
1215 3070 1269 3153 qui
1284 3067 1464 3153 aliquando

142 3175 376 3250 assenserant,
399 3188 492 3236 suam
519 3169 706 3252 opinionem
732 3187 822 3237 nunc
849 3169 981 3254 probsri
1008 3173 1169 3256 testetur3
1201 3188 1243 3236 ex
1263 3189 1328 3256 qua
1354 3174 1465 3247 tamen

143 3275 334 3343 iudiciorum
363 3272 590 3359 discrepantia
617 3291 781 3357 nunquam
812 3272 904 3354 iore,
940 3276 977 3338 ut
1003 3273 1059 3338 vel
1087 3274 1249 3340 minimum
1283 3276 1480 3341 animorum·

142 3379 313 3448 discidium
338 3378 481 3460 orietur,
502 3373 654 3457 equidem
677 3377 834 3462 promitto
853 3393 895 3445 sc
919 3374 1081 3461 spondeo.
1125 3376 1235 3445 certis
1256 3379 1464 3466 argumentis

143 3486 198 3553 ubl
223 3484 424 3564 convincar,
445 3482 518 3566 ipse
537 3498 672 3546 errasse
695 3498 745 3547 me
762 3480 851 3547 ultro
868 3496 909 3548 ue
923 3479 1066 3545 libenter
1083 3479 1226 3548 lutobor.
1268 3481 1366 3548 Nune
1380 3500 1463 3549 vars

142 3590 204 3656 mei
227 3607 271 3654 ex
296 3588 396 3652 enimi
413 3585 601 3664 sententia,
622 3585 695 3651 siue
721 3583 921 3653 ullu-tamen
944 3582 1148 3672 cupiditate,
1175 3581 1464 3653 demonstraturus

141 3713 213 3759 sum
235 3693 269 3756 iu
290 3687 508 3756 recensendis
533 3688 706 3756 Ciceronis
730 3687 894 3772 Epistoils
913 3685 957 3753 sd
978 3687 1187 3771 Familiares,
1208 3690 1346 3773 praeter
1365 3682 1465 3755 unam

142 3794 348 3882 palimpsesti
368 3791 585 3858 'laurinensis
606 3791 779 3877 paginam,
801 3792 928 3857 unicam
950 3808 1027 3857 esse
1047 3793 1281 3861 sueturitstem
1301 3789 1361 3859 ed.
1380 3790 1464 3859 bla-

143 3899 227 3966 dieel
249 3893 327 3964 Sec.
347 3893 411 3961 xi.
434 3895 521 3961 l’lut.
540 3892 668 3960 xiix,
688 3893 749 3960 cd.
767 3892 846 3978 iic,
870 3895 992 3980 quippe
1014 3911 1087 3961 euna
1109 3912 1239 3983 omues,
1265 3895 1321 3983 qui
1344 3894 1465 3984 ubique

141 4007 240 4086 sunt,
262 4004 340 4087 post
361 3997 565 4065 Peirarcboe
588 3996 716 4063 demum
739 4003 890 4083 tempora
912 4016 955 4063 ex
976 4016 1043 4063 uno
1065 3998 1121 4062 illo
1142 3996 1316 4083 duxerint,
1339 4002 1398 4063 eut
1421 4016 1465 4064 ex

141 4107 217 4191 ipso
232 4103 412 4188 descripti,
432 4107 510 4183 nui,
533 4102 588 4184 qul
603 4102 706 4166 maior
725 4104 778 4167 est
798 4119 969 4181 uumerus,
992 4119 1037 4169 ex
1056 4102 1133 4168 aliis
1151 4100 1297 4168 eiusdem
1311 4120 1464 4191 apogra-

142 4208 217 4294 phis
231 4206 332 4273 ducti.
375 4203 469 4287 Quae
488 4203 618 4290 quidem
639 4222 695 4270 rcs
711 4209 837 4269 mortum
859 4205 972 4292 abest,
993 4210 1031 4271 ut
1044 4204 1146 4272 docta
1160 4203 1333 4271 dumtaxat
1348 4209 1463 4274 curlo-

141 4314 225 4378 siias
242 4313 277 4374 iu
298 4327 339 4374 es
359 4306 554 4374 extricanda
569 4310 698 4374 versari
716 4307 856 4391 debent,
877 4310 914 4372 ut
929 4311 1035 4374 omnis
1056 4326 1099 4374 ex
1119 4326 1160 4374 es
1176 4308 1322 4394 pendeat
1344 4314 1400 4376 via
1421 4328 1463 4379 ae

141 4416 227 4482 rstio
249 4413 386 4480 criticae
410 4411 621 4497 discipliuae,
657 4430 752 4498 quam
776 4413 810 4477 in
834 4411 1048 4479 emendandis
1072 4410 1126 4478 his
1150 4413 1301 4500 epistolis
1326 4417 1464 4483 secutus

140 4539 212 4585 sum
234 4518 358 4603 primus
376 4520 454 4601 post
476 4515 680 4590 victorium
704 4516 806 4605 louge
824 4517 892 4581 alis
909 4520 1039 4601 sutem,
1060 4519 1098 4584 ut
1120 4521 1240 4601 postes
1253 4517 1462 4606 significaui-

142 4640 233 4705 mus,
255 4623 277 4684 ii
292 4622 483 4687 necessario
499 4622 550 4684 usi
571 4625 650 4684 sunt
665 4623 883 4704 utunturque,
905 4621 960 4708 qul
980 4621 1119 4687 alteram
1133 4621 1366 4708 amplexsntur
1379 4638 1463 4686 sen·

142 4726 297 4809 tentiam,
318 4722 476 4790 videlieet
502 4725 664 4788 minimum
691 4721 773 4788 duas
795 4721 947 4789 diverses
971 4720 1054 4793 cul.
1080 4725 1221 4791 familias
1248 4740 1323 4792 esse
1349 4741 1463 4817 ugno-

141 4826 294 4895 seendos.
336 4823 406 4895 Sed
429 4831 502 4894 tota
522 4845 580 4893 res
600 4828 702 4894 altius
721 4825 907 4913 repetenda
928 4829 990 4895 est.
