3256 5400
441 254 515 316 Llll.
538 253 622 317 xffl.
663 256 723 319 ΕΡ.
745 257 797 319 51.
818 257 871 319 51.
891 257 942 320 55.
964 258 1015 321 bd.
1037 259 1088 321 55.
1112 260 1162 322 56.
1400 265 1463 328 255

143 409 284 495 mihique
319 417 449 495 propter
477 419 506 474 te
535 411 651 494 gratias
678 411 829 476 maximas
850 411 923 496 egit.
968 414 1088 489 Quare,
1111 415 1197 501 quod
1217 416 1373 504 reliquum
1395 429 1462 496 est,

143 526 161 569 a
187 513 218 568 te
240 513 331 587 peto,
354 503 501 588 quoniam
525 503 607 588 apud
629 514 734 589 gratos
754 504 897 569 homines
918 503 1103 571 beneficium
1118 509 1227 594 ponis,
1248 519 1284 575 ut
1304 531 1344 576 5ο
1364 510 1462 578 libon-

143 598 204 664 tius
221 597 272 684 iis
301 596 482 662 commodes
515 618 705 684 operamque
728 597 800 671 des,
829 597 932 684 quoad
955 598 1032 664 fides
1053 609 1105 666 tua
1129 602 1276 686 patietur,
1298 613 1333 669 51
1354 625 1463 671 socrus

143 691 349 757 adolescentis
375 711 428 754 rea
451 691 573 756 55551.
616 696 683 775 Ego
705 713 776 757 cum
805 700 894 757 antea
916 690 1055 758 studiose
1076 695 1332 763 commendabam
1353 698 1464 765 Μ5551·

143 785 239 858 555,
262 796 327 849 155
346 785 445 849 55115
467 806 548 850 5555
573 784 756 859 studiosius,
779 784 863 871 quod
889 786 922 850 in
944 785 1037 870 longa
1058 789 1252 873 apparitione
1273 790 1487 875 singularems

144 890 176 944 et
198 900 298 965 prope
318 877 534 944 incredibilem
563 878 660 965 patris
680 878 812 945 Marcilii
833 878 945 955 iidem,
982 877 1199 949 abstinentiam
1219 883 1464 971 modestiamque

142 993 286 1058 cognom.

618 1111 991 1198 5555555

527 1234 670 1300 CICERO
692 1236 857 1299 THERMO
879 1237 1019 1302 PROPR.
1040 1238 1071 1302 S.

229 1351 258 1413 1.
278 1349 343 1412 Etsi
366 1345 442 1410 mibi
461 1344 573 1411 videor
591 1344 796 1419 intellexisse,
818 1367 889 1411 cnm
908 1356 1010 1413 15555
1032 1347 1146 1433 Ephesi
1170 1347 1209 1414 de
1230 1370 1267 1415 re
1285 1356 1326 1418 Μ.
1339 1353 1459 1430 155511,
1473 1375 1498 1416 ιο

141 1440 235 1526 legati
257 1441 335 1512 mei,
358 1440 587 1513 1555155555,
610 1450 640 1505 15
661 1440 760 1526 ipsius
780 1461 874 1505 causa
894 1440 1095 1507 vehementer
1112 1442 1215 1507 omnia
1239 1445 1334 1519 velle,
1357 1455 1460 1512 15555

141 1544 174 1600 51
199 1539 240 1600 Μ.
271 1533 424 1599 Anneium
460 1534 534 1598 tanti
569 1533 668 1610 15515,
704 1546 740 1603 51
772 1533 849 1599 mibi
877 1533 953 1599 nibil
988 1543 1092 1619 putem
1127 1537 1459 1620 praetermittendam,

141 1627 229 1716 quod
249 1627 333 1694 illius
355 1627 496 1701 intersit,
530 1636 631 1692 5155
656 1651 674 1694 5
699 1627 825 1696 1515511
848 1626 915 1692 lieri
941 1637 1036 1713 puto,
1063 1638 1182 1694 51555
1204 1628 1361 1706 dubitem,
1384 1632 1460 1719 quin

140 1721 183 1787 ud
218 1730 302 1786 tuam
333 1720 522 1786 voluntatem
554 1743 682 1806 magnus
721 1722 862 1788 cumulus
896 1720 1022 1786 accedat
1057 1723 1334 1789 commendationis
1359 1745 1459 1791 meae.

141 1820 217 1879 Nam
248 1814 398 1880 numiam
418 1814 472 1880 diu
499 1814 662 1900 diligerem
684 1821 724 1881 Μ.
746 1815 899 1881 Anneium
921 1813 1022 1901 deque
1043 1835 1082 1880 eo
1106 1815 1151 1880 sic
1175 1816 1403 1893 existimarem,
1426 1827 1461 1884 ut
1474 1843 1500 1882 ιι

142 1929 195 1973 res
216 1907 366 1982 declarat,
389 1907 499 1993 †quae
515 1909 599 1973 ultro
615 1909 644 1973 ei
659 1909 824 1977 detulerim
840 1908 1041 1992 legationem,
1072 1929 1141 1972 555
1158 1909 1263 1974 551115
1284 1909 1461 1994 petentibus

142 2001 359 2085 denegassem
396 2011 461 2065 155
483 2024 580 2077 vero,
612 2013 815 2091 posteaquam
845 2022 966 2067 mecum
989 2002 1020 2066 in
1048 2001 1131 2067 bello
1153 2012 1245 2088 atque
1267 2004 1357 2067 inre
1379 2003 1458 2069 mili-

142 2095 202 2160 tari
224 2094 296 2168 luit,
319 2102 432 2159 155155
456 2095 486 2158 15
509 2117 548 2160 55
569 2095 730 2171 virtutem,
758 2094 975 2183 prudentiam,
998 2094 1090 2159 fidem
1113 2105 1289 2182 tantamque
1312 2117 1385 2182 erga
1408 2118 1459 2162 me

83 2227 90 2239 ·
142 2186 390 2252 benevolentiam
412 2188 558 2271 cognovi,
588 2198 622 2253 ut
643 2188 801 2255 bominem
823 2190 978 2254 neminem
1000 2188 1100 2275 pluris
1123 2189 1243 2254 155155.
1286 2194 1366 2254 Eum
1388 2212 1458 2255 oum

142 2281 299 2347 Sardianis
320 2281 435 2347 babere
470 2284 715 2348 controversiam
744 2284 814 2349 5515.
857 2279 986 2349 Causam
1013 2281 1069 2349 tibi
1083 2278 1297 2368 'exposuimus
1325 2283 1497 2370 Ephesiae

141 2397 234 2462 quam
257 2384 290 2440 tu
310 2386 412 2441 tamen
430 2399 538 2441 coram
557 2375 677 2442 iacilius
701 2377 874 2463 meliusque
892 2396 1071 2461 cognosces.
1114 2381 1143 2440 5.
1166 2380 1212 2440 De
1231 2376 1355 2463 reliquo
1382 2377 1459 2444 mibi

141 2469 319 2535 mehercule
341 2470 394 2536 diu
416 2469 546 2535 dubium
569 2469 642 2544 luit,
665 2470 741 2557 quid
759 2470 798 2534 ad
821 2479 851 2534 15
867 2469 1062 2555 5511551555
1082 2467 1261 2533 scriberem.
1305 2473 1357 2534 lus
1373 2471 1457 2535 enim

141 2561 402 2649 quemadmodum
423 2563 521 2638 dicas,
552 2564 667 2628 clarum
695 2573 725 2629 51
750 2585 947 2648 magnacum
972 2573 1025 2628 tua
1049 2562 1141 2626 laude
1168 2572 1275 2627 notum
1297 2571 1353 2628 551.
1396 2568 1459 2630 Νο-

56 2660 62 2673 ’
141 2654 190 2721 1115
219 2656 377 2722 antemio
404 2657 461 2721 1155
483 2679 575 2722 55555
604 2657 680 2722 nibil
712 2656 795 2723 aliud
825 2679 903 2742 opus
930 2666 977 2720 551
1005 2655 1065 2720 5151
1095 2666 1124 2720 15
1156 2659 1204 2727 ius
1234 2655 1373 2721 instituto
1403 2666 1459 2723 tuo

140 2749 256 2815 dicere.
300 2750 361 2816 Sed
383 2759 485 2815 15555
507 2772 579 2816 555
600 2773 650 2815 55
676 2773 738 2816 555
760 2750 876 2835 fugiat,
900 2759 1013 2836 quanta
1035 2748 1074 2813 sit
1099 2748 1131 2813 15
1157 2756 1303 2834 praetore
1323 2752 1497 2816 auctori-o

141 2854 207 2918 tas,
238 2844 421 2930 praesertim
442 2844 500 2909 ista
522 2845 711 2928 integritate,
733 2844 898 2930 gravitate,
921 2843 1099 2914 clementia,
1135 2852 1249 2928 quate
1280 2863 1350 2907 esse
1376 2844 1457 2911 inter

140 2958 250 3003 omnes
274 2945 407 3010 constat,
429 2946 502 3023 peto
524 2936 579 3001 abs
599 2946 628 3002 te
647 2960 705 3024 pro
734 2947 840 3003 nostra
862 2935 1113 3002 coniunctissima
1138 2935 1365 3000 necessitudine
1387 2937 1455 3022 plu-

141 3030 291 3117 rimisque
313 3029 425 3096 officiis
444 3030 572 3117 paribus
592 3052 628 3095 ac
651 3031 783 3106 mutuis,
806 3043 840 3098 ut
860 3029 1030 3104 voluntate,
1053 3029 1253 3101 auctoritate,
1277 3029 1379 3095 studio
1402 3039 1457 3096 tuo

141 3121 299 3210 perficias,
335 3132 370 3189 ut
395 3129 436 3190 Μ.
456 3125 592 3190 Anneius
614 3123 764 3209 intelligat
786 3134 816 3190 15
836 3133 868 3190 51
898 3121 957 3188 51111
976 3122 1110 3187 551555
1132 3143 1200 3187 5555
1224 3154 1261 3166 -
1285 3123 1371 3208 quod
1393 3145 1455 3188 non

141 3216 276 3294 dubitat;
309 3239 402 3303 saepe
420 3218 502 3282 enim
520 3240 641 3283 mecum
661 3219 782 3284 locutus
805 3227 853 3283 551
874 3253 912 3264 -
935 3226 966 3282 51
987 3216 1085 3281 55115
1107 3215 1287 3279 amiciorem
1310 3217 1357 3282 bis
1378 3218 1456 3283 meis
1470 3239 1497 3277 ιιι

141 3311 252 3376 litteris
272 3332 341 3377 esse
363 3312 486 3377 155155.
527 3317 562 3376 15
585 3321 639 3378 155
661 3321 727 3377 1515
747 3311 881 3398 imperio
901 3320 993 3397 atque
1014 3308 1176 3395 provincia
1196 3308 1272 3372 nihil
1288 3319 1345 3384 551,
1368 3309 1453 3394 qnod

141 3403 217 3470 mibi
228 3409 344 3490 gratius
360 3405 461 3469 lacere
482 3405 593 3490 possis.
637 3410 717 3480 lam,
741 3405 823 3492 apud
842 3404 942 3490 ipsum
960 3402 1169 3487 gratissimum
1186 3401 1342 3467 hominem
1361 3415 1455 3490 atque

140 3498 292 3584 optimum
322 3499 424 3564 virum
446 3521 538 3585 quarn
563 3497 643 3564 bene
668 3499 827 3586 positurus
847 3498 891 3564 sis
913 3497 1049 3564 studium
1072 3504 1159 3562 tuum
1184 3504 1277 3582 atque
1298 3495 1455 3571 officinm,

140 3591 283 3659 dubitare
304 3602 334 3657 15
356 3612 419 3657 555
441 3591 596 3657 existimo

598 3759 993 3842 55555555
1468 3782 1497 3819 s

525 3885 667 3950 CICERO
689 3883 854 3947 THERMO
876 3881 1015 3946 PROPR.
1037 3882 1069 3945 S.
1089 3921 1090 3924 =

223 3999 253 4060 1.
289 3995 416 4062 Cluvius
443 3995 630 4061 Puteolanus
652 3994 742 4060 valde
768 4014 818 4058 me
847 3991 994 4058 observat
1021 3988 1173 4078 valdeque
1198 3999 1245 4055 est
1267 3991 1344 4057 mibi
1368 3991 1457 4058 sami-

139 4088 236 4154 liaris.
278 4093 307 4155 ls
333 4089 375 4154 115
401 4086 461 4152 sibi
482 4087 662 4175 persuadet,
685 4086 770 4174 quod
792 4087 824 4151 in
848 4096 900 4151 155
921 4084 1082 4172 provincia
1103 4085 1220 4170 negotii
1246 4083 1373 4160 babeat,
1397 4085 1455 4152 nisi

140 4192 171 4248 te
192 4183 384 4270 provinciam
408 4180 566 4247 obtinente
592 4182 670 4246 meis
690 4177 1009 4246 commendationibus
1027 4177 1212 4252 coniecerit,
1235 4178 1267 4243 id
1289 4200 1323 4244 se
1338 4177 1370 4243 in
1385 4199 1456 4262 per-

140 4276 212 4342 ditis
236 4286 267 4342 et
291 4276 462 4360 desperatis
484 4274 673 4341 habiturum.
715 4277 819 4350 Nunc,
841 4271 989 4360 quoniam
1008 4271 1083 4336 mibi
1106 4271 1145 4337 ab
1172 4271 1273 4337 amico
1292 4271 1455 4337 officiosis·
1468 4294 1496 4333 ιιι

139 4370 220 4436 5155
241 4379 359 4436 tantum
384 4373 489 4434 555115
511 4368 704 4455 imponitur,
736 4388 796 4453 ego
819 4386 945 4454 quoque
981 4363 1037 4430 tibi
1064 4365 1221 4452 imponam
1245 4387 1305 4452 pro
1333 4365 1394 4432 tuis
1423 4364 1455 4430 15

208 4598 235 4648 2.
254 4599 381 4662 quoniam
398 4597 441 4648 M:
460 4611 540 4661 55551
557 4596 588 4647 ll.
607 4620 641 4634 -
677 4596 704 4648 3.
723 4599 757 4647 so
775 4595 908 4647 Orellins:
928 4595 969 4644 lats
986 4594 1045 4645 ΜΕ.
1071 4619 1098 4630 -
1138 4595 1181 4642 10.
1200 4608 1235 4644 m.
1255 4597 1363 4644 5555511
1375 4596 1412 4646 Μ.
1426 4618 1454 4630 -

140 4668 183 4720 14.
214 4669 436 4718 commendatione
457 4681 516 4718 msc
534 4666 573 4730 (ut
592 4666 651 4718 Lib.
673 4667 714 4716 vl.
740 4680 782 4729 ep.
803 4666 830 4716 8.
849 4672 876 4716 51
895 4665 954 4714 Lib.
974 4664 1048 4713 xlll.
1069 4677 1113 4727 55.
1134 4662 1189 4725 17.)
1209 4664 1402 4714 Schneideros.
1425 4687 1456 4701 -

140 4739 183 4790 td.
202 4739 321 4790 (15515551
338 4751 403 4802 qnos
420 4736 469 4787 bl:
488 4738 623 4798 declarat,
642 4737 711 4801 qood
728 4736 760 4788 ll.
796 4738 868 4788 Fort.
887 4735 1017 4790 declarat,
1050 4740 1104 4798 qos'.
1125 4734 1204 4784 Baar.
1224 4735 1317 4786 Malim
1328 4735 1458 4795 55515551,

138 4816 169 4860 ot
188 4810 241 4873 qut.
262 4808 313 4860 01.
334 4830 365 4844 -
401 4806 445 4858 27.
463 4807 668 4872 515511ιί5555
686 4806 723 4860 Μ.
745 4830 775 4844 -
812 4807 856 4858 aa.
874 4820 911 4856 ιιι.
929 4805 1065 4855 mandor
1082 4804 1119 4855 Μ.
1142 4827 1171 4839 -
1206 4803 1251 4856 to.
1271 4806 1395 4870 qnoniam
1411 4803 1457 4857 Ma

139 4878 269 4943 5555111.
