3256 5400
184 228 247 290 722
688 217 747 277 ΕΡ.
769 215 821 276 ΑΙ)
842 211 1014 276 ATTICUM

185 382 250 447 divi
271 416 329 455 -,
360 388 405 452 et,
435 375 548 440 satisne
575 379 680 457 paret,
708 369 791 435 unde
819 372 1007 454 corruptus?
1050 370 1080 431 7.
1108 371 1193 432 llaec
1213 387 1286 432 cum
1314 362 1511 438 scriberem,

185 484 302 540 tantum
332 471 416 559 quod
437 464 653 532 existimabam
682 461 722 528 ad
743 473 773 528 te
800 463 975 528 orationem
998 481 1066 525 esse
1094 460 1255 545 perlatam.
1298 459 1384 534 Hui,
1416 479 1511 544 quam

184 567 296 639 timeo,
324 563 399 649 quid
427 559 603 625 existimes!
639 557 705 623 Etsi
726 556 802 643 quid
824 555 862 621 ad
884 577 951 629 me,
980 575 1061 641 quae
1083 577 1146 620 nou
1168 559 1208 620 sit
1231 553 1321 620 foras
1346 551 1511 638 proditura

185 660 244 726 uisi
266 679 302 725 re
323 654 447 742 publica
468 653 663 738 reciperata?
692 656 739 716 De
761 671 824 735 quo
846 648 923 736 quid
944 669 1084 734 sperem,
1107 669 1171 714 uon
1192 648 1297 714 audeo
1319 645 1476 713 scribere.

643 831 722 893 xre.
765 824 811 911 (a.
840 829 872 893 a.
896 830 928 891 e.
951 825 1038 900 710.)

659 978 800 1044 eterne
823 977 968 1040 arrico
990 978 1023 1040 s.

270 1127 296 1186 l.
319 1141 363 1186 vr.
386 1120 453 1186 Ital.
475 1118 580 1204 accepi
602 1140 620 1182 a
642 1116 803 1183 Dolabella
825 1117 958 1189 litteras,
981 1136 1115 1200 quarum
1137 1116 1318 1203 exemplum
1340 1114 1401 1181 tibi
1424 1115 1509 1194 misi;

181 1214 349 1301 inquibus
372 1222 439 1278 erat
460 1217 564 1277 omnia
587 1232 621 1276 se
643 1211 770 1282 secisse,
800 1230 881 1295 quae
911 1220 944 1274 tu
967 1207 1075 1274 velles.
1118 1210 1228 1275 Statim
1251 1210 1280 1275 ei
1302 1208 1459 1294 rescripsi
1480 1217 1511 1274 et

182 1309 286 1374 multis
313 1306 418 1372 verbis
447 1306 563 1390 gratias
591 1305 651 1390 egi.
695 1303 757 1368 Sed
779 1314 899 1377 tamen,
929 1302 1175 1376 demiraretur,
1206 1324 1263 1367 cur
1284 1303 1371 1368 idem
1396 1304 1510 1368 iterum

147 1416 173 1459 ¹⁰
181 1402 333 1476 iacerem,
356 1402 416 1466 hoc
436 1421 548 1465 causae
570 1398 705 1483 sumpsi,
733 1396 819 1482 quod
841 1418 882 1461 ex
905 1407 935 1461 te
958 1395 1027 1481 ipso
1049 1417 1155 1460 coram
1178 1406 1267 1461 antea
1288 1397 1370 1463 nihil
1390 1399 1511 1483 potuis·

182 1515 247 1561 sem
269 1513 469 1578 cognoscere.
512 1492 573 1557 Sed
595 1490 671 1577 quid
693 1491 811 1554 multat
841 1490 974 1555 Litteras
996 1489 1055 1554 boc
1075 1490 1223 1575 exemplo
1244 1489 1336 1555 dedi:

516 1659 658 1725 CICERO
681 1659 944 1723 DOLABELLAE
966 1660 1050 1725 eOS.
1082 1659 1168 1722 SUO.

180 1805 210 1866 2.
234 1806 357 1876 „Antea
379 1819 448 1863 cum
471 1798 583 1863 litteris
600 1796 692 1862 Attici
714 1796 815 1861 nostri
837 1795 876 1860 de
893 1807 944 1861 tua
966 1817 1086 1862 summa
1108 1795 1296 1862 liberalitate
1318 1819 1508 1886 summoque

181 1915 255 1979 erga
281 1915 315 1958 se
343 1891 496 1956 beneficio
524 1892 642 1957 certior
670 1891 770 1955 lactus
798 1912 915 1965 essem;
947 1912 1081 1977 cumque
1108 1901 1143 1955 tu
1171 1891 1237 1974 ipse
1265 1890 1360 1956 etiam
1389 1891 1430 1956 ad
1458 1912 1507 1957 me

145 1988 357 2072 rescripsisses
380 1995 409 2049 te
431 1985 543 2050 secisse
565 2006 618 2059 ea,
647 2006 727 2070 quae
749 2005 807 2048 nos
829 1985 1054 2049 voluissemus:
1088 1988 1138 2070 egi
1160 1982 1216 2048 tibi
1239 1985 1356 2069 gratias
1378 2007 1438 2071 per
1460 1986 1508 2050 lit·

181 2091 262 2146 teras
289 2080 326 2145 iis
353 2077 472 2150 verbis,
504 2089 540 2143 ut
566 2078 772 2162 intelligeres,
806 2078 884 2142 nibil
911 2088 940 2142 te
970 2079 1046 2144 mibi
1075 2079 1193 2163 gratius
1218 2077 1323 2142 lacere
1352 2080 1506 2164 potuisse.

179 2179 289 2240 Postea
311 2193 388 2237 vero
410 2194 504 2258 quam
526 2175 594 2258 ipse
616 2172 734 2238 Atticus
762 2172 803 2236 ad
825 2194 875 2237 me
897 2172 1036 2236 venitin
1059 2171 1268 2237 Tusculanum
1297 2171 1391 2237 buius
1413 2173 1506 2239 unius

179 2267 226 2331 rei
254 2286 361 2338 causa,
392 2265 447 2330 tibi
476 2276 511 2331 ut
532 2265 614 2351 apud
643 2286 693 2330 me
715 2269 830 2350 gratias
852 2275 973 2350 ageret,
1003 2267 1093 2331 cuius
1115 2265 1262 2330 eximiam
1294 2265 1453 2350 quandam
1476 2275 1506 2331 et

179 2358 394 2424 admirabilem
422 2361 453 2424 in
475 2380 567 2424 eausa
589 2358 752 2424 Buthrotia
782 2359 971 2424 voluntatem
994 2370 1025 2424 et
1046 2360 1235 2444 singularem
1264 2378 1339 2442 erga
1362 2379 1397 2424 se
1419 2380 1505 2423 amo·

142 2467 246 2517 aorem
270 2453 493 2538 perspexisset;
517 2453 616 2518 teneri
638 2475 701 2518 non
716 2453 820 2539 potui,
843 2454 917 2538 quin
940 2453 996 2518 tibi
1018 2454 1157 2539 apertius
1180 2451 1256 2517 illud
1278 2451 1362 2516 idem
1386 2451 1435 2517 bis
1456 2452 1504 2516 lit·

179 2547 255 2611 teris
277 2546 477 2611 declararem.
516 2551 565 2611 Ex
582 2546 728 2611 omnibus
750 2547 850 2620 enim,
874 2548 916 2610 mi
931 2547 1105 2620 Dolabella,
1128 2546 1238 2611 studiis
1260 2547 1293 2610 in
1309 2567 1360 2609 me
1383 2557 1416 2610 et
1437 2547 1503 2610 offi-

179 2640 251 2715 ciis,
274 2661 354 2725 quae
376 2660 495 2704 summa
518 2648 606 2713 sunt,
637 2639 696 2704 boc
717 2641 797 2704 scito
819 2640 895 2704 mibi
917 2650 948 2705 et
969 2640 1195 2726 amplissimum
1218 2639 1317 2704 videri
1340 2648 1371 2703 et
1393 2639 1504 2724 gratis·

179 2733 291 2797 simum
320 2753 403 2805 esse,
433 2731 518 2817 quod
548 2732 733 2816 perfeceris,
764 2741 798 2795 ut
819 2733 937 2797 Atticus
965 2733 1167 2818 intelligeret,
1199 2746 1347 2819 quantum
1372 2752 1433 2816 ego
1457 2744 1501 2806 te,

179 2836 327 2910 quantum
355 2837 387 2890 tu
415 2846 465 2889 me
487 2846 620 2888 amares.
665 2830 694 2888 3.
726 2825 819 2902 Quod
841 2826 996 2912 reliquum
1020 2836 1080 2900 est,
1108 2826 1301 2892 Buthrotiam
1325 2835 1356 2889 et
1378 2847 1501 2891 causam

141 2929 212 2982 eset
238 2920 405 2989 civitatem,
439 2926 627 3004 quamquam
655 2940 672 2982 a
703 2929 732 2982 te
754 2920 920 2984 constituta
948 2931 1055 2984 est-
1082 2918 1232 2984 beneficia
1261 2928 1366 2984 autem
1395 2931 1501 2984 nostra

178 3014 260 3078 tueri
289 3013 426 3077 solemus
447 3050 506 3084 -‚
529 3023 632 3077 tamen
655 3012 749 3076 velim
772 3024 929 3098 receptam
957 3013 989 3077 in
1012 3012 1105 3077 fidem
1127 3024 1212 3077 tuam
1235 3035 1252 3076 a
1274 3035 1388 3099 meque
1408 3014 1502 3079 etiam

178 3116 271 3191 atque
301 3105 392 3170 etiam
421 3104 478 3170 tibi
506 3106 768 3180 commendatam,
798 3108 983 3171 auctoritate
1010 3118 1041 3172 et
1062 3106 1180 3172 auxilio
1209 3117 1263 3172 tuo
1285 3119 1396 3171 tectam
1426 3107 1502 3172 velis

179 3220 256 3263 esse.
293 3200 373 3263 Satis
396 3200 456 3262 erit
476 3199 508 3263 in
527 3209 714 3284 perpetuum
733 3199 904 3264 Buthrotiis
927 3200 1074 3285 praesidii
1096 3221 1268 3286 magnaque
1290 3221 1366 3265 cura
1389 3211 1420 3265 et
1442 3202 1502 3265 sol-

178 3291 339 3356 licitudine
361 3297 493 3356 Atticum
516 3303 618 3357 elme
640 3291 800 3366 liberaris,
830 3293 857 3357 si
878 3293 938 3357 boc
959 3294 1088 3360 honoris
1110 3295 1172 3358 mei
1193 3316 1286 3360 causa
1308 3295 1501 3381 susceperis,

141 3394 214 3449 aaut
236 3405 290 3449 ees
312 3405 437 3469 semper
458 3396 522 3450 ate
544 3384 691 3450 deleusos
712 3386 799 3451 velis.
842 3387 936 3464 Quod
957 3400 992 3453 ut
1005 3389 1116 3463 facias,
1139 3398 1170 3454 te
1185 3388 1387 3454 vehementer
1408 3388 1501 3452 etiam

180 3486 273 3561 atque
298 3480 391 3542 etiam
415 3485 523 3563 rogo.”

262 3575 293 3634 4.
316 3571 370 3635 His
388 3571 498 3637 litteris
520 3572 660 3658 scriptis,
684 3594 733 3637 me
755 3572 793 3638 ad
811 3576 974 3652 συντάξεις
996 3574 1083 3652 dedi;
1106 3597 1186 3663 quae
1209 3575 1351 3663 quidem,
1375 3595 1500 3647 vereor,

182 3683 220 3725 ne
243 3663 368 3728 miniata
390 3666 493 3729 cerula
516 3676 568 3731 tua
593 3665 734 3752 pluribus
757 3667 834 3733 locis
856 3668 1009 3734 notandae
1031 3669 1107 3735 siut:
1137 3671 1179 3735 ita
1201 3691 1270 3735 sum
1290 3683 1450 3753 μετέωρος
1472 3676 1504 3732 et

184 3756 303 3840 magnis
324 3757 563 3840 cogitationibus
585 3760 761 3846 impeditus.

249 3977 273 4024 1.
290 3982 369 4036 porat
386 3976 548 4027 Lambinus:
567 3985 641 4040 patet
660 3979 733 4038 bllll,
753 3987 842 4042 pateat
857 3982 1007 4033 Ernestius.
1028 4007 1059 4017 -
1088 3987 1223 4043 correptas
1242 3996 1303 4031 eum
1320 3981 1388 4031 Cod.
1402 3982 1502 4031 Fadrui

179 4045 346 4096 Schuetzius.
368 4072 398 4082 -
425 4049 452 4096 2.
473 4049 719 4112 erseprebar'qnam
737 4051 773 4108 Μ,
792 4054 977 4114 easepraeoae'.
994 4053 1078 4114 04444
1097 4052 1142 4101 Rl.
1169 4053 1253 4109 (Corr.
1269 4067 1298 4102 er
1314 4067 1369 4113 mg.
1384 4053 1499 4107 Crat.)-

179 4115 205 4165 3.
224 4115 302 4178 guae]
322 4116 391 4178 quod
409 4116 430 4168 l.
459 4141 489 4153 -
526 4118 552 4167 4.
572 4125 729 4180 recuperata
748 4121 822 4171 Mill.
844 4148 872 4158 -
910 4123 1131 4172 7.Se2101.-
1169 4122 1194 4170 3.
1215 4123 1359 4183 Statimque
1377 4123 1503 4185 rescripsi

180 4185 201 4234 1.
224 4209 253 4220 -
282 4187 557 4238 lambuerint:
577 4190 808 4249 eumlitereabll,
828 4192 1330 4253 camperlttteroreumdsc.sec.ll.
1352 4217 1382 4227 —
1411 4194 1454 4242 15.
1476 4200 1503 4241 te

179 4269 233 4305 om.
256 4257 276 4305 l.
306 4279 336 4290 -
373 4256 415 4306 to.
440 4260 479 4307 tes
496 4257 548 4307 ΜΙ.
579 4284 606 4295 -
646 4260 689 4308 18.
718 4269 826 4322 operat,
845 4265 918 4312 cutes
937 4264 975 4312 R:
1002 4270 1138 4326 operatae
1157 4270 1214 4311 tam
1233 4277 1272 4325 pr.
1292 4264 1334 4321 Μ,
1363 4268 1502 4326 egereret

178 4331 253 4374 tuam
271 4326 282 4374 l
300 4330 327 4374 et
345 4338 416 4377 corr.
435 4329 480 4386 Μ,
500 4336 606 4390 egeret,
625 4334 653 4377 44
673 4332 746 4378 cuius
765 4344 826 4381 cum
845 4347 915 4382 corr.
935 4333 961 4381 Μ
981 4338 1007 4381 et
1025 4333 1079 4381 lae.
1100 4332 1237 4384 Gronovio
1256 4333 1287 4382 tt.
1310 4359 1336 4369 -
1371 4335 1414 4382 19.
1435 4345 1503 4394 erga

179 4408 211 4443 44
227 4408 326 4444 morem
345 4409 385 4457 pr.
404 4397 445 4454 Μ,
465 4412 529 4460 erpa
546 4412 586 4447 me
604 4413 720 4449 amorem
740 4406 767 4450 ot
784 4416 847 4464 erpa
866 4417 891 4452 re
909 4416 1027 4452 amorem
1044 4416 1115 4453 corr.
1134 4403 1170 4452 Μ.
1194 4428 1222 4439 -
1260 4403 1303 4452 20.
1324 4408 1408 4452 tenere
1428 4403 1499 4450 tt.-

178 4466 222 4514 2³.
241 4472 368 4529 quantam
385 4480 430 4529 epo
449 4474 473 4516 tc
491 4482 545 4517 om.
566 4469 589 4518 l.
619 4493 648 4505 -
684 4470 728 4519 et.
748 4479 875 4534 quantum
896 4482 924 4523 tu
942 4473 995 4522 ut:
1014 4485 1095 4534 qaam
1113 4479 1142 4520 14
1160 4486 1222 4521 euru
1242 4473 1360 4523 victorio
1380 4473 1409 4521 E.
1449 4472 1501 4529 (Da

178 4534 205 4584 Μ
229 4550 283 4585 444
301 4535 406 4599 liquet.)
436 4560 466 4571 -
502 4540 545 4587 27.
571 4544 650 4603 atquc
667 4541 749 4589 etiam
771 4555 825 4591 om.
848 4558 887 4606 pr.
907 4543 945 4594 Μ.
972 4567 1006 4578 -
1043 4547 1066 4590 et
1083 4545 1242 4592 auctoritate
1266 4543 1297 4593 tt.
1325 4565 1350 4575 -
1390 4538 1498 4604 tectam]

179 4611 236 4655 4414
253 4606 289 4662 Μ,
310 4612 395 4656 tutam
413 4605 425 4653 l
443 4612 470 4656 et
488 4621 541 4670 mg.
560 4611 597 4659 Μ.
619 4636 646 4646 -
678 4611 809 4660 eutecetis
828 4612 849 4660 l.
873 4637 902 4648 -
930 4612 974 4662 28.
990 4609 1131 4683 praeridit]
1151 4614 1255 4662 consilia·
1275 4613 1304 4662 tt.
1326 4638 1356 4648 -
1386 4613 1430 4661 33.
1451 4613 1501 4660 ma·-

179 4678 256 4725 niatu
273 4678 362 4726 cerula
380 4672 437 4737 tou]
455 4679 571 4728 miniato
588 4681 673 4730 ceroto
685 4685 732 4730 444
752 4681 793 4740 Μ,
813 4685 894 4732 minio
913 4697 945 4732 oc
960 4697 1022 4734 cero
1041 4691 1088 4733 444
1106 4684 1141 4744 tt,
1161 4685 1245 4733 nimia
1258 4685 1395 4743 tapetium)
1409 4687 1456 4731 tue
1477 4681 1498 4730 l.

180 4743 313 4809 (Correxit
331 4746 507 4811 Politianus.)
524 4775 556 4785 -
592 4751 714 4800 notando
732 4751 777 4799 lll.
