3256 5400
638 238 711 299 blB.
733 237 815 299 xtv.
859 237 917 296 ΕΡ.
942 235 990 295 ta.
1404 240 1466 302 699

144 397 185 463 tia
206 417 276 460 mea
298 394 399 459 levior
422 394 461 456 sit
482 393 564 479 apud
586 404 626 458 te.
672 390 794 470 Quodsi
815 389 937 455 bonitas
958 400 1010 454 tua
1034 390 1232 476 responderit
1253 390 1371 458 iudicio
1385 416 1465 469 meo,

143 490 227 576 quod
250 509 374 574 semper
394 486 489 551 babui
512 487 551 550 dc
578 497 625 559 te,
663 485 820 572 gaudebo.
863 488 892 550 2.
915 491 938 548 t
963 488 1096 549 Caesare
1119 485 1209 570 petii,
1241 495 1275 549 ut
1298 490 1370 551 Sex.
1397 488 1467 552 Clo-

143 583 229 648 dium
262 583 460 657 restitueret;
497 581 671 666 impetravi.
736 584 809 645 Erat
838 578 914 642 mibi
944 578 975 641 in
1005 578 1111 642 animo
1149 579 1308 644 etiamtum
1341 581 1386 645 sic
1421 582 1466 646 uti

143 673 296 741 beneficio
317 677 400 748 eius,
435 677 461 740 si
484 684 518 740 tu
539 675 757 740 concessisses.
809 675 882 750 Quo
904 672 1001 755 magis
1024 672 1147 744 laboro,
1176 682 1211 737 ut
1233 683 1285 738 tua
1307 674 1466 738 voluntate

142 770 173 833 id
203 790 260 855 per
288 791 338 832 me
366 770 469 834 lacere
499 789 581 833 nunc
609 769 708 833 liceat.
768 767 888 844 Quodsi
922 767 1084 830 duriorem
1118 776 1149 830 te
1171 767 1238 831 eius
1270 772 1403 831 miserae
1436 779 1485 833 ets

142 863 273 927 alllictae
296 862 438 927 fortunae
462 860 604 948 praebes,
634 883 695 925 non
725 860 908 925 contendam
932 881 992 944 ego
1014 860 1164 924 adsersus
1187 870 1226 924 te.
1270 863 1466 946 Quamquam

143 956 253 1021 videor
275 955 390 1020 debere
413 955 493 1020 tueri
516 960 774 1019 commentarium
797 954 948 1019 Caesaris.
1008 954 1068 1018 Sed
1092 955 1288 1029 mehercule,
1311 955 1337 1019 si
1361 955 1468 1020 buma-

143 1051 224 1114 niter
246 1060 277 1114 et
298 1051 454 1135 sapienter
476 1061 506 1114 ct
527 1049 703 1113 amabiliter
725 1049 756 1112 in
784 1068 834 1111 me
863 1047 1001 1131 cogitare
1030 1048 1092 1119 vis,
1130 1048 1250 1111 facilem
1272 1051 1414 1133 prolecto
1436 1061 1467 1114 te

142 1142 307 1230 praebebis
329 1154 360 1207 et
381 1144 467 1208 voles
490 1148 522 1208 Ρ.
546 1144 710 1216 Clodium,
744 1141 861 1226 optima
884 1138 915 1202 in
938 1161 993 1226 spe
1015 1161 1148 1225 puerum
1171 1143 1365 1227 repositum,
1402 1143 1469 1207 exi·

143 1239 269 1301 stimare
292 1259 353 1301 non
376 1248 406 1300 te
428 1238 611 1301 insectatum
633 1257 716 1306 esse,
739 1255 810 1298 cum
832 1234 989 1318 potueris,
1019 1234 1134 1298 amicos
1157 1245 1314 1320 paternos.
1358 1241 1389 1303 3.
1412 1241 1505 1301 ΡΜ

143 1339 227 1403 tere,
264 1330 415 1405 obsecro,
452 1341 482 1394 te
506 1351 621 1415 prore
643 1327 767 1414 publica
799 1327 900 1392 rideri
921 1328 1054 1411 gessisse
1076 1330 1261 1395 simultatem
1285 1350 1355 1393 cum
1378 1342 1468 1415 patre

142 1425 221 1488 eius.
264 1429 331 1489 Non
350 1424 577 1510 contempseris
595 1421 673 1486 banc
695 1421 852 1484 familiam.
896 1422 1065 1485 Honestius
1088 1422 1171 1485 enim
1193 1431 1225 1485 et
1246 1421 1393 1488 libentius
1415 1424 1469 1489 de·

143 1519 289 1603 ponimus
321 1519 496 1582 inimicitias
526 1518 573 1581 rei
604 1516 747 1602 publicae
773 1515 899 1578 nomine
929 1526 1088 1599 susceptas
1118 1536 1212 1600 quam
1245 1519 1467 1582 contumaciae.

142 1617 192 1677 Me
215 1612 327 1676 deinde
349 1613 416 1676 sine
438 1611 476 1675 ad
499 1611 577 1675 banc
598 1610 779 1696 opinionem
802 1609 862 1672 iam
887 1630 967 1672 nunc
990 1609 1127 1692 dirigere
1148 1631 1281 1694 puerum
1305 1621 1336 1674 et
1361 1621 1468 1677 tenero

143 1709 247 1772 animo
270 1707 336 1770 eius
359 1706 549 1791 persuadere
582 1725 645 1768 non
674 1726 743 1768 esse
773 1701 938 1767 tradendas
966 1705 1100 1788 posteris
1122 1705 1308 1769 inimicitias.
1353 1709 1505 1782 Quam-n

144 1823 236 1888 quam
260 1809 342 1864 tuam
366 1801 539 1873 l'ortuuam,
577 1799 704 1871 Cicero,
738 1796 776 1861 ab
799 1797 884 1861 omni
907 1796 1048 1882 periculo
1072 1796 1180 1862 abesse
1202 1808 1323 1864 certum
1346 1798 1467 1872 babeo,

143 1904 246 1959 tamen
286 1892 423 1957 arbitror
459 1893 550 1957 malle
587 1901 617 1955 te
663 1891 801 1976 quietam
833 1899 1024 1954 senectutem
1061 1904 1092 1956 et
1128 1891 1331 1957 honorificam
1363 1894 1468 1979 potius

142 2009 237 2074 agere
270 2008 362 2073 quam
396 1987 569 2053 sollicitam.
623 1990 787 2051 Postremo
818 2004 888 2048 meo
916 1984 986 2048 iure
1016 1994 1046 2048 te
1074 1985 1135 2051 boc
1163 1986 1348 2051 beuelicinm
1376 2008 1467 2071 rogo.

142 2083 224 2148 Nihil
257 2082 339 2146 enim
369 2102 432 2146 uon
463 2092 515 2146 tua
544 2101 636 2145 cansa
658 2078 728 2144 leci.
773 2076 914 2156 Quodsi
944 2099 1007 2143 non
1030 2084 1181 2165 impetro,
1204 2102 1263 2168 per
1284 2102 1334 2144 me
1358 2081 1468 2145 Clodio

143 2177 273 2242 daturus
295 2199 357 2241 nou
380 2198 464 2252 sum;
498 2185 532 2240 ut
554 2174 725 2257 intelligas,
762 2171 868 2259 quanti
890 2172 974 2256 apud
995 2194 1046 2238 me
1069 2175 1238 2241 auctoritas
1261 2183 1312 2238 tua
1334 2175 1390 2246 sit,
1423 2184 1505 2238 at-aa

142 2292 205 2357 que
227 2291 265 2336 eo
288 2281 317 2336 te
339 2269 572 2355 placabiliorem
595 2267 757 2354 praebeas.

781 2440 816 2500 B.

552 2560 694 2625 ClCERO
717 2559 891 2623 ANTONIO
915 2560 999 2624 COS.
1022 2562 1052 2623 S.

228 2697 255 2755 l.
279 2691 372 2768 Quod
394 2711 517 2755 mecum
539 2711 597 2775 per
618 2690 737 2754 litteras
758 2689 839 2771 agis,
872 2707 966 2751 uuam
997 2688 1038 2752 ob
1069 2711 1193 2754 causam
1217 2690 1339 2755 mallem
1362 2711 1468 2756 coram

142 2785 269 2870 egisses.
325 2790 393 2849 Non
422 2785 504 2848 enim
532 2783 633 2849 solnm
662 2804 702 2848 er
724 2782 866 2847 oratione
888 2780 944 2845 sed
966 2784 1059 2848 etiam
1095 2804 1135 2847 ex
1157 2783 1246 2849 vultu
1267 2794 1298 2847 et
1319 2783 1418 2848 oculis
1439 2794 1506 2848 et²³

141 2877 245 2943 fronte
273 2914 314 2924 —
340 2888 376 2943 ut
407 2879 494 2943 aiunt
525 2913 566 2923 —
600 2898 704 2942 meum
733 2896 807 2960 erga
838 2885 868 2942 te
901 2899 1041 2944 amorem
1089 2883 1269 2964 perspicere
1304 2878 1469 2964 potuisses.

140 2976 234 3046 Nam,
267 2993 338 3036 cum
360 2982 391 3036 te
413 2992 539 3057 semper
559 2971 676 3042 amavi,
712 2970 848 3055 primum
872 2982 926 3038 tuo
949 2972 1070 3044 studio,
1107 2981 1178 3057 post
1200 2972 1292 3036 etiam
1315 2970 1469 3036 beneficio

142 3075 347 3151 provocatus,
384 3074 448 3130 tum
479 3065 526 3130 bis
553 3063 748 3151 temporibus
774 3085 826 3128 res
855 3065 979 3151 publica
1003 3077 1032 3128 te
1054 3066 1129 3130 mibi
1152 3065 1195 3130 ita
1218 3065 1467 3138 commendavit,
1502 3140 1505 3149 ι

142 3168 176 3223 ut
197 3159 350 3222 cariorem
374 3158 503 3223 babeam
526 3160 696 3227 neminem.
742 3162 770 3221 2.
795 3159 932 3224 Litterae
952 3181 1030 3223 vero
1054 3169 1124 3223 tuae
1146 3181 1216 3224 cum
1240 3159 1467 3232 amantissime,

141 3259 207 3315 tum
231 3250 541 3316 bonorificentissime
563 3253 696 3336 scriptae
728 3251 772 3314 sic
793 3273 844 3315 me
866 3254 1055 3327 alleceruut,
1092 3263 1126 3318 ut
1150 3275 1213 3317 non
1236 3253 1310 3317 dare
1334 3251 1389 3317 tibi
1412 3251 1505 3317 bct-³⁰

142 3343 286 3408 uelicium
315 3343 440 3409 viderer
474 3345 529 3409 sed
561 3346 704 3430 accipere
733 3366 750 3407 a
781 3354 810 3408 te
838 3346 880 3410 ita
904 3357 1050 3433 petente,
1087 3356 1122 3410 ut
1150 3347 1310 3410 inimicum
1343 3368 1466 3419 meum,

141 3442 351 3507 necessarium
369 3450 466 3511 tuum,
488 3460 538 3503 me
555 3440 651 3504 invito
674 3459 801 3502 serrare
823 3441 942 3515 nolles,
965 3462 1035 3505 cum
1059 3440 1092 3504 id
1115 3441 1200 3505 nullo
1220 3442 1347 3525 negotio
1363 3441 1468 3506 lacere

141 3555 260 3621 posses.
319 3540 348 3603 3.
379 3538 444 3618 Ego
467 3555 543 3598 vero
566 3532 621 3596 tibi
645 3533 741 3606 istuc,
764 3534 806 3596 mi
829 3534 963 3609 Antoni,
986 3535 1130 3609 remitto;
1165 3544 1257 3618 atque
1280 3535 1339 3609 ita,
1360 3546 1396 3600 ut
1419 3555 1468 3599 me

142 3637 228 3701 ate,
263 3649 333 3692 cum
359 3627 397 3691 iis
426 3627 530 3691 verbis
563 3626 745 3711 scripseris,
783 3625 999 3691 liberalissime
1029 3639 1122 3713 atque
1152 3626 1467 3692 bonorificentissime

142 3731 303 3787 tractatum
327 3721 523 3795 existimem
558 3720 652 3806 idque
675 3741 745 3783 curn
767 3729 882 3793 totum,
915 3742 1043 3807 quoquo
1068 3721 1161 3786 inodo
1185 3742 1292 3786 seres
1316 3721 1506 3795 baberet,³⁵

141 3813 198 3878 tibi
221 3814 355 3878 dandum
378 3826 534 3900 putarem,
568 3825 633 3879 tum
657 3813 698 3877 do
721 3817 813 3877 etiam
838 3815 1019 3879 humanitati
1042 3825 1071 3879 et
1094 3826 1223 3880 naturae
1246 3836 1344 3879 meae.
1387 3816 1467 3880 Nibil

143 3913 224 3971 enim
247 3930 384 3993 unquam
408 3929 469 3972 non
493 3908 587 3972 modo
616 3906 763 3972 acerbum
787 3909 817 3970 iu
840 3930 889 3971 me
916 3909 974 3973 luit
997 3910 1050 3973 sed
1074 3931 1113 3973 ne
1135 3908 1241 3993 paullo
1263 3909 1391 3994 quidem
1413 3908 1468 3973 tri-

143 4007 219 4066 stius
253 4013 306 4065 aut
335 4003 499 4075 severius,
544 4024 636 4088 quam
670 4002 837 4066 necessitas
870 4003 916 4066 rei
952 4003 1096 4088 publicae
1129 4002 1307 4088 postulavit.
1373 4009 1469 4067 Acce·

143 4094 207 4167 dit,
244 4104 279 4158 ut
314 4117 353 4158 ne
388 4097 419 4159 in
449 4097 551 4181 ipsum
588 4095 713 4182 quidem
746 4095 888 4161 Clodium
928 4117 1032 4160 meum
1070 4097 1189 4180 insigne
1227 4094 1336 4161 odium
1374 4095 1468 4160 luerit

143 4206 297 4272 uuquam;
320 4210 507 4275 semperque
529 4190 571 4254 ita
592 4189 702 4261 statui,
725 4210 788 4253 non
811 4211 880 4253 esse
903 4190 1100 4255 insectandos
1122 4189 1322 4253 inimicorum
1337 4189 1504 4261 amicos,⁸⁰

143 4283 327 4367 praesertim
350 4282 553 4355 humiliores,
587 4304 644 4347 nec
667 4282 713 4347 bis
744 4283 909 4369 praesidiis
931 4296 1053 4349 nosmet
1076 4285 1160 4370 ipsos
1182 4304 1251 4347 esse
1274 4282 1464 4368 spoliandos.

144 4423 202 4434 ...-

212 4503 238 4553 9.
259 4501 388 4565 Clodium]
410 4502 508 4552 Cetium
527 4518 566 4565 pr.
585 4504 622 4552 Μ.
645 4529 675 4538 -
710 4502 738 4552 d.
758 4499 798 4565 ut]
818 4511 842 4552 et
861 4504 930 4562 bllt,
953 4509 1026 4554 utet
1046 4504 1066 4553 l.
1097 4529 1120 4539 -
1148 4510 1223 4552 tuam
1241 4503 1403 4550 voluntatem
1423 4516 1463 4565 pr.

142 4571 180 4639 bl.
202 4596 233 4606 -
270 4573 295 4621 5.
317 4587 386 4620 nnnc
404 4587 457 4622 orn.
480 4576 501 4623 l.
524 4600 553 4609 -
586 4574 662 4623 liceat
680 4587 735 4623 om.
756 4573 788 4623 ll.
811 4597 841 4608 -
861 4574 887 4623 ll.
907 4576 1000 4628 Malim
1018 4573 1166 4636 praebebis.
1186 4574 1237 4623 On.
1259 4597 1289 4607 -
1317 4571 1343 4620 8.
1364 4579 1467 4634 tapro-

142 4639 208 4701 [σεῖο
227 4641 249 4689 l.
279 4668 309 4678 -
346 4644 372 4693 9.
393 4646 603 4704 optimotnape
622 4644 769 4692 Lambinus
789 4646 815 4691 tu
835 4643 913 4694 Curis
933 4659 986 4696 sec.
1007 4658 1021 4694 e
1040 4645 1125 4694 eod:
1144 4646 1173 4691 in
1191 4645 1291 4706 optimu
1309 4655 1353 4702 ape
1372 4643 1464 4703 Mun,

142 4713 171 4758 tn
190 4724 235 4774 spe
253 4715 352 4773 optimo
372 4713 393 4760 Ι.
421 4738 449 4749 -
489 4715 531 4762 11.
551 4713 674 4772 obsecro,
695 4721 719 4764 te
735 4727 785 4775 pro
806 4712 942 4765 Orellius:
971 4714 1136 4772 obsecrate,
1154 4727 1205 4775 pro
1225 4714 1254 4761 u.
1285 4737 1313 4748 -
1353 4714 1395 4762 15.
1416 4715 1466 4761 tnt-

142 4783 257 4831 on'ctttes
284 4795 338 4832 om.
366 4782 389 4831 l.
421 4806 449 4816 -
489 4784 530 4833 16.
556 4784 650 4833 Malim
667 4786 704 4832 mt
722 4786 819 4836 cicero.
848 4784 899 4835 01.
932 4810 959 4819 -
1001 4786 1043 4834 25.
1067 4786 1149 4846 eattae
1167 4797 1227 4832 enm
1248 4783 1356 4832 Gruterl
1375 4784 1465 4844 operta

144 4852 174 4901 u.
197 4876 226 4888 -
264 4848 513 4914 itt-commori.
536 4877 566 4888 -
603 4853 647 4902 at.
668 4855 702 4903 tta
720 4853 1030 4905 Orelltuatttsblttttt.
