3256 5400
188 218 250 279 le
669 214 729 278 Er.
751 216 802 278 tn
824 216 995 280 ATTlCUbl

188 373 419 442 inambulabam
442 371 544 445 domi,
577 381 612 436 nt
632 372 708 436 olim
732 372 922 437 candidatus.
966 377 1060 438 Grata
1082 372 1159 437 haee
1185 385 1216 438 et
1238 394 1348 458 magna
1370 374 1508 460 mihique

189 471 327 538 nondum
349 466 504 532 laboriosa
527 487 568 531 ex
590 467 641 532 illa
662 477 768 532 vetere
790 467 910 532 militia.
973 471 1003 532 6.
1031 468 1127 531 Nonis
1148 469 1219 532 Mai.
1242 470 1274 532 in
1297 470 1434 534 Ciliciam
1457 492 1510 534 co-

192 564 341 653 gitabam;
378 559 421 624 ibi
450 581 520 624 cum
549 561 672 625 lunium
702 583 839 626 mensem
868 565 1131 645 consumpsissem
1152 598 1194 609 —
1222 571 1314 648 atque
1336 564 1453 627 utinam
1476 551 1512 627 in'

191 662 282 747 pacel
306 675 452 739 magnum
476 654 558 718 enim
581 654 696 720 bellum
719 655 879 740 impendet
900 678 918 720 a
939 655 1060 720 Parthis
1077 690 1127 727 -,
1151 655 1339 732 Quinctilem
1357 661 1389 720 in
1405 659 1510 723 reditu

153 794 167 829 g
191 772 318 839 ponere.
374 754 502 813 Annuae
531 748 613 812 enim
637 749 712 813 mibi
735 769 850 834 operae
873 770 900 813 a.
923 749 953 813 d.
978 765 1037 813 111.
1058 748 1187 814 Kalend.
1211 753 1296 814 Sext.
1319 762 1508 817 emerentur.

190 852 300 930 Magna
321 851 424 906 autem
447 842 480 906 in
502 863 558 927 spe
580 863 648 907 sum
671 842 745 906 mibi
768 842 844 906 nibil
867 843 1016 928 temporis
1038 854 1240 927 prorogatum
1257 844 1306 908 iri.
1349 846 1509 910 Habebam

189 949 256 1004 acta
286 936 404 1001 urbana
432 957 532 1021 usque
559 935 597 1000 ad
628 941 729 1000 Nonas
754 935 894 1008 Martias,
929 958 947 1000 e
976 936 1091 1022 quibus
1122 936 1331 1020 intelligebam
1363 940 1509 1004 Curionis

189 1031 289 1098 nostri
311 1030 482 1095 constantia
505 1029 609 1094 omnia
631 1029 735 1114 potius
760 1041 862 1095 actum
885 1030 922 1094 iri
946 1030 1100 1115 quamde
1127 1031 1307 1115 provinciis.
1350 1036 1452 1116 Ergo,
1474 1045 1510 1098 ut

189 1146 299 1213 spero,
322 1123 504 1210 propediem
526 1133 555 1186 te
571 1122 694 1188 videbo.
738 1129 768 1189 7.
791 1125 889 1190 Venio
905 1123 942 1187 ad
958 1130 1087 1189 Brutum
1111 1134 1214 1197 tuum,
1238 1126 1333 1190 immo
1351 1137 1508 1202 nostrum;

154 1221 234 1298 risio
256 1225 338 1285 enim
362 1222 470 1282 maris.
513 1217 665 1303 Equidem
688 1223 792 1283 omnia
815 1217 890 1292 leci,
914 1239 994 1304 quae
1016 1218 1104 1303 potui
1126 1229 1179 1282 aut
1202 1219 1232 1282 in
1255 1240 1323 1283 mea
1346 1219 1509 1305 provincia

189 1315 342 1402 perlicere
364 1322 418 1378 aut
440 1312 470 1375 in
493 1332 591 1397 regno
613 1312 763 1397 experiri.
807 1311 899 1377 Omni
911 1312 1007 1395 igitur
1031 1311 1128 1376 modo
1150 1312 1200 1396 egi
1221 1333 1291 1377 cum
1308 1335 1383 1398 rege
1404 1324 1434 1377 et
1449 1334 1509 1399 ago

189 1408 342 1496 quotidie,
386 1426 445 1491 per
472 1405 591 1469 litteras
618 1405 744 1470 scilicet.
787 1410 892 1490 Ipsum
915 1410 997 1469 enim
1020 1405 1158 1470 triduum
1181 1407 1421 1491 quatriduumve
1443 1429 1510 1471 rne-

189 1522 261 1567 cnm
291 1500 386 1565 habui
408 1497 595 1563 turbulentis
617 1498 648 1562 in
670 1497 781 1572 rebus,
812 1498 926 1584 quibus
944 1519 1015 1563 eum
1030 1498 1171 1564 liberavi.
1215 1499 1274 1563 Sed
1291 1511 1322 1565 et
1338 1511 1401 1566 tum
1417 1523 1510 1587 prae·

191 1616 262 1661 sens
284 1606 315 1660 et
336 1602 444 1681 postea
466 1592 668 1657 creberrimis
691 1613 754 1657 non
777 1591 881 1656 destiti
903 1613 1017 1677 rogare
1040 1603 1071 1657 et
1092 1604 1199 1678 petere
1222 1615 1291 1658 mea
1307 1615 1415 1668 causa,
1438 1615 1510 1658 sua-

155 1726 181 1765 ,ι
192 1688 267 1753 dere
290 1699 320 1752 et
336 1686 462 1753 hortari
485 1708 550 1751 sua.
604 1686 734 1750 Multum
756 1685 894 1770 proieci,
935 1687 989 1751 sed
1012 1698 1182 1773 quantum,
1212 1710 1275 1753 non
1297 1688 1402 1773 plane,
1437 1688 1510 1775 quia

192 1783 284 1867 longe
305 1779 432 1852 absum,
454 1781 530 1845 scio.
573 1779 756 1844 Salaminios
778 1788 881 1843 autem
904 1815 944 1826 -
967 1780 1024 1845 bos
1046 1781 1129 1845 enim
1147 1791 1290 1867 poteram
1306 1792 1453 1847 coercere
1469 1817 1510 1828 -

191 1875 325 1948 adduxi,
361 1885 396 1939 ut
418 1882 515 1937 totum
539 1893 652 1937 nomen
675 1872 798 1957 Scaptio
825 1873 940 1937 vellent
961 1874 1101 1950 solvere;
1133 1875 1188 1940 sed
1210 1876 1387 1940 centesimis
1409 1875 1510 1940 ductis

191 1969 375 2055 aproxima
407 1967 533 2053 quidem
565 1968 757 2055 syngrapha,
794 1988 852 2032 nec
879 1970 1040 2055 perpetuis
1068 1969 1123 2034 scd
1143 1971 1310 2050 ,renovatis
1332 1969 1510 2056 quotannis.

191 2062 440 2128 Numerabantur
470 2061 606 2137 nummi;
639 2062 738 2126 noluit
760 2062 911 2147 Scaptius.
969 2068 1054 2134 Tun,
1092 2063 1146 2149 qui
1174 2069 1220 2128 ais
1242 2070 1371 2129 Brutum
1394 2084 1511 2148 cupere

152 2190 182 2232 m
192 2157 311 2244 aliquid
332 2154 487 2242 perdere?
525 2157 700 2232 Quaternas
727 2153 862 2221 babebat
892 2156 923 2220 in
950 2156 1137 2243 syngrapha.
1179 2157 1262 2221 Fieri
1285 2176 1347 2221 non
1369 2166 1508 2242 poterat;

192 2271 272 2324 nec,
300 2249 327 2314 si
354 2259 475 2335 posset,
508 2269 568 2334 ego
595 2248 657 2334 pati
688 2268 823 2333 possem.
880 2249 982 2315 Audio
1004 2250 1133 2315 omnino
1156 2250 1312 2335 Scaptium
1336 2255 1510 2335 poenitere.

191 2349 268 2410 Nam
290 2343 375 2429 quod
397 2353 521 2407 senatus
543 2342 717 2407 consultum
743 2362 811 2406 esse
833 2342 974 2416 dicebat.
1004 2346 1108 2408 atius
1130 2365 1170 2408 ex
1190 2344 1368 2431 syngrapha
1392 2343 1511 2408 dicere·

191 2445 258 2509 tur,
281 2456 320 2500 eo
342 2436 472 2501 consilio
494 2435 608 2500 lactum
630 2444 691 2509 est,
719 2435 804 2521 quod
825 2437 987 2523 pecuniam
1019 2437 1177 2502 Salaminii
1198 2450 1306 2503 contra
1328 2438 1429 2523 legem
1451 2443 1511 2505 Ga·

192 2528 308 2595 biniam
331 2540 536 2615 sumpserant.
586 2528 716 2594 Vetabat
742 2539 845 2594 autem
867 2530 938 2594 Auli
960 2530 1012 2594 lex
1035 2530 1083 2595 ius
1105 2530 1166 2594 dici
1189 2530 1227 2595 de
1249 2537 1290 2596 ita
1313 2542 1434 2618 sumpta
1456 2552 1511 2617 pe-

157 2622 293 2702 „cunia
343 2624 489 2689 Decrevit
510 2623 605 2706 igitur
626 2632 769 2695 senatus,
803 2632 839 2687 ut
859 2623 907 2688 ius
930 2624 1088 2689 diceretur
1109 2624 1165 2688 ista
1188 2625 1373 2712 syngrapha.
1424 2631 1511 2691 Nunc

194 2717 252 2782 ista
287 2716 380 2782 babet
409 2717 488 2783 iuris
516 2718 615 2788 idem,
652 2716 736 2803 quod
769 2727 907 2791 ceterae,
937 2717 1013 2782 nibil
1035 2719 1206 2803 praecipui.
1261 2723 1290 2782 8.
1313 2723 1398 2784 Haec
1420 2741 1437 2783 a
1460 2740 1510 2784 me

194 2809 304 2875 ordine
327 2809 404 2874 lacta
427 2821 502 2896 puto
524 2832 574 2875 me
596 2816 693 2876 Bruto
719 2808 941 2895 probaturum;
970 2811 1040 2883 tibi,
1064 2813 1183 2890 nesci0;
1207 2813 1315 2878 Catoni
1337 2824 1420 2877 certe
1434 2833 1509 2897 pro-

193 2903 286 2973 babo.
340 2905 402 2970 Sed
423 2904 485 2970 iam
507 2905 545 2969 ad
570 2914 599 2968 te
621 2905 723 2989 ipsum
752 2914 908 2969 revertor.
955 2905 1014 2970 Ain
1036 2905 1178 2978 tandem,
1211 2906 1332 2981 Attice,
1366 2907 1509 2972 laudator

194 2998 379 3085 integritatis
401 3008 431 3063 et
452 2998 622 3083 elegantiae
645 3008 784 3063 nostrae:

158 3158 185 3200 m
361 3131 461 3196 Ausus
482 3151 512 3193 es
532 3131 586 3193 bar
607 3149 645 3192 ec
666 3150 717 3193 arc
739 3140 789 3193 tuo
811 3164 851 3175 -
874 3165 914 3176 —

197 3297 236 3310 -
258 3260 360 3347 inquit
380 3260 498 3324 Ennius
525 3296 567 3307 —
594 3268 629 3324 nt
652 3260 772 3345 equites
802 3261 927 3345 Scaptio
949 3260 988 3325 ad
1010 3261 1172 3345 pecuniam
1195 3261 1366 3345 cogendam
1388 3260 1511 3334 darem,

195 3374 246 3418 me
274 3359 411 3438 rogaret
442 3375 480 3417 an
509 3363 542 3417 tu
571 3353 597 3417 si
626 3375 746 3418 mecum
775 3376 876 3427 esses,
909 3354 963 3440 qui
985 3354 1096 3419 scribis
1119 3355 1258 3419 morderi
1282 3366 1311 3419 te
1334 3354 1512 3429 interdum,

197 3447 281 3534 quod
305 3469 367 3513 non
390 3446 481 3512 simul
503 3446 563 3521 sis,
600 3457 743 3531 paterere
766 3470 816 3513 me
838 3447 870 3512 id
894 3448 1015 3522 lacere,
1049 3448 1076 3512 si
1098 3448 1235 3513 vellem?
1269 3454 1335 3513 lton
1358 3448 1512 3534 amplius,

197 3541 316 3626 inquis,
339 3545 573 3627 quinquaginta.
616 3545 692 3606 Cum
716 3546 863 3626 Spartaco
886 3542 989 3606 minus
1011 3542 1099 3606 multi
1121 3543 1224 3627 primo
1246 3541 1382 3606 luerunt.
1428 3541 1513 3619 Quid

160 3651 187 3696 aa
198 3633 321 3698 tandem
344 3634 395 3698 isti
416 3633 489 3698 mali
511 3633 543 3697 in
557 3645 620 3699 tam
634 3646 740 3699 tenera
754 3635 855 3700 insula
869 3657 931 3700 non
947 3634 1117 3700 fecissent?
1145 3640 1213 3700 Non
1226 3634 1371 3700 iecissent
1386 3641 1513 3700 autem?

268 3855 292 3903 l.
312 3853 499 3903 inambulando
516 3853 554 3903 Μ.
581 3873 614 3888 -
649 3853 676 3900 2.
695 3854 811 3902 nundum
828 3853 866 3904 Μ.
892 3876 924 3887 -
959 3851 1355 3918 animumanimum.
1384 3880 1417 3891 -
1453 3855 1514 3904 'La

198 3919 299 3987 qulbus]
318 3937 351 3973 aa
368 3924 459 3987 quibus
478 3923 513 3982 R,
546 3922 672 3986 equitibus
692 3922 713 3971 1.
741 3948 769 3959 -
807 3923 834 3973 3.
852 3925 908 3988 Ego
928 3924 938 3972 1
957 3931 983 3974 et
1001 3938 1070 3974 corr.
1091 3924 1128 3974 Μ.
1157 3950 1187 3960 -
1226 3928 1267 3975 10.
1286 3927 1361 3988 potui
1380 3933 1468 3974 autem
1485 3926 1515 3973 in

200 3993 252 4043 111.
272 4015 298 4030 ·
319 3994 361 4042 11.
376 4001 423 4043 out
436 4000 498 4041 ante
510 3994 539 4041 in
557 4006 638 4056 regno
657 4005 710 4042 om.
726 3991 748 4040 1.
771 4018 799 4028 -
828 3995 945 4055 experire
963 3997 1059 4044 omnio.
1080 3997 1166 4058 Igitur
1179 4009 1219 4058 pr.
1234 3996 1271 4056 Μ,
1291 3997 1512 4057 expeririomnio.

202 4063 278 4113 Omni
290 4064 373 4127 igitur
386 4063 406 4112 1.
427 4062 471 4120 (lit
484 4076 543 4121 nos,
554 4076 624 4112 corr.
635 4063 686 4113 Μ.)
698 4088 727 4099 -
748 4062 790 4110 ia.
802 4065 868 4111 enim
878 4065 1046 4127 quatriduum
1056 4079 1101 4114 nec
1112 4080 1209 4114 mecum
1220 4067 1258 4127 Μ,
1269 4068 1336 4116 enim
1345 4067 1515 4129 quatriduum

202 4147 299 4183 mecum
319 4132 363 4181 111.
400 4132 589 4184 tEmendatum
612 4134 638 4181 in
659 4133 811 4181 Victoriana
831 4132 883 4196 pr.)
906 4159 933 4168 -
972 4135 1016 4184 13.
1036 4132 1100 4197 tum]
1120 4150 1177 4184 eum
1196 4136 1226 4185 R.
1246 4163 1277 4172 -
1303 4136 1344 4184 11.
1364 4136 1515 4184 creberrime

204 4203 234 4260 1.
261 4203 420 4252 creberrimis
446 4203 541 4252 littaris
564 4215 579 4251 e
609 4202 675 4252 Cod.
705 4202 801 4252 Fadrni
829 4203 984 4251 Lambinus.
1012 4230 1040 4240 -
1083 4201 1152 4267 meo]
1183 4207 1212 4254 in
1229 4219 1260 4254 ea
1278 4206 1299 4253 a
1317 4212 1344 4254 et
1364 4219 1402 4266 pr.
1424 4205 1460 4254 Μ.
1482 4226 1514 4240 ·-

204 4273 245 4323 13.
264 4275 344 4321 sciam
362 4273 421 4322 MR.
443 4296 471 4309 -
508 4273 650 4322 salaminus
668 4273 704 4323 Μ.
726 4297 755 4309 -
794 4273 837 4323 17.
855 4273 947 4322 vellent
965 4273 1070 4335 Scaptio
1087 4275 1118 4323 R.
1139 4299 1169 4310 -
1207 4277 1249 4325 13.
1272 4276 1309 4324 Tu
1327 4275 1401 4324 Μ111.
1438 4273 1515 4333 (Cor-

203 4349 304 4394 rectum
324 4356 355 4390 ex
374 4342 420 4402 X.)
440 4368 465 4378 -
503 4343 547 4392 2³.
576 4343 663 4408 quood
679 4355 760 4404 penta
780 4342 801 4391 1.
823 4365 853 4376 -
891 4343 935 4392 at.
960 4344 1068 4393 Vetnbat
1086 4352 1173 4394 autem
1192 4345 1297 4394 Aluntur
1314 4347 1365 4394 dici
1383 4345 1448 4403 Μ11,
1469 4345 1515 4392 Vc·

203 4414 277 4464 tabat
303 4413 408 4463 Alesios
431 4413 484 4462 dict
506 4413 529 4462 1.
553 4436 582 4447 -
619 4413 662 4463 25.
683 4413 733 4461 dic.
754 4425 790 4473 cn
809 4414 862 4461 isto
879 4414 1031 4476 syngrapha
1055 4413 1216 4474 Lambinus,
1241 4415 1291 4462 dic.
1313 4429 1345 4464 ee
1362 4415 1516 4478 syngrapho

202 4485 329 4534 Muretus.
357 4508 388 4518 -
425 4481 468 4533 26.
502 4479 581 4544 Haec]
611 4484 660 4532 bac
687 4482 722 4532 Μ.
754 4507 782 4518 -
820 4483 865 4533 28.
893 4480 953 4545 Ain]
973 4486 1030 4532 lom
1050 4483 1071 4532 1.
1091 4510 1121 4521 -
1159 4485 1202 4534 33.
1231 4484 1376 4548 elegantiae
1391 4491 1513 4533 nostrae:

202 4556 283 4603 Aucus
301 4553 313 4601 1
332 4559 357 4602 et
376 4565 446 4602 corr.
474 4552 516 4601 M:
549 4553 692 4617 elegantior
719 4558 834 4602 nostrae.
885 4553 947 4601 Usus
975 4568 1015 4617 pr.
1041 4553 1086 4612 Μ,
1114 4554 1274 4618 elegantiae:
1304 4556 1387 4603 Aucus
1406 4553 1459 4602 1111.
1480 4575 1516 4587 -

201 4625 245 4673 33.
265 4629 390 4686 raperent
408 4623 449 4673 tui
466 4636 562 4671 mecum
581 4637 621 4686 pr.
641 4623 677 4673 Μ.
704 4644 734 4658 -
770 4623 814 4672 33.
832 4630 923 4684 patera
943 4623 963 4672 1.
985 4649 1014 4660 -
1053 4625 1097 4674 35.
1115 4625 1203 4673 insuto
1220 4638 1275 4673 non
1291 4626 1408 4688 sedarent
1427 4630 1516 4672 autam

200 4696 280 4743 immo
299 4707 338 4756 pr·
358 4692 403 4752 Μ,
428 4692 515 4741 insula
532 4707 585 4742 non
601 4694 728 4757 saeuiunt.
763 4707 818 4741 non
833 4694 949 4756 sedarent
968 4700 1054 4743 autam
1072 4696 1151 4743 immo
1169 4708 1238 4744 corr.
1259 4694 1303 4755 Μ,
1322 4693 1419 4743 insulo-
1456 4693 1516 4743 Non

200 4766 316 4825 sociarent
342 4762 451 4814 auton?
481 4763 564 4812 Imma
589 4763 629 4823 a,
659 4761 747 4810 insuto
768 4776 822 4812 nan
848 4764 985 4827 saeuienti
1021 4765 1104 4815 Imma
1127 4764 1149 4814 1.
1186 4763 1241 4815 Cir.
1271 4764 1351 4814 Hand
1377 4763 1458 4813 Tura.
1490 4762 1514 4813 1.
