<?xml version="1.0" encoding="UTF-8"?>
<!DOCTYPE html PUBLIC "-//W3C//DTD XHTML 1.0 Transitional//EN"
    "http://www.w3.org/TR/xhtml1/DTD/xhtml1-transitional.dtd">
<html xmlns="http://www.w3.org/1999/xhtml" xml:lang="en" lang="en">
 <head>
  <title>
</title>
<meta http-equiv="Content-Type" content="text/html;charset=utf-8" />
  <meta name='ocr-system' content='tesseract 3.04.00' />
  <meta name='ocr-capabilities' content='ocr_page ocr_carea ocr_par ocr_line ocrx_word'/>
</head>
<body>
  <div class='ocr_page' id='page_1' title='image "./operaquaesupers06halmgoog/operaquaesupers06halmgoog_0123.png"; bbox 0 0 3256 5400; ppageno 0'>
   <div class='ocr_carea' id='block_1_1' title="bbox 612 222 1021 291">
    <p class='ocr_par' dir='ltr' id='par_1_1' title="bbox 612 222 1021 291">
     <span class='ocr_line' id='line_1_1' title="bbox 612 222 1021 291; baseline 0.002 -4"><span class='ocrx_word' id='word_1_1' title='bbox 612 222 688 287; x_wconf 80' lang='lat' dir='ltr'><strong>un.</strong></span> <span class='ocrx_word' id='word_1_2' title='bbox 708 224 762 289; x_wconf 68' lang='grc'><strong>11.</strong></span> <span class='ocrx_word' id='word_1_3' title='bbox 803 223 864 288; x_wconf 62' lang='lat' dir='ltr'><strong>ff.</strong></span> <span class='ocrx_word' id='word_1_4' title='bbox 888 224 917 287; x_wconf 96' lang='grc'><strong>1.</strong></span> <span class='ocrx_word' id='word_1_5' title='bbox 937 223 970 287; x_wconf 74' lang='lat'><strong>2.</strong></span> <span class='ocrx_word' id='word_1_6' title='bbox 986 224 1021 291; x_wconf 75' lang='grc'><strong>,8.</strong></span> 
     </span>
    </p>
   </div>
   <div class='ocr_carea' id='block_1_2' title="bbox 629 379 987 463">
    <p class='ocr_par' dir='ltr' id='par_1_2' title="bbox 629 379 987 463">
     <span class='ocr_line' id='line_1_2' title="bbox 629 379 987 463; baseline 0.006 -20"><span class='ocrx_word' id='word_1_7' title='bbox 629 379 987 463; x_wconf 62' lang='lat' dir='ltr'><strong>umnam)</strong></span> 
     </span>
    </p>
   </div>
   <div class='ocr_carea' id='block_1_3' title="bbox 489 502 1129 569">
    <p class='ocr_par' dir='ltr' id='par_1_3' title="bbox 489 502 1129 569">
     <span class='ocr_line' id='line_1_3' title="bbox 489 502 1129 569; baseline 0 -2"><span class='ocrx_word' id='word_1_8' title='bbox 489 504 531 567; x_wconf 89' lang='grc'><strong>11.</strong></span> <span class='ocrx_word' id='word_1_9' title='bbox 553 502 697 569; x_wconf 81' lang='lat' dir='ltr'>CICERO</span> <span class='ocrx_word' id='word_1_10' title='bbox 719 504 752 567; x_wconf 90' lang='lat' dir='ltr'><strong>S.</strong></span> <span class='ocrx_word' id='word_1_11' title='bbox 772 504 811 567; x_wconf 89' lang='lat' dir='ltr'><strong>l).</strong></span> <span class='ocrx_word' id='word_1_12' title='bbox 834 504 917 567; x_wconf 81' lang='lat' dir='ltr'><strong>SER.</strong></span> <span class='ocrx_word' id='word_1_13' title='bbox 940 504 1129 568; x_wconf 83' lang='lat' dir='ltr'><strong>SULPlCIO.</strong></span> 
     </span>
    </p>
   </div>
   <div class='ocr_carea' id='block_1_4' title="bbox 143 608 1525 3504">
    <p class='ocr_par' dir='ltr' id='par_1_4' title="bbox 143 608 1525 3504">
     <span class='ocr_line' id='line_1_4' title="bbox 233 608 1472 701; baseline 0.003 -26"><span class='ocrx_word' id='word_1_14' title='bbox 233 612 261 675; x_wconf 98' lang='grc'><strong>1.</strong></span> <span class='ocrx_word' id='word_1_15' title='bbox 283 613 319 677; x_wconf 82' lang='lat' dir='ltr'><strong>h.</strong></span> <span class='ocrx_word' id='word_1_16' title='bbox 341 608 373 676; x_wconf 93' lang='lat' dir='ltr'><strong>d.</strong></span> <span class='ocrx_word' id='word_1_17' title='bbox 396 630 449 677; x_wconf 92' lang='grc' dir='ltr'><strong>ιιι.</strong></span> <span class='ocrx_word' id='word_1_18' title='bbox 470 610 538 699; x_wconf 82' lang='lat' dir='ltr'><strong>lini.</strong></span> <span class='ocrx_word' id='word_1_19' title='bbox 559 610 657 678; x_wconf 80' lang='lat' dir='ltr'><strong>Maias</strong></span> <span class='ocrx_word' id='word_1_20' title='bbox 678 632 749 678; x_wconf 91' lang='lat' dir='ltr'><strong>cum</strong></span> <span class='ocrx_word' id='word_1_21' title='bbox 771 633 873 677; x_wconf 86' lang='lat' dir='ltr'><strong>essem</strong></span> <span class='ocrx_word' id='word_1_22' title='bbox 895 612 928 678; x_wconf 90' lang='lat' dir='ltr'><strong>in</strong></span> <span class='ocrx_word' id='word_1_23' title='bbox 943 617 1099 687; x_wconf 87' lang='lat' dir='ltr'><strong>Cumano,</strong></span> <span class='ocrx_word' id='word_1_24' title='bbox 1121 616 1228 701; x_wconf 87' lang='lat' dir='ltr'><strong>accepi</strong></span> <span class='ocrx_word' id='word_1_25' title='bbox 1250 622 1317 681; x_wconf 87' lang='lat' dir='ltr'><strong>tuas</strong></span> <span class='ocrx_word' id='word_1_26' title='bbox 1338 615 1472 697; x_wconf 62' lang='lat' dir='ltr'><strong>litteram</strong></span> 
     </span>
     <span class='ocr_line' id='line_1_5' title="bbox 145 701 1472 795; baseline 0.002 -26"><span class='ocrx_word' id='word_1_27' title='bbox 145 701 262 789; x_wconf 86' lang='lat' dir='ltr'><strong>quibus</strong></span> <span class='ocrx_word' id='word_1_28' title='bbox 281 702 371 771; x_wconf 84' lang='lat' dir='ltr'><strong>lectis</strong></span> <span class='ocrx_word' id='word_1_29' title='bbox 391 704 527 791; x_wconf 76' lang='lat' dir='ltr'><strong>cognovi</strong></span> <span class='ocrx_word' id='word_1_30' title='bbox 548 725 612 770; x_wconf 94' lang='lat' dir='ltr'><strong>non</strong></span> <span class='ocrx_word' id='word_1_31' title='bbox 633 704 707 771; x_wconf 86' lang='lat' dir='ltr'><strong>satis</strong></span> <span class='ocrx_word' id='word_1_32' title='bbox 729 704 902 793; x_wconf 80' lang='lat' dir='ltr'>prudenter</span> <span class='ocrx_word' id='word_1_33' title='bbox 922 704 1034 771; x_wconf 85' lang='lat' dir='ltr'><strong>iecisse</strong></span> <span class='ocrx_word' id='word_1_34' title='bbox 1056 705 1275 784; x_wconf 80' lang='lat' dir='ltr'><strong>Philotimum,</strong></span> <span class='ocrx_word' id='word_1_35' title='bbox 1306 707 1377 795; x_wconf 88' lang='lat' dir='ltr'><strong>qui,</strong></span> <span class='ocrx_word' id='word_1_36' title='bbox 1400 729 1472 774; x_wconf 91' lang='lat' dir='ltr'><strong>cum</strong></span> 
     </span>
     <span class='ocr_line' id='line_1_6' title="bbox 145 794 1496 887; baseline 0.002 -26"><span class='ocrx_word' id='word_1_37' title='bbox 145 794 202 861; x_wconf 79' lang='lat' dir='ltr'><strong>ahs</strong></span> <span class='ocrx_word' id='word_1_38' title='bbox 224 802 254 861; x_wconf 89' lang='lat' dir='ltr'><strong>te</strong></span> <span class='ocrx_word' id='word_1_39' title='bbox 275 795 420 863; x_wconf 82' lang='lat' dir='ltr'><strong>mandata</strong></span> <span class='ocrx_word' id='word_1_40' title='bbox 441 796 589 875; x_wconf 81' lang='lat' dir='ltr'><strong>haberet,</strong></span> <span class='ocrx_word' id='word_1_41' title='bbox 611 806 647 864; x_wconf 89' lang='lat' dir='ltr'><strong>ut</strong></span> <span class='ocrx_word' id='word_1_42' title='bbox 668 797 799 875; x_wconf 89' lang='lat' dir='ltr'><strong>scribis,</strong></span> <span class='ocrx_word' id='word_1_43' title='bbox 822 797 862 865; x_wconf 88' lang='lat' dir='ltr'><strong>de</strong></span> <span class='ocrx_word' id='word_1_44' title='bbox 884 796 1030 865; x_wconf 91' lang='lat' dir='ltr'><strong>omnibus</strong></span> <span class='ocrx_word' id='word_1_45' title='bbox 1052 797 1163 876; x_wconf 90' lang='lat' dir='ltr'><strong>rebus,</strong></span> <span class='ocrx_word' id='word_1_46' title='bbox 1186 800 1253 887; x_wconf 90' lang='lat' dir='ltr'><strong>ipse</strong></span> <span class='ocrx_word' id='word_1_47' title='bbox 1275 799 1314 866; x_wconf 89' lang='lat' dir='ltr'><strong>ad</strong></span> <span class='ocrx_word' id='word_1_48' title='bbox 1337 823 1387 867; x_wconf 91' lang='lat' dir='ltr'><strong>me</strong></span> <span class='ocrx_word' id='word_1_49' title='bbox 1409 822 1496 867; x_wconf 81' lang='lat' dir='ltr'><strong>nona</strong></span> 
     </span>
     <span class='ocr_line' id='line_1_7' title="bbox 146 888 1472 981; baseline 0.004 -27"><span class='ocrx_word' id='word_1_50' title='bbox 146 890 296 966; x_wconf 74' lang='lat' dir='ltr'><strong>venisset,</strong></span> <span class='ocrx_word' id='word_1_51' title='bbox 318 888 437 956; x_wconf 74' lang='lat' dir='ltr'><strong>litteras</strong></span> <span class='ocrx_word' id='word_1_52' title='bbox 459 901 527 958; x_wconf 90' lang='lat' dir='ltr'><strong>tuas</strong></span> <span class='ocrx_word' id='word_1_53' title='bbox 548 891 704 971; x_wconf 86' lang='lat' dir='ltr'><strong>misisset;</strong></span> <span class='ocrx_word' id='word_1_54' title='bbox 726 914 804 981; x_wconf 90' lang='lat' dir='ltr'><strong>quas</strong></span> <span class='ocrx_word' id='word_1_55' title='bbox 822 892 963 958; x_wconf 86' lang='lat' dir='ltr'><strong>intellexi</strong></span> <span class='ocrx_word' id='word_1_56' title='bbox 983 890 1146 959; x_wconf 90' lang='lat' dir='ltr'><strong>breviores</strong></span> <span class='ocrx_word' id='word_1_57' title='bbox 1161 893 1276 971; x_wconf 86' lang='lat' dir='ltr'><strong>luisse,</strong></span> <span class='ocrx_word' id='word_1_58' title='bbox 1299 893 1385 980; x_wconf 89' lang='lat' dir='ltr'><strong>quod</strong></span> <span class='ocrx_word' id='word_1_59' title='bbox 1399 916 1472 959; x_wconf 90' lang='lat' dir='ltr'><strong>eum</strong></span> 
     </span>
     <span class='ocr_line' id='line_1_8' title="bbox 146 984 1473 1074; baseline 0.002 -26"><span class='ocrx_word' id='word_1_60' title='bbox 146 984 340 1071; x_wconf 88' lang='lat' dir='ltr'><strong>perlaturum</strong></span> <span class='ocrx_word' id='word_1_61' title='bbox 361 994 512 1071; x_wconf 75' lang='lat' dir='ltr'><strong>putasses.</strong></span> <span class='ocrx_word' id='word_1_62' title='bbox 556 985 618 1053; x_wconf 90' lang='lat' dir='ltr'><strong>Sed</strong></span> <span class='ocrx_word' id='word_1_63' title='bbox 641 996 758 1061; x_wconf 90' lang='lat' dir='ltr'><strong>tamen,</strong></span> <span class='ocrx_word' id='word_1_64' title='bbox 787 996 953 1074; x_wconf 78' lang='lat' dir='ltr'><strong>postquam</strong></span> <span class='ocrx_word' id='word_1_65' title='bbox 978 994 1045 1052; x_wconf 90' lang='lat' dir='ltr'><strong>tuas</strong></span> <span class='ocrx_word' id='word_1_66' title='bbox 1066 988 1186 1053; x_wconf 78' lang='lat' dir='ltr'><strong>litteras</strong></span> <span class='ocrx_word' id='word_1_67' title='bbox 1207 988 1291 1074; x_wconf 75' lang='lat' dir='ltr'><strong>legi,</strong></span> <span class='ocrx_word' id='word_1_68' title='bbox 1314 987 1473 1052; x_wconf 86' lang='lat' dir='ltr'><strong>Postumia</strong></span> 
     </span>
     <span class='ocr_line' id='line_1_9' title="bbox 145 1078 1474 1166; baseline 0.004 -26"><span class='ocrx_word' id='word_1_69' title='bbox 145 1086 198 1141; x_wconf 91' lang='lat' dir='ltr'><strong>tua</strong></span> <span class='ocrx_word' id='word_1_70' title='bbox 220 1097 271 1141; x_wconf 91' lang='lat' dir='ltr'><strong>me</strong></span> <span class='ocrx_word' id='word_1_71' title='bbox 292 1078 440 1143; x_wconf 85' lang='lat' dir='ltr'><strong>convenit</strong></span> <span class='ocrx_word' id='word_1_72' title='bbox 461 1087 492 1145; x_wconf 92' lang='lat' dir='ltr'><strong>et</strong></span> <span class='ocrx_word' id='word_1_73' title='bbox 514 1081 643 1148; x_wconf 79' lang='lat' dir='ltr'><strong>Servius</strong></span> <span class='ocrx_word' id='word_1_74' title='bbox 664 1090 781 1147; x_wconf 88' lang='lat' dir='ltr'><strong>noster.</strong></span> <span class='ocrx_word' id='word_1_75' title='bbox 824 1081 881 1146; x_wconf 88' lang='lat' dir='ltr'><strong>llis</strong></span> <span class='ocrx_word' id='word_1_76' title='bbox 900 1080 1029 1166; x_wconf 81' lang='lat' dir='ltr'><strong>placuit,</strong></span> <span class='ocrx_word' id='word_1_77' title='bbox 1052 1090 1087 1145; x_wconf 91' lang='lat' dir='ltr'><strong>ut</strong></span> <span class='ocrx_word' id='word_1_78' title='bbox 1103 1090 1136 1146; x_wconf 92' lang='lat' dir='ltr'><strong>tu</strong></span> <span class='ocrx_word' id='word_1_79' title='bbox 1153 1081 1184 1146; x_wconf 96' lang='lat' dir='ltr'><strong>in</strong></span> <span class='ocrx_word' id='word_1_80' title='bbox 1200 1085 1372 1147; x_wconf 89' lang='lat' dir='ltr'><strong>Cumanum</strong></span> <span class='ocrx_word' id='word_1_81' title='bbox 1387 1080 1474 1145; x_wconf 84' lang='lat' dir='ltr'><strong>veni-</strong></span> 
     </span>
     <span class='ocr_line' id='line_1_10' title="bbox 145 1169 1472 1260; baseline 0.001 -25"><span class='ocrx_word' id='word_1_82' title='bbox 145 1192 214 1248; x_wconf 85' lang='lat' dir='ltr'><strong>res;</strong></span> <span class='ocrx_word' id='word_1_83' title='bbox 237 1169 438 1257; x_wconf 89' lang='lat' dir='ltr'><strong>quodetiam</strong></span> <span class='ocrx_word' id='word_1_84' title='bbox 460 1194 600 1250; x_wconf 89' lang='lat' dir='ltr'><strong>mecum,</strong></span> <span class='ocrx_word' id='word_1_85' title='bbox 623 1174 718 1241; x_wconf 87' lang='lat' dir='ltr'><strong>atad</strong></span> <span class='ocrx_word' id='word_1_86' title='bbox 741 1183 771 1239; x_wconf 91' lang='lat' dir='ltr'><strong>te</strong></span> <span class='ocrx_word' id='word_1_87' title='bbox 794 1173 983 1248; x_wconf 77' lang='lat' dir='ltr'><strong>scriberem,</strong></span> <span class='ocrx_word' id='word_1_88' title='bbox 1013 1182 1154 1260; x_wconf 81' lang='lat' dir='ltr'><strong>egerunt.</strong></span> <span class='ocrx_word' id='word_1_89' title='bbox 1198 1178 1228 1239; x_wconf 80' lang='lat'><strong>2.</strong></span> <span class='ocrx_word' id='word_1_90' title='bbox 1251 1171 1345 1252; x_wconf 88' lang='lat' dir='ltr'><strong>Quod</strong></span> <span class='ocrx_word' id='word_1_91' title='bbox 1367 1193 1472 1237; x_wconf 91' lang='lat' dir='ltr'><strong>meum</strong></span> 
     </span>
     <span class='ocr_line' id='line_1_11' title="bbox 144 1264 1510 1354; baseline -0.001 -25"><span class='ocrx_word' id='word_1_92' title='bbox 144 1265 310 1330; x_wconf 88' lang='lat' dir='ltr'><strong>consilium</strong></span> <span class='ocrx_word' id='word_1_93' title='bbox 343 1264 503 1352; x_wconf 83' lang='lat' dir='ltr'><strong>exquiris,</strong></span> <span class='ocrx_word' id='word_1_94' title='bbox 532 1267 565 1332; x_wconf 98' lang='lat' dir='ltr'><strong>id</strong></span> <span class='ocrx_word' id='word_1_95' title='bbox 594 1277 642 1333; x_wconf 89' lang='lat' dir='ltr'><strong>est</strong></span> <span class='ocrx_word' id='word_1_96' title='bbox 670 1270 747 1345; x_wconf 85' lang='lat' dir='ltr'><strong>tale,</strong></span> <span class='ocrx_word' id='word_1_97' title='bbox 783 1277 819 1334; x_wconf 90' lang='lat' dir='ltr'><strong>ut</strong></span> <span class='ocrx_word' id='word_1_98' title='bbox 846 1288 959 1354; x_wconf 85' lang='lat' dir='ltr'><strong>capere</strong></span> <span class='ocrx_word' id='word_1_99' title='bbox 988 1266 1109 1333; x_wconf 79' lang='lat' dir='ltr'><strong>facilius</strong></span> <span class='ocrx_word' id='word_1_100' title='bbox 1136 1268 1203 1354; x_wconf 88' lang='lat' dir='ltr'><strong>ipse</strong></span> <span class='ocrx_word' id='word_1_101' title='bbox 1230 1266 1350 1354; x_wconf 89' lang='lat' dir='ltr'><strong>possim</strong></span> <span class='ocrx_word' id='word_1_102' title='bbox 1378 1285 1510 1354; x_wconf 81' lang='lat' dir='ltr'><strong>quamn</strong></span> 
     </span>
     <span class='ocr_line' id='line_1_12' title="bbox 143 1357 1472 1450; baseline 0.002 -28"><span class='ocrx_word' id='word_1_103' title='bbox 143 1358 235 1423; x_wconf 88' lang='lat' dir='ltr'><strong>alteri</strong></span> <span class='ocrx_word' id='word_1_104' title='bbox 257 1357 343 1423; x_wconf 89' lang='lat' dir='ltr'><strong>dare.</strong></span> <span class='ocrx_word' id='word_1_105' title='bbox 387 1358 472 1438; x_wconf 86' lang='lat' dir='ltr'><strong>Quid</strong></span> <span class='ocrx_word' id='word_1_106' title='bbox 493 1361 577 1427; x_wconf 91' lang='lat' dir='ltr'><strong>enim</strong></span> <span class='ocrx_word' id='word_1_107' title='bbox 599 1371 661 1437; x_wconf 89' lang='lat' dir='ltr'><strong>est,</strong></span> <span class='ocrx_word' id='word_1_108' title='bbox 695 1360 781 1450; x_wconf 89' lang='lat' dir='ltr'><strong>quod</strong></span> <span class='ocrx_word' id='word_1_109' title='bbox 802 1361 935 1427; x_wconf 86' lang='lat' dir='ltr'><strong>audeam</strong></span> <span class='ocrx_word' id='word_1_110' title='bbox 957 1360 1092 1426; x_wconf 88' lang='lat' dir='ltr'><strong>suadere</strong></span> <span class='ocrx_word' id='word_1_111' title='bbox 1113 1359 1186 1435; x_wconf 91' lang='lat' dir='ltr'><strong>tibi,</strong></span> <span class='ocrx_word' id='word_1_112' title='bbox 1210 1358 1329 1426; x_wconf 90' lang='lat' dir='ltr'><strong>homini</strong></span> <span class='ocrx_word' id='word_1_113' title='bbox 1351 1381 1472 1425; x_wconf 90' lang='lat' dir='ltr'><strong>summu</strong></span> 
     </span>
     <span class='ocr_line' id='line_1_13' title="bbox 144 1452 1471 1542; baseline 0.001 -26"><span class='ocrx_word' id='word_1_114' title='bbox 144 1452 329 1518; x_wconf 90' lang='lat' dir='ltr'><strong>auctoritate</strong></span> <span class='ocrx_word' id='word_1_115' title='bbox 349 1474 534 1541; x_wconf 89' lang='lat' dir='ltr'><strong>summaque</strong></span> <span class='ocrx_word' id='word_1_116' title='bbox 554 1454 740 1541; x_wconf 75' lang='lat' dir='ltr'><strong>prudentia?</strong></span> <span class='ocrx_word' id='word_1_117' title='bbox 776 1455 829 1530; x_wconf 91' lang='lat' dir='ltr'><strong>Si,</strong></span> <span class='ocrx_word' id='word_1_118' title='bbox 862 1454 937 1542; x_wconf 90' lang='lat' dir='ltr'><strong>quid</strong></span> <span class='ocrx_word' id='word_1_119' title='bbox 959 1454 1169 1520; x_wconf 87' lang='lat' dir='ltr'><strong>rectissimum</strong></span> <span class='ocrx_word' id='word_1_120' title='bbox 1190 1453 1251 1528; x_wconf 94' lang='lat' dir='ltr'><strong>sit,</strong></span> <span class='ocrx_word' id='word_1_121' title='bbox 1274 1452 1471 1541; x_wconf 83' lang='lat' dir='ltr'><strong>quaerimus,</strong></span> 
     </span>
     <span class='ocr_line' id='line_1_14' title="bbox 144 1545 1471 1636; baseline 0.003 -28"><span class='ocrx_word' id='word_1_122' title='bbox 144 1545 346 1631; x_wconf 88' lang='lat' dir='ltr'><strong>perspicuum</strong></span> <span class='ocrx_word' id='word_1_123' title='bbox 371 1558 433 1625; x_wconf 88' lang='lat' dir='ltr'><strong>est;</strong></span> <span class='ocrx_word' id='word_1_124' title='bbox 467 1547 508 1622; x_wconf 93' lang='lat' dir='ltr'><strong>si,</strong></span> <span class='ocrx_word' id='word_1_125' title='bbox 542 1549 618 1636; x_wconf 87' lang='lat' dir='ltr'><strong>quid</strong></span> <span class='ocrx_word' id='word_1_126' title='bbox 645 1549 781 1614; x_wconf 82' lang='lat' dir='ltr'><strong>maxime</strong></span> <span class='ocrx_word' id='word_1_127' title='bbox 803 1549 968 1634; x_wconf 84' lang='lat' dir='ltr'><strong>expediat,</strong></span> <span class='ocrx_word' id='word_1_128' title='bbox 1005 1547 1193 1613; x_wconf 88' lang='lat' dir='ltr'><strong>obscurum:</strong></span> <span class='ocrx_word' id='word_1_129' title='bbox 1232 1546 1280 1612; x_wconf 91' lang='lat' dir='ltr'><strong>sin</strong></span> <span class='ocrx_word' id='word_1_130' title='bbox 1302 1545 1325 1611; x_wconf 96' lang='lat' dir='ltr'><strong>ii</strong></span> <span class='ocrx_word' id='word_1_131' title='bbox 1346 1567 1471 1622; x_wconf 90' lang='lat' dir='ltr'><strong>sumus,</strong></span> 
     </span>
     <span class='ocr_line' id='line_1_15' title="bbox 145 1638 1471 1727; baseline 0.001 -25"><span class='ocrx_word' id='word_1_132' title='bbox 145 1639 199 1726; x_wconf 88' lang='lat' dir='ltr'><strong>qui</strong></span> <span class='ocrx_word' id='word_1_133' title='bbox 216 1638 361 1724; x_wconf 87' lang='lat' dir='ltr'><strong>prolecto</strong></span> <span class='ocrx_word' id='word_1_134' title='bbox 381 1662 451 1706; x_wconf 88' lang='lat' dir='ltr'><strong>esse</strong></span> <span class='ocrx_word' id='word_1_135' title='bbox 469 1640 634 1719; x_wconf 90' lang='lat' dir='ltr'><strong>dehemus,</strong></span> <span class='ocrx_word' id='word_1_136' title='bbox 656 1651 692 1707; x_wconf 90' lang='lat' dir='ltr'><strong>nt</strong></span> <span class='ocrx_word' id='word_1_137' title='bbox 707 1641 783 1707; x_wconf 87' lang='lat' dir='ltr'><strong>nihil</strong></span> <span class='ocrx_word' id='word_1_138' title='bbox 798 1640 990 1708; x_wconf 87' lang='lat' dir='ltr'><strong>arbitremur</strong></span> <span class='ocrx_word' id='word_1_139' title='bbox 1005 1640 1156 1726; x_wconf 87' lang='lat' dir='ltr'><strong>expedire</strong></span> <span class='ocrx_word' id='word_1_140' title='bbox 1171 1640 1231 1705; x_wconf 91' lang='lat' dir='ltr'><strong>nisi</strong></span> <span class='ocrx_word' id='word_1_141' title='bbox 1249 1639 1335 1727; x_wconf 89' lang='lat' dir='ltr'><strong>quod</strong></span> <span class='ocrx_word' id='word_1_142' title='bbox 1350 1649 1471 1704; x_wconf 90' lang='lat' dir='ltr'><strong>rectum</strong></span> 
     </span>
     <span class='ocr_line' id='line_1_16' title="bbox 144 1731 1510 1822; baseline 0 -25"><span class='ocrx_word' id='word_1_143' title='bbox 144 1731 373 1820; x_wconf 89' lang='lat' dir='ltr'><strong>honestumque</strong></span> <span class='ocrx_word' id='word_1_144' title='bbox 405 1735 464 1810; x_wconf 89' lang='lat' dir='ltr'><strong>sit,</strong></span> <span class='ocrx_word' id='word_1_145' title='bbox 498 1757 562 1801; x_wconf 94' lang='lat' dir='ltr'><strong>non</strong></span> <span class='ocrx_word' id='word_1_146' title='bbox 583 1744 687 1822; x_wconf 89' lang='lat' dir='ltr'><strong>potest</strong></span> <span class='ocrx_word' id='word_1_147' title='bbox 719 1757 788 1801; x_wconf 89' lang='lat' dir='ltr'><strong>esse</strong></span> <span class='ocrx_word' id='word_1_148' title='bbox 814 1734 961 1810; x_wconf 89' lang='lat' dir='ltr'><strong>dubium,</strong></span> <span class='ocrx_word' id='word_1_149' title='bbox 999 1734 1074 1822; x_wconf 88' lang='lat' dir='ltr'><strong>qnid</strong></span> <span class='ocrx_word' id='word_1_150' title='bbox 1103 1733 1278 1799; x_wconf 87' lang='lat' dir='ltr'><strong>laciendum</strong></span> <span class='ocrx_word' id='word_1_151' title='bbox 1308 1731 1400 1798; x_wconf 89' lang='lat' dir='ltr'><strong>nobis</strong></span> <span class='ocrx_word' id='word_1_152' title='bbox 1422 1732 1510 1799; x_wconf 76' lang='lat' dir='ltr'><strong>sitas</strong></span> 
     </span>
     <span class='ocr_line' id='line_1_17' title="bbox 145 1824 1472 1904; baseline 0.002 -14"><span class='ocrx_word' id='word_1_153' title='bbox 145 1830 175 1890; x_wconf 85' lang='grc'><strong>3.</strong></span> <span class='ocrx_word' id='word_1_154' title='bbox 200 1824 295 1904; x_wconf 90' lang='lat' dir='ltr'><strong>Quod</strong></span> <span class='ocrx_word' id='word_1_155' title='bbox 317 1827 477 1894; x_wconf 88' lang='lat' dir='ltr'><strong>existimas</strong></span> <span class='ocrx_word' id='word_1_156' title='bbox 497 1851 599 1894; x_wconf 91' lang='lat' dir='ltr'><strong>meam</strong></span> <span class='ocrx_word' id='word_1_157' title='bbox 621 1849 745 1895; x_wconf 88' lang='lat' dir='ltr'><strong>causam</strong></span> <span class='ocrx_word' id='word_1_158' title='bbox 767 1829 964 1894; x_wconf 91' lang='lat' dir='ltr'><strong>coniunctam</strong></span> <span class='ocrx_word' id='word_1_159' title='bbox 986 1849 1055 1893; x_wconf 88' lang='lat' dir='ltr'><strong>esse</strong></span> <span class='ocrx_word' id='word_1_160' title='bbox 1076 1848 1148 1893; x_wconf 89' lang='lat' dir='ltr'><strong>cum</strong></span> <span class='ocrx_word' id='word_1_161' title='bbox 1163 1838 1232 1902; x_wconf 89' lang='lat' dir='ltr'><strong>tua,</strong></span> <span class='ocrx_word' id='word_1_162' title='bbox 1254 1837 1340 1893; x_wconf 87' lang='lat' dir='ltr'><strong>certe</strong></span> <span class='ocrx_word' id='word_1_163' title='bbox 1362 1828 1472 1894; x_wconf 87' lang='lat' dir='ltr'><strong>similis</strong></span> 
     </span>
     <span class='ocr_line' id='line_1_18' title="bbox 145 1918 1472 2009; baseline 0.002 -26"><span class='ocrx_word' id='word_1_164' title='bbox 145 1918 335 2007; x_wconf 84' lang='lat' dir='ltr'><strong>inutraque</strong></span> <span class='ocrx_word' id='word_1_165' title='bbox 364 1927 522 1999; x_wconf 86' lang='lat' dir='ltr'><strong>nostrdm,</strong></span> <span class='ocrx_word' id='word_1_166' title='bbox 552 1944 624 1988; x_wconf 91' lang='lat' dir='ltr'><strong>cum</strong></span> <span class='ocrx_word' id='word_1_167' title='bbox 656 1925 773 2009; x_wconf 89' lang='lat' dir='ltr'><strong>optime</strong></span> <span class='ocrx_word' id='word_1_168' title='bbox 800 1923 1008 1998; x_wconf 88' lang='lat' dir='ltr'><strong>sentiremus,</strong></span> <span class='ocrx_word' id='word_1_169' title='bbox 1030 1942 1123 1986; x_wconf 88' lang='lat' dir='ltr'><strong>error</strong></span> <span class='ocrx_word' id='word_1_170' title='bbox 1143 1921 1212 1988; x_wconf 86' lang='lat' dir='ltr'><strong>luit.</strong></span> <span class='ocrx_word' id='word_1_171' title='bbox 1268 1927 1345 1987; x_wconf 88' lang='lat' dir='ltr'><strong>Nam</strong></span> <span class='ocrx_word' id='word_1_172' title='bbox 1367 1920 1472 1988; x_wconf 87' lang='lat' dir='ltr'><strong>omnia</strong></span> 
     </span>
     <span class='ocr_line' id='line_1_19' title="bbox 145 2014 1470 2102; baseline 0.002 -23"><span class='ocrx_word' id='word_1_173' title='bbox 145 2014 312 2101; x_wconf 84' lang='lat' dir='ltr'><strong>utriusque</strong></span> <span class='ocrx_word' id='word_1_174' title='bbox 343 2015 473 2081; x_wconf 89' lang='lat' dir='ltr'><strong>consilia</strong></span> <span class='ocrx_word' id='word_1_175' title='bbox 503 2015 542 2081; x_wconf 89' lang='lat' dir='ltr'><strong>ad</strong></span> <span class='ocrx_word' id='word_1_176' title='bbox 571 2016 773 2082; x_wconf 79' lang='lat' dir='ltr'><strong>eonmrdiam</strong></span> <span class='ocrx_word' id='word_1_177' title='bbox 801 2022 1036 2102; x_wconf 80' lang='lat' dir='ltr'><strong>spectaverunt3</strong></span> <span class='ocrx_word' id='word_1_178' title='bbox 1074 2037 1134 2102; x_wconf 90' lang='lat' dir='ltr'><strong>qua</strong></span> <span class='ocrx_word' id='word_1_179' title='bbox 1162 2036 1235 2081; x_wconf 91' lang='lat' dir='ltr'><strong>cum</strong></span> <span class='ocrx_word' id='word_1_180' title='bbox 1264 2014 1324 2101; x_wconf 93' lang='lat' dir='ltr'><strong>ipsi</strong></span> <span class='ocrx_word' id='word_1_181' title='bbox 1346 2014 1470 2082; x_wconf 82' lang='lat' dir='ltr'><strong>Caesari</strong></span> 
     </span>
     <span class='ocr_line' id='line_1_20' title="bbox 145 2105 1472 2197; baseline 0.003 -27"><span class='ocrx_word' id='word_1_182' title='bbox 145 2105 220 2172; x_wconf 90' lang='lat' dir='ltr'><strong>nibil</strong></span> <span class='ocrx_word' id='word_1_183' title='bbox 244 2116 327 2173; x_wconf 88' lang='lat' dir='ltr'><strong>esset</strong></span> <span class='ocrx_word' id='word_1_184' title='bbox 342 2109 466 2185; x_wconf 89' lang='lat' dir='ltr'><strong>utilius,</strong></span> <span class='ocrx_word' id='word_1_185' title='bbox 489 2110 620 2196; x_wconf 78' lang='lat' dir='ltr'><strong>gratiam</strong></span> <span class='ocrx_word' id='word_1_186' title='bbox 643 2131 769 2197; x_wconf 89' lang='lat' dir='ltr'><strong>quoque</strong></span> <span class='ocrx_word' id='word_1_187' title='bbox 792 2131 849 2175; x_wconf 90' lang='lat' dir='ltr'><strong>nos</strong></span> <span class='ocrx_word' id='word_1_188' title='bbox 872 2109 953 2175; x_wconf 90' lang='lat' dir='ltr'><strong>inire</strong></span> <span class='ocrx_word' id='word_1_189' title='bbox 974 2107 1068 2174; x_wconf 91' lang='lat' dir='ltr'><strong>abeo</strong></span> <span class='ocrx_word' id='word_1_190' title='bbox 1085 2107 1280 2174; x_wconf 78' lang='lat' dir='ltr'><strong>defendenda</strong></span> <span class='ocrx_word' id='word_1_191' title='bbox 1296 2108 1472 2195; x_wconf 89' lang='lat' dir='ltr'><strong>paeearbi·</strong></span> 
     </span>
     <span class='ocr_line' id='line_1_21' title="bbox 147 2198 1507 2291; baseline 0 -28"><span class='ocrx_word' id='word_1_192' title='bbox 147 2198 319 2267; x_wconf 84' lang='lat' dir='ltr'><strong>trahamur.</strong></span> <span class='ocrx_word' id='word_1_193' title='bbox 373 2205 531 2281; x_wconf 85' lang='lat' dir='ltr'><strong>Quantum</strong></span> <span class='ocrx_word' id='word_1_194' title='bbox 561 2225 619 2269; x_wconf 87' lang='lat' dir='ltr'><strong>nos</strong></span> <span class='ocrx_word' id='word_1_195' title='bbox 645 2203 792 2269; x_wconf 85' lang='lat' dir='ltr'><strong>ielellerit</strong></span> <span class='ocrx_word' id='word_1_196' title='bbox 819 2212 850 2268; x_wconf 90' lang='lat' dir='ltr'><strong>et</strong></span> <span class='ocrx_word' id='word_1_197' title='bbox 876 2225 970 2291; x_wconf 89' lang='lat' dir='ltr'><strong>quem</strong></span> <span class='ocrx_word' id='word_1_198' title='bbox 1000 2202 1033 2267; x_wconf 91' lang='lat' dir='ltr'><strong>in</strong></span> <span class='ocrx_word' id='word_1_199' title='bbox 1061 2203 1165 2268; x_wconf 92' lang='lat' dir='ltr'><strong>locum</strong></span> <span class='ocrx_word' id='word_1_200' title='bbox 1186 2223 1238 2267; x_wconf 90' lang='lat' dir='ltr'><strong>res</strong></span> <span class='ocrx_word' id='word_1_201' title='bbox 1261 2202 1392 2269; x_wconf 88' lang='lat' dir='ltr'><strong>deducta</strong></span> <span class='ocrx_word' id='word_1_202' title='bbox 1414 2202 1507 2276; x_wconf 81' lang='lat' dir='ltr'><strong>sit,so</strong></span> 
     </span>
     <span class='ocr_line' id='line_1_22' title="bbox 147 2292 1471 2384; baseline 0.002 -27"><span class='ocrx_word' id='word_1_203' title='bbox 147 2292 244 2359; x_wconf 80' lang='lat' dir='ltr'><strong>rides.</strong></span> <span class='ocrx_word' id='word_1_204' title='bbox 303 2299 411 2383; x_wconf 85' lang='lat' dir='ltr'><strong>lteque</strong></span> <span class='ocrx_word' id='word_1_205' title='bbox 438 2297 540 2362; x_wconf 88' lang='lat' dir='ltr'><strong>solum</strong></span> <span class='ocrx_word' id='word_1_206' title='bbox 569 2318 605 2363; x_wconf 84' lang='lat' dir='ltr'><strong>ea</strong></span> <span class='ocrx_word' id='word_1_207' title='bbox 633 2296 804 2383; x_wconf 80' lang='lat' dir='ltr'><strong>perspicis,</strong></span> <span class='ocrx_word' id='word_1_208' title='bbox 840 2317 921 2384; x_wconf 89' lang='lat' dir='ltr'><strong>qnae</strong></span> <span class='ocrx_word' id='word_1_209' title='bbox 945 2306 1099 2383; x_wconf 80' lang='lat' dir='ltr'><strong>geruntur</strong></span> <span class='ocrx_word' id='word_1_210' title='bbox 1125 2317 1268 2383; x_wconf 88' lang='lat' dir='ltr'><strong>quaeque</strong></span> <span class='ocrx_word' id='word_1_211' title='bbox 1293 2295 1356 2361; x_wconf 90' lang='lat' dir='ltr'><strong>iam</strong></span> <span class='ocrx_word' id='word_1_212' title='bbox 1384 2304 1471 2383; x_wconf 75' lang='lat' dir='ltr'><strong>gesta</strong></span> 
     </span>
     <span class='ocr_line' id='line_1_23' title="bbox 147 2387 1472 2477; baseline 0.002 -27"><span class='ocrx_word' id='word_1_213' title='bbox 147 2397 232 2467; x_wconf 75' lang='lat' dir='ltr'><strong>snat,</strong></span> <span class='ocrx_word' id='word_1_214' title='bbox 269 2387 326 2455; x_wconf 90' lang='lat' dir='ltr'><strong>sed</strong></span> <span class='ocrx_word' id='word_1_215' title='bbox 354 2388 447 2454; x_wconf 89' lang='lat' dir='ltr'><strong>etiam</strong></span> <span class='ocrx_word' id='word_1_216' title='bbox 476 2390 530 2476; x_wconf 91' lang='lat' dir='ltr'><strong>qui</strong></span> <span class='ocrx_word' id='word_1_217' title='bbox 559 2412 670 2456; x_wconf 88' lang='lat' dir='ltr'><strong>cursus</strong></span> <span class='ocrx_word' id='word_1_218' title='bbox 697 2412 827 2464; x_wconf 90' lang='lat' dir='ltr'><strong>rerum,</strong></span> <span class='ocrx_word' id='word_1_219' title='bbox 860 2389 916 2477; x_wconf 89' lang='lat' dir='ltr'><strong>qui</strong></span> <span class='ocrx_word' id='word_1_220' title='bbox 936 2389 1040 2456; x_wconf 88' lang='lat' dir='ltr'><strong>exitus</strong></span> <span class='ocrx_word' id='word_1_221' title='bbox 1060 2388 1185 2455; x_wconf 88' lang='lat' dir='ltr'><strong>iuturus</strong></span> <span class='ocrx_word' id='word_1_222' title='bbox 1206 2389 1255 2454; x_wconf 87' lang='lat' dir='ltr'><strong>sit.</strong></span> <span class='ocrx_word' id='word_1_223' title='bbox 1311 2393 1397 2474; x_wconf 79' lang='lat' dir='ltr'><strong>Ergo</strong></span> <span class='ocrx_word' id='word_1_224' title='bbox 1418 2397 1472 2453; x_wconf 89' lang='lat' dir='ltr'><strong>aut</strong></span> 
     </span>
     <span class='ocr_line' id='line_1_24' title="bbox 145 2479 1471 2571; baseline 0.003 -27"><span class='ocrx_word' id='word_1_225' title='bbox 145 2479 282 2566; x_wconf 88' lang='lat' dir='ltr'><strong>probare</strong></span> <span class='ocrx_word' id='word_1_226' title='bbox 303 2492 428 2568; x_wconf 90' lang='lat' dir='ltr'><strong>oportet</strong></span> <span class='ocrx_word' id='word_1_227' title='bbox 450 2505 502 2558; x_wconf 90' lang='lat' dir='ltr'><strong>ea,</strong></span> <span class='ocrx_word' id='word_1_228' title='bbox 524 2506 605 2571; x_wconf 87' lang='lat' dir='ltr'><strong>quae</strong></span> <span class='ocrx_word' id='word_1_229' title='bbox 626 2483 722 2559; x_wconf 89' lang='lat' dir='ltr'><strong>fiunt,</strong></span> <span class='ocrx_word' id='word_1_230' title='bbox 744 2493 798 2549; x_wconf 89' lang='lat' dir='ltr'><strong>aut</strong></span> <span class='ocrx_word' id='word_1_231' title='bbox 819 2483 987 2558; x_wconf 88' lang='lat' dir='ltr'><strong>interesse,</strong></span> <span class='ocrx_word' id='word_1_232' title='bbox 1010 2483 1132 2548; x_wconf 90' lang='lat' dir='ltr'><strong>etiamsi</strong></span> <span class='ocrx_word' id='word_1_233' title='bbox 1154 2502 1217 2547; x_wconf 92' lang='lat' dir='ltr'><strong>non</strong></span> <span class='ocrx_word' id='word_1_234' title='bbox 1238 2480 1369 2567; x_wconf 90' lang='lat' dir='ltr'><strong>probes:</strong></span> <span class='ocrx_word' id='word_1_235' title='bbox 1392 2502 1471 2569; x_wconf 88' lang='lat' dir='ltr'><strong>quo-</strong></span> 
     </span>
     <span class='ocr_line' id='line_1_25' title="bbox 145 2574 1525 2663; baseline -0.001 -24"><span class='ocrx_word' id='word_1_236' title='bbox 145 2595 216 2639; x_wconf 93' lang='lat' dir='ltr'><strong>rum</strong></span> <span class='ocrx_word' id='word_1_237' title='bbox 238 2575 336 2639; x_wconf 89' lang='lat' dir='ltr'><strong>altera</strong></span> <span class='ocrx_word' id='word_1_238' title='bbox 358 2576 434 2641; x_wconf 90' lang='lat' dir='ltr'><strong>mihi</strong></span> <span class='ocrx_word' id='word_1_239' title='bbox 455 2577 574 2663; x_wconf 91' lang='lat' dir='ltr'><strong>turpis,</strong></span> <span class='ocrx_word' id='word_1_240' title='bbox 596 2577 693 2643; x_wconf 86' lang='lat' dir='ltr'><strong>altera</strong></span> <span class='ocrx_word' id='word_1_241' title='bbox 715 2578 810 2642; x_wconf 89' lang='lat' dir='ltr'><strong>etiam</strong></span> <span class='ocrx_word' id='word_1_242' title='bbox 831 2576 1008 2663; x_wconf 88' lang='lat' dir='ltr'><strong>periculosa</strong></span> <span class='ocrx_word' id='word_1_243' title='bbox 1022 2574 1103 2641; x_wconf 91' lang='lat' dir='ltr'><strong>ratio</strong></span> <span class='ocrx_word' id='word_1_244' title='bbox 1117 2574 1252 2641; x_wconf 88' lang='lat' dir='ltr'><strong>videtur.</strong></span> <span class='ocrx_word' id='word_1_245' title='bbox 1294 2578 1325 2640; x_wconf 77' lang='grc'><strong>4.</strong></span> <span class='ocrx_word' id='word_1_246' title='bbox 1348 2580 1469 2647; x_wconf 78' lang='lat' dir='ltr'><strong>Restat,</strong></span> <span class='ocrx_word' id='word_1_247' title='bbox 1520 2642 1525 2657; x_wconf 41' lang='lat'><strong>¹</strong></span> 
     </span>
     <span class='ocr_line' id='line_1_26' title="bbox 144 2666 1508 2759; baseline -0.001 -28"><span class='ocrx_word' id='word_1_248' title='bbox 144 2677 178 2732; x_wconf 93' lang='lat' dir='ltr'><strong>ut</strong></span> <span class='ocrx_word' id='word_1_249' title='bbox 199 2666 423 2735; x_wconf 88' lang='lat' dir='ltr'><strong>discedendum</strong></span> <span class='ocrx_word' id='word_1_250' title='bbox 444 2680 562 2757; x_wconf 90' lang='lat' dir='ltr'><strong>putem.</strong></span> <span class='ocrx_word' id='word_1_251' title='bbox 619 2675 654 2737; x_wconf 94' lang='lat' dir='ltr'><strong>ln</strong></span> <span class='ocrx_word' id='word_1_252' title='bbox 676 2691 740 2759; x_wconf 91' lang='lat' dir='ltr'><strong>quo</strong></span> <span class='ocrx_word' id='word_1_253' title='bbox 762 2670 885 2758; x_wconf 93' lang='lat' dir='ltr'><strong>reliqua</strong></span> <span class='ocrx_word' id='word_1_254' title='bbox 907 2669 1124 2735; x_wconf 85' lang='lat' dir='ltr'><strong>videturesse</strong></span> <span class='ocrx_word' id='word_1_255' title='bbox 1146 2666 1349 2743; x_wconf 90' lang='lat' dir='ltr'><strong>deliberatio,</strong></span> <span class='ocrx_word' id='word_1_256' title='bbox 1383 2666 1508 2757; x_wconf 64' lang='lat' dir='ltr'><strong>modo</strong></span> 
     </span>
     <span class='ocr_line' id='line_1_27' title="bbox 143 2760 1470 2852; baseline -0.001 -25"><span class='ocrx_word' id='word_1_257' title='bbox 143 2760 308 2827; x_wconf 80' lang='lat' dir='ltr'><strong>consilium</strong></span> <span class='ocrx_word' id='word_1_258' title='bbox 330 2763 362 2828; x_wconf 92' lang='lat' dir='ltr'><strong>in</strong></span> <span class='ocrx_word' id='word_1_259' title='bbox 383 2762 539 2841; x_wconf 87' lang='lat' dir='ltr'><strong>discessu,</strong></span> <span class='ocrx_word' id='word_1_260' title='bbox 569 2786 650 2852; x_wconf 88' lang='lat' dir='ltr'><strong>quae</strong></span> <span class='ocrx_word' id='word_1_261' title='bbox 676 2765 745 2831; x_wconf 88' lang='lat' dir='ltr'><strong>loca</strong></span> <span class='ocrx_word' id='word_1_262' title='bbox 767 2784 947 2851; x_wconf 89' lang='lat' dir='ltr'><strong>sequamur.</strong></span> <span class='ocrx_word' id='word_1_263' title='bbox 999 2762 1134 2828; x_wconf 89' lang='lat' dir='ltr'><strong>Omnino</strong></span> <span class='ocrx_word' id='word_1_264' title='bbox 1156 2782 1227 2826; x_wconf 91' lang='lat' dir='ltr'><strong>cum</strong></span> <span class='ocrx_word' id='word_1_265' title='bbox 1250 2761 1397 2826; x_wconf 89' lang='lat' dir='ltr'><strong>miserior</strong></span> <span class='ocrx_word' id='word_1_266' title='bbox 1417 2781 1470 2826; x_wconf 88' lang='lat' dir='ltr'><strong>res</strong></span> 
     </span>
     <span class='ocr_line' id='line_1_28' title="bbox 144 2853 1471 2944; baseline -0.001 -25"><span class='ocrx_word' id='word_1_267' title='bbox 144 2876 305 2942; x_wconf 84' lang='lat' dir='ltr'><strong>nunquam</strong></span> <span class='ocrx_word' id='word_1_268' title='bbox 334 2856 458 2933; x_wconf 85' lang='lat' dir='ltr'><strong>accidit,</strong></span> <span class='ocrx_word' id='word_1_269' title='bbox 480 2867 546 2924; x_wconf 89' lang='lat' dir='ltr'><strong>tum</strong></span> <span class='ocrx_word' id='word_1_270' title='bbox 569 2880 609 2923; x_wconf 90' lang='lat' dir='ltr'><strong>ne</strong></span> <span class='ocrx_word' id='word_1_271' title='bbox 630 2856 815 2924; x_wconf 86' lang='lat' dir='ltr'><strong>deliberatio</strong></span> <span class='ocrx_word' id='word_1_272' title='bbox 838 2856 966 2944; x_wconf 90' lang='lat' dir='ltr'><strong>quidem</strong></span> <span class='ocrx_word' id='word_1_273' title='bbox 987 2854 1160 2935; x_wconf 82' lang='lat' dir='ltr'><strong>difficilior3</strong></span> <span class='ocrx_word' id='word_1_274' title='bbox 1193 2853 1269 2919; x_wconf 89' lang='lat' dir='ltr'><strong>nihil</strong></span> <span class='ocrx_word' id='word_1_275' title='bbox 1291 2854 1375 2919; x_wconf 91' lang='lat' dir='ltr'><strong>enim</strong></span> <span class='ocrx_word' id='word_1_276' title='bbox 1396 2874 1471 2918; x_wconf 87' lang='lat' dir='ltr'><strong>con-</strong></span> 
     </span>
     <span class='ocr_line' id='line_1_29' title="bbox 143 2946 1469 3039; baseline -0.002 -26"><span class='ocrx_word' id='word_1_277' title='bbox 143 2947 228 3014; x_wconf 88' lang='lat' dir='ltr'><strong>stitui</strong></span> <span class='ocrx_word' id='word_1_278' title='bbox 250 2958 370 3035; x_wconf 89' lang='lat' dir='ltr'><strong>potest,</strong></span> <span class='ocrx_word' id='word_1_279' title='bbox 402 2951 488 3039; x_wconf 93' lang='lat' dir='ltr'><strong>quod</strong></span> <span class='ocrx_word' id='word_1_280' title='bbox 510 2972 573 3017; x_wconf 91' lang='lat' dir='ltr'><strong>non</strong></span> <span class='ocrx_word' id='word_1_281' title='bbox 595 2951 734 3018; x_wconf 88' lang='lat' dir='ltr'><strong>incurrat</strong></span> <span class='ocrx_word' id='word_1_282' title='bbox 755 2951 788 3016; x_wconf 95' lang='lat' dir='ltr'><strong>in</strong></span> <span class='ocrx_word' id='word_1_283' title='bbox 810 2971 953 3035; x_wconf 81' lang='lat' dir='ltr'><strong>magnam</strong></span> <span class='ocrx_word' id='word_1_284' title='bbox 980 2949 1117 3037; x_wconf 89' lang='lat' dir='ltr'><strong>aliquam</strong></span> <span class='ocrx_word' id='word_1_285' title='bbox 1139 2946 1361 3013; x_wconf 83' lang='lat' dir='ltr'><strong>difficultatem.</strong></span> <span class='ocrx_word' id='word_1_286' title='bbox 1404 2952 1469 3021; x_wconf 90' lang='grc' dir='ltr'><strong>Τιι,</strong></span> 
     </span>
     <span class='ocr_line' id='line_1_30' title="bbox 145 3038 1470 3128; baseline -0.002 -22"><span class='ocrx_word' id='word_1_287' title='bbox 145 3040 172 3106; x_wconf 90' lang='lat' dir='ltr'><strong>si</strong></span> <span class='ocrx_word' id='word_1_288' title='bbox 194 3041 374 3119; x_wconf 86' lang='lat' dir='ltr'><strong>videbitur,</strong></span> <span class='ocrx_word' id='word_1_289' title='bbox 396 3043 437 3110; x_wconf 90' lang='lat' dir='ltr'><strong>ita</strong></span> <span class='ocrx_word' id='word_1_290' title='bbox 459 3066 573 3111; x_wconf 88' lang='lat' dir='ltr'><strong>censeo</strong></span> <span class='ocrx_word' id='word_1_291' title='bbox 593 3044 704 3121; x_wconf 84' lang='lat' dir='ltr'><strong>iacias,</strong></span> <span class='ocrx_word' id='word_1_292' title='bbox 727 3054 776 3119; x_wconf 90' lang='lat' dir='ltr'><strong>ut,</strong></span> <span class='ocrx_word' id='word_1_293' title='bbox 799 3044 825 3108; x_wconf 89' lang='lat' dir='ltr'><strong>si</strong></span> <span class='ocrx_word' id='word_1_294' title='bbox 842 3041 937 3109; x_wconf 89' lang='lat' dir='ltr'><strong>habes</strong></span> <span class='ocrx_word' id='word_1_295' title='bbox 951 3042 1013 3108; x_wconf 91' lang='lat' dir='ltr'><strong>iam</strong></span> <span class='ocrx_word' id='word_1_296' title='bbox 1028 3052 1191 3116; x_wconf 88' lang='lat' dir='ltr'><strong>statutum,</strong></span> <span class='ocrx_word' id='word_1_297' title='bbox 1213 3040 1289 3128; x_wconf 91' lang='lat' dir='ltr'><strong>quid</strong></span> <span class='ocrx_word' id='word_1_298' title='bbox 1305 3038 1360 3105; x_wconf 90' lang='lat' dir='ltr'><strong>tihi</strong></span> <span class='ocrx_word' id='word_1_299' title='bbox 1377 3058 1470 3125; x_wconf 78' lang='lat' dir='ltr'><strong>ngen-</strong></span> 
     </span>
     <span class='ocr_line' id='line_1_31' title="bbox 146 3134 1507 3224; baseline -0.004 -24"><span class='ocrx_word' id='word_1_300' title='bbox 146 3134 222 3201; x_wconf 89' lang='lat' dir='ltr'><strong>dum</strong></span> <span class='ocrx_word' id='word_1_301' title='bbox 243 3145 349 3222; x_wconf 89' lang='lat' dir='ltr'><strong>putes,</strong></span> <span class='ocrx_word' id='word_1_302' title='bbox 371 3137 404 3202; x_wconf 94' lang='lat' dir='ltr'><strong>in</strong></span> <span class='ocrx_word' id='word_1_303' title='bbox 426 3158 491 3224; x_wconf 88' lang='lat' dir='ltr'><strong>quo</strong></span> <span class='ocrx_word' id='word_1_304' title='bbox 512 3159 576 3203; x_wconf 93' lang='lat' dir='ltr'><strong>non</strong></span> <span class='ocrx_word' id='word_1_305' title='bbox 599 3138 639 3204; x_wconf 91' lang='lat' dir='ltr'><strong>sit</strong></span> <span class='ocrx_word' id='word_1_306' title='bbox 659 3138 861 3204; x_wconf 85' lang='lat' dir='ltr'><strong>coniunctum</strong></span> <span class='ocrx_word' id='word_1_307' title='bbox 882 3137 1046 3204; x_wconf 87' lang='lat' dir='ltr'><strong>eonsilium</strong></span> <span class='ocrx_word' id='word_1_308' title='bbox 1061 3145 1151 3201; x_wconf 90' lang='lat' dir='ltr'><strong>tuum</strong></span> <span class='ocrx_word' id='word_1_309' title='bbox 1165 3156 1237 3201; x_wconf 89' lang='lat' dir='ltr'><strong>eum</strong></span> <span class='ocrx_word' id='word_1_310' title='bbox 1253 3155 1338 3209; x_wconf 89' lang='lat' dir='ltr'><strong>meo,</strong></span> <span class='ocrx_word' id='word_1_311' title='bbox 1360 3153 1507 3220; x_wconf 69' lang='lat' dir='ltr'><strong>supereo</strong></span> 
     </span>
     <span class='ocr_line' id='line_1_32' title="bbox 144 3226 1470 3318; baseline -0.002 -24"><span class='ocrx_word' id='word_1_312' title='bbox 144 3228 255 3295; x_wconf 86' lang='lat' dir='ltr'><strong>sedeas</strong></span> <span class='ocrx_word' id='word_1_313' title='bbox 277 3229 338 3296; x_wconf 91' lang='lat' dir='ltr'><strong>hoc</strong></span> <span class='ocrx_word' id='word_1_314' title='bbox 362 3229 472 3297; x_wconf 87' lang='lat' dir='ltr'><strong>labore</strong></span> <span class='ocrx_word' id='word_1_315' title='bbox 506 3232 642 3312; x_wconf 88' lang='lat' dir='ltr'><strong>itineris;</strong></span> <span class='ocrx_word' id='word_1_316' title='bbox 676 3232 723 3298; x_wconf 87' lang='lat' dir='ltr'><strong>sin</strong></span> <span class='ocrx_word' id='word_1_317' title='bbox 752 3246 857 3298; x_wconf 83' lang='lat' dir='ltr'><strong>aulem</strong></span> <span class='ocrx_word' id='word_1_318' title='bbox 886 3239 947 3307; x_wconf 91' lang='lat' dir='ltr'><strong>est,</strong></span> <span class='ocrx_word' id='word_1_319' title='bbox 984 3229 1069 3318; x_wconf 92' lang='lat' dir='ltr'><strong>quod</strong></span> <span class='ocrx_word' id='word_1_320' title='bbox 1095 3251 1219 3294; x_wconf 87' lang='lat' dir='ltr'><strong>mecum</strong></span> <span class='ocrx_word' id='word_1_321' title='bbox 1240 3226 1470 3293; x_wconf 86' lang='lat' dir='ltr'><strong>communicare</strong></span> 
     </span>
     <span class='ocr_line' id='line_1_33' title="bbox 144 3320 1469 3413; baseline -0.002 -27"><span class='ocrx_word' id='word_1_322' title='bbox 144 3321 237 3397; x_wconf 79' lang='lat' dir='ltr'><strong>selis,</strong></span> <span class='ocrx_word' id='word_1_323' title='bbox 260 3344 321 3410; x_wconf 80' lang='lat' dir='ltr'><strong>ego</strong></span> <span class='ocrx_word' id='word_1_324' title='bbox 342 3333 373 3388; x_wconf 92' lang='lat' dir='ltr'><strong>te</strong></span> <span class='ocrx_word' id='word_1_325' title='bbox 395 3324 597 3413; x_wconf 83' lang='lat' dir='ltr'><strong>exspectabo.</strong></span> <span class='ocrx_word' id='word_1_326' title='bbox 655 3331 720 3401; x_wconf 88' lang='lat' dir='ltr'><strong>Tu,</strong></span> <span class='ocrx_word' id='word_1_327' title='bbox 743 3324 830 3413; x_wconf 90' lang='lat' dir='ltr'><strong>quod</strong></span> <span class='ocrx_word' id='word_1_328' title='bbox 853 3333 907 3391; x_wconf 91' lang='lat' dir='ltr'><strong>tuo</strong></span> <span class='ocrx_word' id='word_1_329' title='bbox 929 3321 1097 3391; x_wconf 88' lang='lat' dir='ltr'><strong>commodo</strong></span> <span class='ocrx_word' id='word_1_330' title='bbox 1119 3322 1188 3398; x_wconf 88' lang='lat' dir='ltr'><strong>liat,</strong></span> <span class='ocrx_word' id='word_1_331' title='bbox 1217 3320 1469 3409; x_wconf 91' lang='lat' dir='ltr'><strong>quamprimum</strong></span> 
     </span>
     <span class='ocr_line' id='line_1_34' title="bbox 143 3414 1372 3504; baseline 0 -25"><span class='ocrx_word' id='word_1_332' title='bbox 143 3415 238 3481; x_wconf 84' lang='lat' dir='ltr'><strong>velim</strong></span> <span class='ocrx_word' id='word_1_333' title='bbox 261 3416 384 3494; x_wconf 86' lang='lat' dir='ltr'><strong>venias,</strong></span> <span class='ocrx_word' id='word_1_334' title='bbox 407 3417 488 3485; x_wconf 89' lang='lat' dir='ltr'><strong>sicut</strong></span> <span class='ocrx_word' id='word_1_335' title='bbox 508 3418 648 3486; x_wconf 89' lang='lat' dir='ltr'><strong>intellexi</strong></span> <span class='ocrx_word' id='word_1_336' title='bbox 670 3429 701 3485; x_wconf 93' lang='lat' dir='ltr'><strong>et</strong></span> <span class='ocrx_word' id='word_1_337' title='bbox 723 3418 834 3485; x_wconf 89' lang='lat' dir='ltr'><strong>Servio</strong></span> <span class='ocrx_word' id='word_1_338' title='bbox 856 3428 888 3483; x_wconf 89' lang='lat' dir='ltr'><strong>et</strong></span> <span class='ocrx_word' id='word_1_339' title='bbox 909 3417 1085 3484; x_wconf 82' lang='lat' dir='ltr'><strong>Postumiae</strong></span> <span class='ocrx_word' id='word_1_340' title='bbox 1107 3416 1243 3504; x_wconf 91' lang='lat' dir='ltr'><strong>placere.</strong></span> <span class='ocrx_word' id='word_1_341' title='bbox 1285 3414 1372 3481; x_wconf 86' lang='lat' dir='ltr'><strong>Vale.</strong></span> 
     </span>
    </p>
   </div>
   <div class='ocr_carea' id='block_1_5' title="bbox 622 3557 996 3644">
    <p class='ocr_par' dir='ltr' id='par_1_5' title="bbox 622 3557 996 3644">
     <span class='ocr_line' id='line_1_35' title="bbox 622 3557 996 3644; baseline -0.003 -20"><span class='ocrx_word' id='word_1_342' title='bbox 622 3557 996 3644; x_wconf 64' lang='lat' dir='ltr'><strong>1nmnama</strong></span> 
     </span>
    </p>
   </div>
   <div class='ocr_carea' id='block_1_6' title="bbox 443 3682 1507 3752">
    <p class='ocr_par' dir='ltr' id='par_1_6' title="bbox 443 3682 1507 3752">
     <span class='ocr_line' id='line_1_36' title="bbox 443 3682 1507 3752; baseline -0.005 -6"><span class='ocrx_word' id='word_1_343' title='bbox 443 3685 485 3746; x_wconf 87' lang='lat' dir='ltr'><strong>bl.</strong></span> <span class='ocrx_word' id='word_1_344' title='bbox 508 3682 652 3748; x_wconf 76' lang='lat' dir='ltr'><strong>elenao</strong></span> <span class='ocrx_word' id='word_1_345' title='bbox 675 3685 707 3747; x_wconf 89' lang='lat' dir='ltr'><strong>S.</strong></span> <span class='ocrx_word' id='word_1_346' title='bbox 728 3686 766 3746; x_wconf 81' lang='lat'><strong>1).</strong></span> <span class='ocrx_word' id='word_1_347' title='bbox 789 3684 874 3746; x_wconf 83' lang='lat' dir='ltr'><strong>SEll.</strong></span> <span class='ocrx_word' id='word_1_348' title='bbox 897 3682 1085 3746; x_wconf 86' lang='lat' dir='ltr'><strong>SULPlClO.</strong></span> <span class='ocrx_word' id='word_1_349' title='bbox 1478 3712 1507 3752; x_wconf 57' lang='lat' dir='ltr'><strong>a</strong></span> 
     </span>
    </p>
   </div>
   <div class='ocr_carea' id='block_1_7' title="bbox 143 3788 1507 4537">
    <p class='ocr_par' dir='ltr' id='par_1_7' title="bbox 143 3788 1507 4537">
     <span class='ocr_line' id='line_1_37' title="bbox 231 3788 1470 3878; baseline 0 -23"><span class='ocrx_word' id='word_1_350' title='bbox 231 3793 261 3855; x_wconf 94' lang='grc'><strong>1.</strong></span> <span class='ocrx_word' id='word_1_351' title='bbox 288 3788 496 3859; x_wconf 84' lang='lat' dir='ltr'><strong>Vehementer</strong></span> <span class='ocrx_word' id='word_1_352' title='bbox 521 3802 552 3857; x_wconf 89' lang='lat' dir='ltr'><strong>te</strong></span> <span class='ocrx_word' id='word_1_353' title='bbox 579 3814 648 3858; x_wconf 91' lang='lat' dir='ltr'><strong>esse</strong></span> <span class='ocrx_word' id='word_1_354' title='bbox 674 3792 840 3858; x_wconf 89' lang='lat' dir='ltr'><strong>sollicitum</strong></span> <span class='ocrx_word' id='word_1_355' title='bbox 868 3801 899 3857; x_wconf 95' lang='lat' dir='ltr'><strong>et</strong></span> <span class='ocrx_word' id='word_1_356' title='bbox 926 3791 959 3857; x_wconf 92' lang='lat' dir='ltr'><strong>in</strong></span> <span class='ocrx_word' id='word_1_357' title='bbox 981 3789 1199 3857; x_wconf 90' lang='lat' dir='ltr'><strong>communibus</strong></span> <span class='ocrx_word' id='word_1_358' title='bbox 1220 3790 1356 3857; x_wconf 87' lang='lat' dir='ltr'><strong>miseriis</strong></span> <span class='ocrx_word' id='word_1_359' title='bbox 1378 3810 1470 3878; x_wconf 89' lang='lat' dir='ltr'><strong>prae·</strong></span> 
     </span>
     <span class='ocr_line' id='line_1_38' title="bbox 143 3882 1470 3974; baseline 0.002 -25"><span class='ocrx_word' id='word_1_360' title='bbox 143 3882 239 3971; x_wconf 83' lang='lat' dir='ltr'><strong>aipno</strong></span> <span class='ocrx_word' id='word_1_361' title='bbox 259 3882 398 3973; x_wconf 87' lang='lat' dir='ltr'><strong>quodam</strong></span> <span class='ocrx_word' id='word_1_362' title='bbox 418 3885 530 3953; x_wconf 90' lang='lat' dir='ltr'><strong>dolore</strong></span> <span class='ocrx_word' id='word_1_363' title='bbox 551 3887 623 3973; x_wconf 65' lang='grc' dir='ltr'><strong>ιιιιςί</strong></span> <span class='ocrx_word' id='word_1_364' title='bbox 644 3887 733 3974; x_wconf 86' lang='lat' dir='ltr'><strong>multi</strong></span> <span class='ocrx_word' id='word_1_365' title='bbox 755 3886 794 3952; x_wconf 88' lang='lat' dir='ltr'><strong>ad</strong></span> <span class='ocrx_word' id='word_1_366' title='bbox 816 3908 874 3952; x_wconf 87' lang='lat' dir='ltr'><strong>nos</strong></span> <span class='ocrx_word' id='word_1_367' title='bbox 895 3887 1037 3974; x_wconf 87' lang='lat' dir='ltr'><strong>quotidie</strong></span> <span class='ocrx_word' id='word_1_368' title='bbox 1051 3885 1206 3952; x_wconf 82' lang='lat' dir='ltr'><strong>deferunt</strong></span> <span class='ocrx_word' id='word_1_369' title='bbox 1250 3886 1345 3967; x_wconf 85' lang='lat' dir='ltr'><strong>Quod</strong></span> <span class='ocrx_word' id='word_1_370' title='bbox 1360 3907 1470 3974; x_wconf 89' lang='lat' dir='ltr'><strong>quarn-</strong></span> 
     </span>
     <span class='ocr_line' id='line_1_39' title="bbox 144 3976 1469 4069; baseline 0.002 -26"><span class='ocrx_word' id='word_1_371' title='bbox 144 3998 240 4065; x_wconf 88' lang='lat' dir='ltr'><strong>quam</strong></span> <span class='ocrx_word' id='word_1_372' title='bbox 267 3976 395 4045; x_wconf 87' lang='lat' dir='ltr'><strong>minime</strong></span> <span class='ocrx_word' id='word_1_373' title='bbox 419 3979 520 4047; x_wconf 91' lang='lat' dir='ltr'><strong>miror</strong></span> <span class='ocrx_word' id='word_1_374' title='bbox 546 3990 577 4046; x_wconf 91' lang='lat' dir='ltr'><strong>et</strong></span> <span class='ocrx_word' id='word_1_375' title='bbox 603 4003 708 4048; x_wconf 91' lang='lat' dir='ltr'><strong>meum</strong></span> <span class='ocrx_word' id='word_1_376' title='bbox 734 3981 968 4069; x_wconf 90' lang='lat' dir='ltr'><strong>quodammodo</strong></span> <span class='ocrx_word' id='word_1_377' title='bbox 996 4002 1150 4066; x_wconf 81' lang='lat' dir='ltr'><strong>agnosco,</strong></span> <span class='ocrx_word' id='word_1_378' title='bbox 1187 3981 1280 4046; x_wconf 93' lang='lat' dir='ltr'><strong>doleo</strong></span> <span class='ocrx_word' id='word_1_379' title='bbox 1310 3990 1412 4046; x_wconf 90' lang='lat' dir='ltr'><strong>tamon</strong></span> <span class='ocrx_word' id='word_1_380' title='bbox 1439 3990 1469 4046; x_wconf 85' lang='lat' dir='ltr'><strong>ta</strong></span> 
     </span>
     <span class='ocr_line' id='line_1_40' title="bbox 143 4070 1468 4162; baseline 0.002 -26"><span class='ocrx_word' id='word_1_381' title='bbox 143 4070 295 4157; x_wconf 80' lang='lat' dir='ltr'><strong>sapientia</strong></span> <span class='ocrx_word' id='word_1_382' title='bbox 316 4072 493 4161; x_wconf 86' lang='lat' dir='ltr'><strong>praeditum</strong></span> <span class='ocrx_word' id='word_1_383' title='bbox 514 4095 614 4162; x_wconf 93' lang='lat' dir='ltr'><strong>prope</strong></span> <span class='ocrx_word' id='word_1_384' title='bbox 636 4074 787 4161; x_wconf 78' lang='lat' dir='ltr'><strong>singulari</strong></span> <span class='ocrx_word' id='word_1_385' title='bbox 809 4096 872 4140; x_wconf 93' lang='lat' dir='ltr'><strong>non</strong></span> <span class='ocrx_word' id='word_1_386' title='bbox 895 4074 957 4142; x_wconf 89' lang='lat' dir='ltr'><strong>tuis</strong></span> <span class='ocrx_word' id='word_1_387' title='bbox 980 4073 1071 4140; x_wconf 90' lang='lat' dir='ltr'><strong>bonis</strong></span> <span class='ocrx_word' id='word_1_388' title='bbox 1093 4072 1241 4139; x_wconf 87' lang='lat' dir='ltr'><strong>delectari</strong></span> <span class='ocrx_word' id='word_1_389' title='bbox 1255 4075 1359 4160; x_wconf 90' lang='lat' dir='ltr'><strong>potius</strong></span> <span class='ocrx_word' id='word_1_390' title='bbox 1374 4096 1468 4162; x_wconf 86' lang='lat' dir='ltr'><strong>qnam</strong></span> 
     </span>
     <span class='ocr_line' id='line_1_41' title="bbox 143 4162 1507 4256; baseline 0.003 -25"><span class='ocrx_word' id='word_1_391' title='bbox 143 4162 254 4231; x_wconf 74' lang='lat' dir='ltr'><strong>alienis</strong></span> <span class='ocrx_word' id='word_1_392' title='bbox 275 4165 366 4233; x_wconf 81' lang='lat' dir='ltr'><strong>naulis</strong></span> <span class='ocrx_word' id='word_1_393' title='bbox 386 4165 542 4234; x_wconf 79' lang='lat' dir='ltr'><strong>laborare.</strong></span> <span class='ocrx_word' id='word_1_394' title='bbox 596 4173 646 4234; x_wconf 83' lang='lat' dir='ltr'><strong>hle</strong></span> <span class='ocrx_word' id='word_1_395' title='bbox 668 4166 813 4256; x_wconf 89' lang='lat' dir='ltr'><strong>quidem,</strong></span> <span class='ocrx_word' id='word_1_396' title='bbox 842 4169 901 4233; x_wconf 89' lang='lat' dir='ltr'><strong>etsi</strong></span> <span class='ocrx_word' id='word_1_397' title='bbox 924 4167 1041 4234; x_wconf 90' lang='lat' dir='ltr'><strong>nemini</strong></span> <span class='ocrx_word' id='word_1_398' title='bbox 1062 4167 1218 4243; x_wconf 82' lang='lat' dir='ltr'><strong>concedo,</strong></span> <span class='ocrx_word' id='word_1_399' title='bbox 1240 4169 1294 4255; x_wconf 91' lang='lat' dir='ltr'><strong>qui</strong></span> <span class='ocrx_word' id='word_1_400' title='bbox 1316 4168 1507 4235; x_wconf 81' lang='lat' dir='ltr'><strong>maioremm</strong></span> 
     </span>
     <span class='ocr_line' id='line_1_42' title="bbox 144 4256 1467 4348; baseline 0.002 -25"><span class='ocrx_word' id='word_1_401' title='bbox 144 4280 185 4323; x_wconf 88' lang='lat' dir='ltr'><strong>ex</strong></span> <span class='ocrx_word' id='word_1_402' title='bbox 208 4258 347 4345; x_wconf 86' lang='lat' dir='ltr'><strong>pernicie</strong></span> <span class='ocrx_word' id='word_1_403' title='bbox 367 4270 399 4327; x_wconf 92' lang='lat' dir='ltr'><strong>et</strong></span> <span class='ocrx_word' id='word_1_404' title='bbox 419 4270 507 4347; x_wconf 91' lang='lat' dir='ltr'><strong>peste</strong></span> <span class='ocrx_word' id='word_1_405' title='bbox 539 4260 587 4328; x_wconf 90' lang='lat' dir='ltr'><strong>rei</strong></span> <span class='ocrx_word' id='word_1_406' title='bbox 616 4261 762 4348; x_wconf 87' lang='lat' dir='ltr'><strong>publicae</strong></span> <span class='ocrx_word' id='word_1_407' title='bbox 784 4261 957 4329; x_wconf 87' lang='lat' dir='ltr'><strong>molestiam</strong></span> <span class='ocrx_word' id='word_1_408' title='bbox 981 4256 1126 4338; x_wconf 79' lang='lat' dir='ltr'><strong>tinxerit,</strong></span> <span class='ocrx_word' id='word_1_409' title='bbox 1164 4270 1266 4327; x_wconf 71' lang='lat' dir='ltr'><strong>umen</strong></span> <span class='ocrx_word' id='word_1_410' title='bbox 1287 4262 1384 4326; x_wconf 90' lang='lat' dir='ltr'><strong>multa</strong></span> <span class='ocrx_word' id='word_1_411' title='bbox 1406 4260 1467 4326; x_wconf 90' lang='lat' dir='ltr'><strong>imn</strong></span> 
     </span>
     <span class='ocr_line' id='line_1_43' title="bbox 144 4351 1467 4440; baseline 0.001 -22"><span class='ocrx_word' id='word_1_412' title='bbox 144 4351 348 4419; x_wconf 84' lang='lat' dir='ltr'><strong>consolantur</strong></span> <span class='ocrx_word' id='word_1_413' title='bbox 377 4352 576 4440; x_wconf 85' lang='lat' dir='ltr'><strong>maximeque</strong></span> <span class='ocrx_word' id='word_1_414' title='bbox 603 4354 791 4421; x_wconf 86' lang='lat' dir='ltr'><strong>conscientia</strong></span> <span class='ocrx_word' id='word_1_415' title='bbox 817 4355 1021 4422; x_wconf 79' lang='lat' dir='ltr'><strong>consiliorum</strong></span> <span class='ocrx_word' id='word_1_416' title='bbox 1053 4376 1208 4421; x_wconf 91' lang='lat' dir='ltr'><strong>meorum.</strong></span> <span class='ocrx_word' id='word_1_417' title='bbox 1265 4354 1363 4421; x_wconf 84' lang='lat' dir='ltr'><strong>ilulto</strong></span> <span class='ocrx_word' id='word_1_418' title='bbox 1384 4353 1467 4419; x_wconf 88' lang='lat' dir='ltr'><strong>enirn</strong></span> 
     </span>
     <span class='ocr_line' id='line_1_44' title="bbox 144 4447 1468 4537; baseline 0 -26"><span class='ocrx_word' id='word_1_419' title='bbox 144 4452 216 4512; x_wconf 89' lang='lat' dir='ltr'><strong>ante</strong></span> <span class='ocrx_word' id='word_1_420' title='bbox 236 4454 395 4534; x_wconf 64' lang='lat' dir='ltr'><strong>umquam</strong></span> <span class='ocrx_word' id='word_1_421' title='bbox 417 4468 459 4515; x_wconf 87' lang='lat' dir='ltr'><strong>ex</strong></span> <span class='ocrx_word' id='word_1_422' title='bbox 490 4447 594 4535; x_wconf 89' lang='lat' dir='ltr'><strong>aliqua</strong></span> <span class='ocrx_word' id='word_1_423' title='bbox 623 4449 747 4535; x_wconf 88' lang='lat' dir='ltr'><strong>specula</strong></span> <span class='ocrx_word' id='word_1_424' title='bbox 768 4453 918 4535; x_wconf 92' lang='lat' dir='ltr'><strong>prospexi</strong></span> <span class='ocrx_word' id='word_1_425' title='bbox 941 4458 1155 4537; x_wconf 84' lang='lat' dir='ltr'><strong>tempestatem</strong></span> <span class='ocrx_word' id='word_1_426' title='bbox 1176 4449 1329 4525; x_wconf 87' lang='lat' dir='ltr'><strong>futuram,</strong></span> <span class='ocrx_word' id='word_1_427' title='bbox 1365 4466 1468 4534; x_wconf 89' lang='lat' dir='ltr'><strong>neque</strong></span> 
     </span>
    </p>
   </div>
   <div class='ocr_carea' id='block_1_8' title="bbox 144 4665 1467 4943">
    <p class='ocr_par' dir='ltr' id='par_1_8' title="bbox 144 4665 1467 4943">
     <span class='ocr_line' id='line_1_45' title="bbox 213 4665 1467 4740; baseline -0.002 -23"><span class='ocrx_word' id='word_1_428' title='bbox 213 4666 241 4717; x_wconf 71' lang='lat'><strong>2.</strong></span> <span class='ocrx_word' id='word_1_429' title='bbox 261 4667 372 4718; x_wconf 80' lang='lat' dir='ltr'><strong>Sarottto</strong></span> <span class='ocrx_word' id='word_1_430' title='bbox 389 4670 503 4732; x_wconf 74' lang='lat' dir='ltr'><strong>aeaptcs&#39;o</strong></span> <span class='ocrx_word' id='word_1_431' title='bbox 521 4669 558 4720; x_wconf 94' lang='grc'><strong>11.</strong></span> <span class='ocrx_word' id='word_1_432' title='bbox 587 4693 619 4707; x_wconf 95' lang='grc'>-</span> <span class='ocrx_word' id='word_1_433' title='bbox 653 4669 681 4722; x_wconf 86' lang='grc'><strong>11.</strong></span> <span class='ocrx_word' id='word_1_434' title='bbox 709 4670 782 4720; x_wconf 78' lang='lat' dir='ltr'><strong>Fert.</strong></span> <span class='ocrx_word' id='word_1_435' title='bbox 802 4671 932 4728; x_wconf 74' lang='lat' dir='ltr'><strong>omium,</strong></span> <span class='ocrx_word' id='word_1_436' title='bbox 960 4676 997 4719; x_wconf 83' lang='lat' dir='ltr'><strong>ast</strong></span> <span class='ocrx_word' id='word_1_437' title='bbox 1016 4669 1129 4719; x_wconf 78' lang='lat' dir='ltr'><strong>litterar.</strong></span> <span class='ocrx_word' id='word_1_438' title='bbox 1148 4667 1200 4719; x_wconf 84' lang='lat' dir='ltr'><strong>Oa.</strong></span> <span class='ocrx_word' id='word_1_439' title='bbox 1232 4694 1265 4704; x_wconf 96' lang='lat'><em>-</em></span> <span class='ocrx_word' id='word_1_440' title='bbox 1300 4668 1328 4717; x_wconf 81' lang='lat'><strong>7.</strong></span> <span class='ocrx_word' id='word_1_441' title='bbox 1347 4673 1407 4740; x_wconf 71' lang='lat' dir='ltr'><strong>tuna</strong></span> <span class='ocrx_word' id='word_1_442' title='bbox 1424 4665 1467 4715; x_wconf 83' lang='lat' dir='ltr'><strong>to-</strong></span> 
     </span>
     <span class='ocr_line' id='line_1_46' title="bbox 145 4732 1466 4803; baseline -0.001 -16"><span class='ocrx_word' id='word_1_443' title='bbox 145 4744 217 4787; x_wconf 78' lang='lat' dir='ltr'><strong>tam</strong></span> <span class='ocrx_word' id='word_1_444' title='bbox 234 4738 277 4788; x_wconf 66' lang='lat' dir='ltr'><strong>lle</strong></span> <span class='ocrx_word' id='word_1_445' title='bbox 297 4738 400 4788; x_wconf 80' lang='lat' dir='ltr'><strong>litteras</strong></span> <span class='ocrx_word' id='word_1_446' title='bbox 417 4747 477 4789; x_wconf 78' lang='lat' dir='ltr'><strong>taus</strong></span> <span class='ocrx_word' id='word_1_447' title='bbox 495 4739 525 4789; x_wconf 86' lang='lat' dir='ltr'><strong>a.</strong></span> <span class='ocrx_word' id='word_1_448' title='bbox 544 4763 574 4774; x_wconf 95' lang='lat'>-</span> <span class='ocrx_word' id='word_1_449' title='bbox 594 4739 620 4789; x_wconf 88' lang='lat' dir='ltr'><strong>o.</strong></span> <span class='ocrx_word' id='word_1_450' title='bbox 639 4736 735 4803; x_wconf 80' lang='lat' dir='ltr'><strong>mcum]</strong></span> <span class='ocrx_word' id='word_1_451' title='bbox 752 4753 851 4790; x_wconf 77' lang='lat' dir='ltr'><strong>mearam</strong></span> <span class='ocrx_word' id='word_1_452' title='bbox 868 4740 905 4790; x_wconf 84' lang='grc'><strong>11.</strong></span> <span class='ocrx_word' id='word_1_453' title='bbox 928 4766 955 4776; x_wconf 93' lang='grc'><strong>-</strong></span> <span class='ocrx_word' id='word_1_454' title='bbox 978 4740 1020 4788; x_wconf 81' lang='lat' dir='ltr'><strong>lo.</strong></span> <span class='ocrx_word' id='word_1_455' title='bbox 1042 4752 1144 4801; x_wconf 74' lang='lat' dir='ltr'><strong>separes</strong></span> <span class='ocrx_word' id='word_1_456' title='bbox 1160 4739 1198 4788; x_wconf 83' lang='lat' dir='ltr'><strong>ld.</strong></span> <span class='ocrx_word' id='word_1_457' title='bbox 1215 4760 1245 4773; x_wconf 91' lang='lat'>—</span> <span class='ocrx_word' id='word_1_458' title='bbox 1267 4737 1309 4787; x_wconf 86' lang='grc'><strong>18.</strong></span> <span class='ocrx_word' id='word_1_459' title='bbox 1328 4750 1382 4800; x_wconf 75' lang='lat' dir='ltr'><strong>qun</strong></span> <span class='ocrx_word' id='word_1_460' title='bbox 1398 4732 1466 4799; x_wconf 78' lang='lat' dir='ltr'><strong>casa]</strong></span> 
     </span>
     <span class='ocr_line' id='line_1_47' title="bbox 144 4808 1467 4875; baseline 0 -18"><span class='ocrx_word' id='word_1_461' title='bbox 144 4820 285 4872; x_wconf 71' lang='lat' dir='ltr'><strong>quanqum</strong></span> <span class='ocrx_word' id='word_1_462' title='bbox 303 4822 344 4870; x_wconf 86' lang='lat' dir='ltr'><strong>pr.</strong></span> <span class='ocrx_word' id='word_1_463' title='bbox 364 4808 409 4867; x_wconf 90' lang='grc'><strong>11,</strong></span> <span class='ocrx_word' id='word_1_464' title='bbox 429 4823 482 4872; x_wconf 83' lang='lat' dir='ltr'><strong>qun</strong></span> <span class='ocrx_word' id='word_1_465' title='bbox 498 4823 642 4874; x_wconf 77' lang='lat' dir='ltr'><strong>qcmrorr.</strong></span> <span class='ocrx_word' id='word_1_466' title='bbox 663 4808 700 4860; x_wconf 85' lang='grc'><strong>11.</strong></span> <span class='ocrx_word' id='word_1_467' title='bbox 720 4833 749 4845; x_wconf 95' lang='grc'>-</span> <span class='ocrx_word' id='word_1_468' title='bbox 770 4811 812 4862; x_wconf 75' lang='grc'><strong>11.</strong></span> <span class='ocrx_word' id='word_1_469' title='bbox 831 4810 922 4875; x_wconf 73' lang='lat' dir='ltr'><strong>pratia</strong></span> <span class='ocrx_word' id='word_1_470' title='bbox 940 4809 978 4859; x_wconf 90' lang='grc'><strong>11.</strong></span> <span class='ocrx_word' id='word_1_471' title='bbox 1005 4831 1036 4846; x_wconf 92' lang='grc'>-</span> <span class='ocrx_word' id='word_1_472' title='bbox 1068 4810 1112 4859; x_wconf 76' lang='lat'><strong>22.</strong></span> <span class='ocrx_word' id='word_1_473' title='bbox 1131 4810 1236 4872; x_wconf 71' lang='lat' dir='ltr'><strong>futurus</strong></span> <span class='ocrx_word' id='word_1_474' title='bbox 1252 4809 1276 4858; x_wconf 85' lang='lat' dir='ltr'><strong>at</strong></span> <span class='ocrx_word' id='word_1_475' title='bbox 1294 4814 1319 4857; x_wconf 86' lang='lat' dir='ltr'><strong>ta</strong></span> <span class='ocrx_word' id='word_1_476' title='bbox 1335 4818 1400 4872; x_wconf 72' lang='lat' dir='ltr'><strong>repo</strong></span> <span class='ocrx_word' id='word_1_477' title='bbox 1417 4812 1467 4857; x_wconf 78' lang='lat' dir='ltr'><strong>net</strong></span> 
     </span>
     <span class='ocr_line' id='line_1_48' title="bbox 146 4875 1073 4943; baseline 0.001 -16"><span class='ocrx_word' id='word_1_478' title='bbox 146 4875 182 4927; x_wconf 87' lang='grc'><strong>11.</strong></span> <span class='ocrx_word' id='word_1_479' title='bbox 204 4900 235 4913; x_wconf 95' lang='grc'>-</span> <span class='ocrx_word' id='word_1_480' title='bbox 270 4877 314 4929; x_wconf 77' lang='grc'><strong>11.</strong></span> <span class='ocrx_word' id='word_1_481' title='bbox 335 4892 445 4943; x_wconf 79' lang='lat' dir='ltr'><strong>quoram</strong></span> <span class='ocrx_word' id='word_1_482' title='bbox 464 4880 495 4929; x_wconf 90' lang='lat' dir='ltr'><strong>a.</strong></span> <span class='ocrx_word' id='word_1_483' title='bbox 518 4905 545 4916; x_wconf 97' lang='lat'>-</span> <span class='ocrx_word' id='word_1_484' title='bbox 584 4880 630 4930; x_wconf 74' lang='lat'><strong>2¹1.</strong></span> <span class='ocrx_word' id='word_1_485' title='bbox 649 4888 712 4930; x_wconf 76' lang='lat' dir='ltr'><strong>tune</strong></span> <span class='ocrx_word' id='word_1_486' title='bbox 730 4879 767 4931; x_wconf 90' lang='grc'><strong>11.</strong></span> <span class='ocrx_word' id='word_1_487' title='bbox 791 4904 820 4916; x_wconf 95' lang='grc'><strong>-</strong></span> <span class='ocrx_word' id='word_1_488' title='bbox 856 4881 899 4931; x_wconf 72' lang='grc'><strong>11.</strong></span> <span class='ocrx_word' id='word_1_489' title='bbox 917 4887 1018 4931; x_wconf 74' lang='lat' dir='ltr'><strong>uotum</strong></span> <span class='ocrx_word' id='word_1_490' title='bbox 1035 4878 1073 4931; x_wconf 83' lang='grc'><strong>11.</strong></span> 
     </span>
    </p>
   </div>
   <div class='ocr_carea' id='block_1_9' title="bbox 0 0 1632 5400">
    <p class='ocr_par' dir='ltr' id='par_1_9' title="bbox 0 0 1632 5400">
     <span class='ocr_line' id='line_1_49' title="bbox 0 0 1632 5400; baseline 0 0"><span class='ocrx_word' id='word_1_491' title='bbox 0 0 1632 5400; x_wconf 95' lang='lat' dir='ltr'><strong> </strong></span> 
     </span>
    </p>
   </div>
  </div>
 </body>
</html>
