3256 5400
650 219 725 283 utu.
747 220 829 284 VIII.
871 218 931 282 ΕΡ.
953 219 984 282 8.
1407 221 1467 283 133

142 378 235 450 rina,
257 376 289 441 C.
312 377 456 440 Lucceius
475 377 506 440 C.
529 378 563 440 F.
582 378 658 458 Pup.
682 378 820 449 Hirrus,
843 377 875 439 C.
898 376 1073 438 Scribonius
1097 377 1129 440 C.
1148 377 1183 440 F.
1203 377 1275 457 Pop.
1300 378 1407 448 Curio,
1430 379 1466 441 Ι..

142 468 259 534 Atteius
278 471 314 532 1..
340 472 374 534 F.
394 470 452 534 An.
475 473 603 552 Capito,
640 473 681 539 M
698 472 818 552 Eppius
835 472 877 533 M.
896 470 930 533 F.
958 472 1125 532 Ferentino.
1172 471 1258 547 Quod
1279 472 1320 534 M.
1339 472 1468 534 Marcel-

141 566 190 627 lus
208 565 312 626 consul
338 565 367 626 V.
390 565 425 627 F.
446 564 480 626 de
494 567 664 644 provinciis
686 563 909 633 consularibus,
942 565 980 624 D.
1003 564 1044 625 E.
1068 566 1153 626 111.
1179 565 1230 634 C.,
1252 566 1298 626 uti
1317 565 1352 626 L.
1375 564 1469 627 Paul-

141 658 208 729 lus,
231 658 263 720 C.
282 658 443 721 Marcellus
464 659 588 729 COSS.,
611 678 679 719 cum
701 658 912 737 maqistratum
936 656 1076 727 inissent,
1099 677 1139 717 ea
1161 678 1190 718 a.
1212 658 1241 719 d.
1265 658 1334 720 Kal.
1360 660 1466 729 Mart..

141 770 216 832 quoe
232 751 266 811 in
289 771 344 811 suo
369 753 552 831 maqistratu
572 753 695 831 suturae
716 758 825 820 essesut,
846 748 881 810 de
899 749 1107 810 conmoritur
1127 751 1295 829 provinciis
1320 751 1360 812 ad
1382 767 1489 812 sena-t

141 851 206 904 tum
228 842 390 923 referrent,
412 863 482 906 neve
503 846 575 926 quid
588 847 679 925 prius
703 865 743 906 ea
765 865 795 906 a.
812 844 841 904 d.
863 842 933 905 Kal.
957 844 1050 905 Mart.
1075 845 1115 905 ad
1139 854 1273 904 senatum
1301 846 1467 924 referrent:

141 956 211 998 neve
231 937 303 1017 quid
317 939 499 999 coniunctim
512 939 547 1000 de
568 960 604 1000 ea
624 958 656 1001 re
676 939 838 1020 referretur
856 957 877 997 a
894 936 1079 1005 consulibus,
1101 937 1203 1017 utique
1223 939 1287 999 eius
1310 939 1354 999 rei
1374 957 1467 999 causa

136 1031 278 1112 perdice
301 1032 466 1093 comitiales
492 1041 628 1094 senatum
650 1033 805 1106 baberent,
839 1030 871 1092 S.
900 1030 937 1107 Q.
961 1030 993 1092 C·
1019 1031 1175 1109 facerent:
1209 1039 1255 1100 et,
1286 1051 1354 1092 cum
1370 1032 1405 1092 de
1431 1051 1467 1094 ea

142 1142 176 1185 re
195 1124 235 1186 ad
255 1133 390 1186 senatum
409 1126 573 1207 referretur
593 1147 613 1187 a
638 1127 765 1194 COSS.‚
802 1125 854 1205 qui
875 1143 979 1185 eomsm
1002 1125 1036 1184 in
1065 1124 1143 1186 CCC.
1172 1124 1320 1185 iudicibus
1351 1133 1465 1198 csend,

142 1216 238 1297 †sex
259 1217 406 1279 adducere
435 1219 544 1281 liceret.
588 1221 624 1282 Si
653 1219 834 1301 quiddeea
858 1218 951 1280 read
970 1217 1115 1298 populum
1134 1217 1280 1296 plebemve
1307 1218 1368 1278 lato
1393 1235 1504 1298 opusso

142 1319 228 1382 esset,
263 1313 310 1373 uti
333 1312 398 1373 Ser.
420 1312 590 1393 Sulpicius,
627 1314 669 1377 M
701 1313 862 1377 Marcellus
885 1311 1013 1381 COSS.,
1042 1318 1199 1390 praetores
1219 1310 1387 1390 tribunique
1404 1312 1465 1392 pl.,

141 1405 246 1486 quibus
267 1424 371 1467 eorum
389 1406 563 1478 videretm,
600 1409 640 1469 ad
656 1408 802 1488 populum
818 1406 965 1486 plebemve
986 1404 1121 1485 ferrent:
1151 1404 1229 1484 quod
1250 1404 1275 1464 ii
1302 1423 1362 1466 nou
1381 1406 1468 1466 tulis-

141 1508 223 1569 sent,
244 1499 304 1568 uti,
327 1500 492 1580 quicunque
513 1501 647 1582 deinceps
668 1510 774 1569 essent,
796 1501 836 1561 ad
849 1499 995 1578 populum
1007 1499 1154 1577 plebemve
1172 1498 1296 1576 serrensi.
1337 1501 1363 1560 t.
1385 1499 1423 1561 N.

224 1593 254 1654 6.
276 1591 362 1654 Prid.
392 1593 462 1654 Kal.
493 1594 593 1657 Octob.
621 1596 655 1655 in
687 1595 756 1656 aede
780 1592 930 1673 Apollinis
954 1592 1043 1654 scrib.
1066 1591 1215 1671 affuerunt
1243 1592 1279 1653 1..
1314 1592 1468 1653 Domitius

142 1685 195 1748 Cn.
214 1686 249 1746 F.
271 1685 342 1746 Fob.
365 1684 591 1757 Abessobarbus,
631 1687 667 1764 Q.
689 1687 823 1750 Metellus
845 1686 882 1763 Q.
904 1685 938 1747 F.
964 1686 1034 1747 Fab.
1058 1686 1133 1746 Pius
1152 1685 1274 1764 Scipio,
1296 1686 1332 1747 1..
1362 1685 1467 1746 Villius
1477 1699 1504 1743 se

141 1780 177 1841 1..
199 1780 235 1840 F.
256 1779 341 1841 Pom
372 1777 518 1851 Annalis,
552 1781 584 1843 C.
607 1780 769 1861 Septimius
803 1781 836 1842 Τ.
867 1782 902 1842 F.
936 1779 1085 1856 Quirina,
1119 1778 1151 1841 C.
1174 1778 1350 1839 Scribonius
1376 1779 1408 1841 C.
1430 1778 1465 1840 F.

140 1873 214 1952 Pop.
240 1872 349 1943 Curio,
380 1873 415 1934 L.
438 1874 554 1935 Atteius
581 1875 617 1936 1..
650 1875 684 1936 F.
716 1871 775 1936 An.
802 1874 927 1953 Capito,
965 1875 1007 1936 M.
1029 1872 1148 1952 Eppius
1172 1873 1214 1934 M.
1237 1872 1271 1934 F.
1298 1871 1465 1933 Terentina.

144 1964 231 2041 Quod
253 1965 295 2028 M.
319 1965 481 2028 Marcellus
502 1968 587 2030 COS.
623 1967 653 2028 V.
684 1967 718 2028 F.
751 1968 786 2028 de
807 1967 996 2046 provinciis,
1028 1967 1067 2026 D.
1090 1966 1131 2026 Ε.
1161 1968 1198 2027 11.
1220 1967 1247 2027 1.
1272 1966 1304 2028 C.
1331 1972 1467 2026 senatum

140 2059 317 2120 existimare
337 2060 483 2121 neminem
501 2079 621 2131 eorum,
643 2060 696 2140 qui
712 2068 886 2140 potestatem
908 2059 1014 2120 babent
1033 2058 1247 2129 intercedendi,
1270 2057 1465 2139 impediendi,

140 2169 259 2212 moram
277 2151 387 2231 afferre
408 2162 562 2232 oportere,
594 2173 652 2234 quo
675 2155 776 2214 minus
798 2153 834 2214 de
853 2155 891 2214 tt.
914 2153 949 2215 P.
971 2151 1006 2214 P.
1025 2154 1063 2213 tt.
1089 2152 1125 2229 Q.
1144 2151 1183 2212 ad
1200 2160 1335 2212 senatum
1356 2150 1503 2230 reserrieo

141 2246 292 2325 sasatique
311 2246 477 2307 consultum
492 2247 561 2326 fieri
575 2247 690 2326 possit:
721 2247 774 2327 qui
790 2245 974 2325 impedierit,
1005 2244 1209 2324 prohibuerit,
1241 2264 1308 2306 eum
1331 2253 1467 2306 senatum

141 2338 316 2399 existinsare
334 2349 440 2402 cosdra
468 2359 532 2401 rem
550 2341 703 2420 publicam
730 2341 844 2419 [eciem.
888 2340 924 2401 Si
947 2340 1016 2420 quis
1036 2339 1106 2400 buic
1127 2338 1160 2399 S.
1183 2337 1215 2399 C.
1234 2338 1466 2410 intercessisset,

141 2433 258 2493 senatui
270 2434 390 2512 placere
414 2435 623 2495 auctoritatem
644 2432 795 2514 perscribi
828 2441 855 2495 et
878 2432 913 2494 de
944 2453 980 2494 ea
1001 2451 1033 2493 re
1057 2430 1097 2492 ad
1120 2438 1256 2491 rosatum
1268 2431 1467 2511 populumque

142 2527 260 2606 referri.
303 2527 385 2587 Huic
409 2528 441 2588 S.
469 2528 501 2590 C.
523 2529 689 2590 intercessit
708 2528 740 2590 C.
772 2527 905 2597 Caelius,
938 2526 974 2588 L.
1000 2524 1151 2597 Vinicius,
1173 2525 1208 2586 P.
1227 2524 1401 2595 Conselius,
1433 2523 1465 2586 C.

146 2618 245 2679 Vibius
265 2620 383 2690 Pansa,
408 2616 534 2701 [tribuni
550 2617 617 2703 pl.].
1475 2631 1504 2676 so

225 2700 255 2774 7‘.
277 2715 352 2775 Item
372 2715 489 2775 senatui
509 2713 684 2793 placerede
703 2714 866 2785 militibus,
888 2714 941 2794 qui
963 2713 996 2773 in
1014 2711 1151 2773 evercitu
1166 2710 1198 2773 C.
1219 2709 1358 2772 Caesaris
1378 2716 1466 2770 sunt:

141 2805 194 2886 qui
223 2824 326 2867 eorum
354 2807 501 2886 stipendia
530 2809 655 2868 emerita
679 2816 732 2868 aut
753 2826 875 2877 causas,
897 2808 1004 2888 quibus
1020 2805 1174 2865 decausis
1192 2805 1279 2865 missi
1297 2803 1366 2882 fieri
1385 2801 1468 2863 debe·

141 2907 212 2969 ant,
234 2899 379 2970 babeam,
402 2900 442 2961 ad
463 2900 542 2960 bunc
563 2900 698 2961 ordinem
716 2902 842 2980 referri,
864 2909 898 2962 ut
921 2919 1024 2963 eorum
1042 2899 1122 2960 ratio
1138 2899 1282 2960 habeatur
1304 2914 1467 2975 causaeque

142 3002 369 3071 coqnoscantur.
421 2994 457 3056 Si
477 2995 546 3075 quis
565 2995 636 3056 buic
660 2994 692 3056 S.
716 2996 747 3058 C.
765 2995 992 3064 intercessisset,
1029 2992 1145 3053 senatui
1162 2993 1282 3071 placere
1302 2989 1468 3050 auctorita·

142 3092 200 3146 tem
218 3087 368 3164 perscribi
387 3096 414 3149 et
436 3087 471 3149 de
496 3108 531 3149 ea
549 3107 581 3149 re
605 3088 742 3150 adhunc
768 3088 903 3150 ordinem
924 3087 1042 3169 referri.
1086 3086 1168 3146 Huic
1191 3086 1224 3148 S.
1249 3085 1281 3147 C.
1303 3081 1506 3144 intercessitso

143 3177 175 3240 C.
199 3179 338 3250 Caelius,
361 3181 393 3243 C.
412 3182 530 3252 Pansa,
553 3181 667 3243 tribuni
682 3182 726 3262 pl.

210 3330 238 3379 2.
266 3332 366 3394 Eppius
391 3332 418 3382 M
444 3330 488 3394 (5.
508 3330 559 3394 b):
586 3333 684 3395 Oppius
709 3333 737 3383 M
757 3330 796 3394 (b.
815 3331 847 3394 1.)
877 3332 908 3382 Ε.
938 3355 970 3365 -
1020 3324 1169 3390 Terentina]
1204 3327 1262 3376 Ter.
1287 3326 1344 3376 Sol.
1375 3325 1413 3375 tt.
1432 3349 1467 3359 -

141 3397 266 3449 essa
286 3401 313 3450 d.
333 3402 395 3451 Kal.
415 3403 570 3452 Manutius:
602 3417 629 3452 o.
649 3404 676 3451 d.
696 3416 773 3452 sax.
792 3402 855 3453 Kal·
874 3402 917 3461 M,
949 3415 976 3450 a.
995 3400 1022 3448 d.
1043 3413 1069 3448 st.
1089 3398 1151 3447 Kal.
1171 3397 1202 3446 Ε.
1225 3422 1260 3431 -
1295 3396 1323 3445 6.
1342 3409 1420 3446 eoa.
1439 3396 1467 3445 d.

142 3469 204 3518 1161.
226 3469 390 3520 Lambinus:
423 3473 535 3522 sallat.
555 3473 600 3526 M.
630 3473 803 3521 eallalendis
821 3472 852 3520 Ε.
884 3497 913 3508 -
951 3471 988 3520 66
1011 3476 1130 3518 senatum
1152 3468 1278 3532 referrent
1298 3479 1353 3517 om.
1384 3466 1415 3515 Ε.
1434 3489 1468 3499 -

141 3538 169 3587 ’1.
188 3536 261 3601 quid]
279 3542 336 3604 quis
356 3542 392 3591 M.
423 3567 458 3576 -
494 3544 653 3606 referrentur
670 3556 687 3590 o
706 3542 819 3590 cmtsiliis
838 3541 874 3591 M.
902 3565 932 3576 -
970 3540 996 3589 8.
1016 3540 1120 3588 baberet
1138 3551 1200 3587 sane
1219 3544 1323 3600 titoque
1340 3548 1410 3585 cons.
1429 3535 1470 3598 {a-

141 3615 208 3657 eeret
227 3609 264 3658 M.
287 3633 316 3644 -
353 3612 380 3661 ii.
400 3615 559 3677 reserrentur
577 3627 595 3662 a
613 3612 727 3661 consitiis
745 3611 781 3660 M.
802 3635 833 3646 -
864 3613 909 3673 qui
926 3624 1016 3660 eorum
1041 3609 1090 3659 M:
1122 3621 1210 3656 eorum
1227 3607 1320 3671 quill.
1343 3629 1372 3640 -
1399 3599 1468 3666 ccc.]

142 3679 215 3727 Fort.
247 3692 337 3729 ccccx.
366 3683 417 3731 On.
438 3706 469 3718 -
507 3683 578 3731 Fort.
598 3688 697 3738 essent,
718 3693 760 3729 sos
778 3695 810 3729 ec
827 3681 925 3729 iudicio
943 3680 1077 3729 abducere.
1098 3677 1151 3727 On.
1176 3702 1210 3711 —-
1248 3677 1291 3725 10.
1310 3675 1421 3739 quidde
1439 3688 1471 3724 eo

141 3747 183 3797 N:
204 3750 315 3813 quiden
334 3750 393 3803 ΜΕ.
415 3775 446 3786 -
481 3752 611 3814 plebemve
629 3751 674 3800 M:
693 3752 728 3799 ad
744 3750 871 3812 plebemve
889 3750 920 3798 Ε.
942 3775 971 3786 -
1010 3750 1053 3798 11.
1072 3753 1101 3796 ut
1120 3747 1157 3797 M.
1179 3772 1207 3782 -
1235 3747 1278 3795 12.
1298 3747 1395 3809 [ment
1413 3744 1469 3795 Vb:

142 3819 268 3883 referrent
286 3819 345 3869 ΜΕ.
379 3844 409 3856 -
447 3822 520 3871 Fost.
540 3823 633 3885 quodsi
650 3823 680 3870 ii.
700 3820 751 3871 01.
780 3844 810 3855 -
847 3819 891 3869 13.
918 3813 1469 3872 1161661161.166661.6.11,1.1’.

143 3887 171 3936 Ε.
196 3911 222 3920 -
262 3889 304 3939 tt.
331 3893 432 3952 scripta
462 3893 603 3954 adsuerunt
630 3891 668 3940 M.
698 3914 728 3925 -
766 3889 810 3938 15.
839 3889 885 3938 Cn.
913 3889 944 3938 F.
970 3888 1035 3938 Fob.
1055 3885 1238 3937 Ahenobarbus
1255 3882 1396 3934 osetttvs:
1427 3897 1469 3932 cn.

142 3957 196 4021 [ab.
217 3960 407 4009 atbenoborbus
428 3960 469 4019 M,
490 3963 536 4010 Cn.
559 3962 588 4010 F.
608 3959 790 4009 Abenoborbus
808 3959 840 4007 Ε.
860 3984 892 3995 -
929 3958 960 4020 Q.
979 3957 1097 4009 Meteilus
1116 3957 1147 4017 Q.
1166 3955 1198 4004 F.
1217 3955 1283 4004 Fob.
1304 3955 1366 4002 Pius
1384 3953 1471 4015 Scipio

142 4027 188 4076 M:
221 4029 253 4090 Q.
274 4029 398 4079 Caecilius
419 4031 450 4091 Q.
469 4031 500 4080 F.
521 4030 638 4080 Metellus
658 4031 718 4079 Pius
736 4030 823 4090 Scipio
850 4028 880 4077 Ε.
917 4028 1011 4079 Mslim
1032 4028 1063 4090 Q.
1084 4024 1209 4077 Caecilius
1228 4025 1260 4086 Q.
1279 4024 1312 4074 F.
1332 4023 1398 4072 Fob.
1418 4023 1471 4074 Ms-

143 4097 218 4146 tellus
236 4098 298 4147 Pius
315 4099 413 4162 Scipio.
434 4099 469 4149 61.
488 4097 517 4161 6.
539 4100 565 4150 5.
586 4100 666 4150 Bois.
688 4124 718 4135 -
760 4093 859 4160 Villius]
879 4098 958 4146 iulius
976 4099 1014 4148 M.
1045 4120 1073 4131 -
1112 4095 1156 4145 16.
1179 4092 1258 4158 Pop]
1278 4095 1353 4143 Pom.
1373 4093 1412 4143 tt.
1440 4117 1467 4128 -

143 4166 187 4216 11.
205 4167 297 4216 atilius
314 4169 352 4219 tt.
381 4192 414 4204 -
450 4171 550 4232 Fpps'us
568 4171 613 4220 M:
641 4170 739 4231 Oppius
759 4170 790 4220 Ε.
817 4193 849 4202 -
888 4168 931 4217 18.
954 4167 984 4216 V.
1003 4164 1047 4229 F.]
1066 4173 1096 4216 ut
1114 4164 1152 4215 M.
1181 4188 1212 4200 -
1249 4165 1292 4215 19.
1312 4163 1407 4212 babent
1425 4161 1470 4211 M:

143 4237 255 4286 babeant
282 4237 312 4287 Ε.
341 4262 371 4274 -
408 4240 452 4289 20.
484 4241 515 4288 ds
540 4241 571 4289 li.
591 4241 621 4289 P.
642 4240 673 4288 P.
694 4241 724 4287 11.
745 4239 776 4301 Q.
796 4239 833 4287 ad
859 4237 977 4287 Orbilius
1006 4235 1081 4302 (coll.
1107 4235 1228 4284 Vsssvnc
1247 4235 1277 4284 1..
1298 4233 1328 4282 I..
1349 4233 1375 4290 6,
1396 4233 1423 4283 s.
1443 4245 1470 4294 p.

142 4306 205 4356 263.
226 4305 359 4369 Susum:
381 4310 412 4358 de
430 4311 519 4371 repub,
541 4310 572 4372 Q,
592 4311 623 4359 Ρ.
643 4309 740 4369 6611,
760 4310 790 4358 66
808 4308 897 4370 repub.
917 4309 953 4357 ad
972 4307 1002 4356 Ε.
1027 4331 1054 4342 -
1092 4305 1136 4353 21.
1155 4318 1228 4367 posse
1247 4305 1286 4355 Μ.
1322 4304 1395 4354 Fort.
1412 4314 1472 4364 pos·

142 4382 190 4425 set.
211 4377 260 4426 On·
290 4399 322 4410 -
358 4375 424 4441 suen]
453 4387 508 4428 tum
527 4380 565 4429 M.
600 4405 628 4415 -
666 4380 711 4428 22.
731 4379 877 4429 ecutimori
907 4378 945 4428 M.
973 4403 1004 4413 -
1041 4377 1222 4425 intercessisset
1247 4374 1342 4423 lisssd.
1363 4374 1389 4422 1.
1409 4384 1472 4420 cum

144 4445 339 4508 Torgsviensi:
371 4450 543 4498 intercesserit
563 4446 647 4510 (M)E.
679 4470 711 4484 -
748 4448 791 4498 21.
811 4447 964 4511 reterreM.
984 4471 1017 4485 -
1054 4446 1081 4495 C.
1103 4451 1165 4493 :nte
1185 4443 1287 4492 Caelius
1305 4457 1361 4492 om.
1380 4440 1419 4491 M.
1439 4464 1470 4475 -

143 4517 253 4565 vtetntus
273 4518 309 4568 Μ.
340 4543 370 4554 -
408 4519 451 4568 25.
477 4519 576 4568 tribuni
591 4518 630 4580 pl.
658 4519 721 4568 edd.
750 4519 879 4568 Orbilius.
916 4513 1053 4579 (Ceterum
1073 4516 1140 4565 baec
1153 4514 1221 4562 Huic
1239 4512 1266 4562 S.
1289 4513 1318 4562 C.
1339 4540 1348 4550 -
1367 4536 1378 4546 ·
1396 4536 1407 4546 ·
1425 4511 1472 4559 tri·

144 4585 205 4635 buni
222 4586 278 4649 pl..
299 4589 362 4638 item
382 4604 407 4639 v.
428 4589 471 4638 30.
491 4595 563 4651 etp.
585 4588 644 4648 136,
666 4590 721 4648 12..
743 4602 773 4638 ex
793 4589 867 4638 Actis
885 4594 995 4636 scottus
1014 4587 1095 4648 petits
1117 4588 1196 4642 sunt,
1226 4588 1254 4632 ut
1280 4595 1360 4644 supra
1381 4595 1406 4631 v.
1427 4579 1471 4629 13.

144 4657 289 4706 intercessit
307 4672 399 4718 nemo,
429 4661 587 4721 neutiquam
606 4659 697 4708 uaetto
718 4659 878 4717 tribuendo,
899 4659 971 4719 quod
991 4656 1054 4706 16611
1072 4655 1103 4704 Ε.
1124 4652 1188 4713 On.)
1214 4679 1243 4688 -
1281 4652 1327 4701 26.
1346 4656 1406 4699 sunt
1425 4649 1471 4699 M:

144 4727 246 4776 sintii.
267 4752 297 4762 -
334 4729 378 4777 28.
398 4730 494 4792 reterre
513 4730 549 4779 M.
567 4755 602 4763 -
638 4730 681 4779 211.
701 4730 881 4778 intercessisset
899 4728 945 4778 M:
965 4726 1137 4775 intercesserit
1155 4723 1185 4772 Ε.
1209 4746 1236 4756 -
1275 4722 1321 4773 30.
1339 4718 1379 4782 re]
1397 4733 1473 4781 repu-

144 4795 213 4846 blica
230 4796 267 4847 Μ.
299 4823 333 4832 -
368 4800 403 4848 66
421 4801 488 4848 bunc
507 4800 624 4848 ordinem
642 4799 697 4850 zet.
716 4799 750 4847 Α.
769 4798 837 4847 Min.
856 4796 914 4847 Vb:
934 4797 1019 4846 adbuc
1037 4795 1154 4845 ordinem
1170 4792 1217 4853 M,
1236 4792 1273 4841 od
1290 4797 1409 4842 senatum
1424 4801 1472 4852 po·

141 4866 283 4931 putumque
301 4868 332 4919 Ε.
352 4892 384 4905 -
421 4869 466 4920 31.
486 4866 515 4919 C.
535 4875 598 4920 oute
616 4868 719 4921 casdim
735 4881 791 4918 om.
810 4866 848 4918 tt.
869 4888 901 4902 -
938 4866 1058 4918 tribunus
1073 4864 1113 4928 pi.
1131 4862 1168 4915 M.
