3256 5400
160 220 223 287 188
543 211 544 214 ¹
589 220 862 288 aelsrotaauu
882 224 934 286 ab
955 224 1046 287 ΕΔΜ.

157 384 220 447 Nec
240 399 317 445 vero
338 378 441 444 minus
460 377 596 465 Lepidus
618 379 696 444 ursit
716 400 766 444 me
788 390 820 444 et
840 379 905 445 suis
927 390 959 444 et
979 377 1104 444 Antonii
1118 377 1244 452 litteris,
1267 387 1302 443 ut
1315 378 1473 464 legionem

157 472 345 540 tricesimam
375 471 531 538 mitterem
558 470 629 536 sibi.
692 477 721 537 5.
752 477 861 559 Itaque
887 493 980 558 quem
1010 473 1184 537 exercitum
1204 493 1307 558 neque
1337 474 1473 540 vendere

156 567 228 633 ullis
248 564 394 652 praemiis
415 564 502 631 volui
522 586 581 630 nec
601 586 712 631 eorum
734 565 945 651 periculorum
960 576 1066 638 metu,
1088 586 1183 651 quae,
1206 565 1378 632 victoribus
1399 567 1470 642 illis,

157 658 438 746 portendebantur,
461 657 657 731 deminuere,
687 657 807 723 debetis
828 659 1007 723 existimare
1028 668 1183 724 retentum
1204 670 1236 724 et
1256 671 1473 726 conservatum

133 754 205 819 arei
226 752 369 840 publicae
391 772 476 826 esse,
499 763 591 838 atque
613 753 655 817 ita
677 752 820 827 credere,
839 753 1047 838 quodcunque
1069 752 1294 838 imperassetis,
1317 753 1472 819 iacturum

155 847 263 922 luisse,
285 846 329 921 si,
352 844 438 931 quod
458 845 605 921 iussistis,
628 845 699 912 leci.
742 851 817 910 Nam
839 857 871 911 et
891 846 1083 930 provinciam
1104 846 1136 909 in
1158 846 1224 911 otio
1246 854 1278 910 et
1298 851 1471 911 exereitum

155 941 189 1007 iu
209 961 280 1005 mea
299 948 452 1025 potestate
474 939 573 1015 tenui;
608 939 720 1004 linibus
742 960 829 1004 meae
851 939 1031 1025 provinciae
1053 960 1205 1024 nusquam
1227 938 1362 1017 excessi3
1390 939 1473 1004 mili-

156 1045 219 1101 tem
239 1053 303 1097 nou
324 1031 419 1097 modo
440 1032 663 1117 legionarium,
685 1034 739 1098 sed
762 1055 801 1097 ne
822 1033 1021 1098 auxiliarium
1043 1032 1170 1119 quidem
1191 1032 1289 1097 ullum
1311 1054 1471 1118 quoquam

155 1125 249 1199 misi,
272 1138 318 1200 et,
340 1126 467 1213 siquos
489 1126 607 1212 equites
628 1126 812 1191 decedentes
826 1136 932 1190 nactus
953 1148 1042 1199 sum,
1065 1125 1216 1212 supplicio
1238 1126 1337 1192 affeci.
1389 1131 1475 1205 Qua-

120 1241 147 1282 ro
156 1242 228 1286 rum
253 1241 361 1284 rerum
390 1219 526 1285 fructum
555 1220 628 1284 satis
660 1240 804 1304 magnum
834 1241 869 1284 re
890 1218 1014 1305 publica
1036 1220 1121 1284 salva
1142 1219 1249 1284 tulisse
1272 1242 1322 1287 me
1344 1221 1472 1308 putabo.

156 1314 219 1380 Sed
239 1336 292 1379 res
313 1313 436 1399 publica
463 1313 562 1378 sime
583 1318 656 1378 satis
679 1318 816 1379 novisset
837 1324 868 1378 et
889 1313 991 1378 maior
1013 1335 1084 1398 pars
1107 1324 1245 1388 senatus,
1274 1315 1409 1380 maiores
1431 1337 1472 1378 ex

155 1428 206 1472 me
226 1406 346 1472 fructus
368 1407 497 1472 tulisset.
539 1406 725 1492 Epistolam‚
748 1428 841 1492 quam
863 1405 976 1480 Balbo,
999 1428 1070 1471 curn
1093 1407 1270 1472 etiamnunc
1291 1407 1323 1471 in
1346 1408 1473 1492 provin·

155 1500 204 1565 cia
238 1509 342 1574 esset,
373 1500 500 1586 scripsi,
534 1499 696 1584 legendam
727 1497 782 1563 tibi
818 1500 912 1577 misi;
949 1501 1040 1563 etiarn
1073 1510 1292 1584 praetextaru,
1326 1501 1353 1566 si
1385 1501 1473 1566 voles

155 1594 276 1678 legere,
300 1593 421 1658 Gallum
442 1593 638 1667 Cornelium,
660 1591 844 1658 familiarem
865 1614 987 1666 meum,
1009 1593 1139 1679 poscito.
1184 1613 1231 1659 vr.
1253 1593 1326 1659 ldus
1351 1594 1471 1669 lunias,

122 1685 310 1755 ¹⁸Corduba.

586 1810 729 1872 sarua
773 1807 822 1890 (A.
847 1811 879 1873 u.
902 1811 934 1872 e.
957 1807 1043 1890 ru.)

565 1930 711 1994 POLLIO
745 1931 928 1994 CICERONI
960 1932 991 1993 S.
1020 1933 1052 1992 P.

240 2044 268 2105 1.
312 2043 343 2104 S.
365 2045 401 2105 V.
423 2045 458 2104 B.
479 2043 515 2105 E.
536 2043 572 2104 E.
595 2043 633 2117 Q.
657 2046 693 2106 V.
737 2042 809 2116 Quo
842 2040 960 2104 tardius
989 2041 1105 2106 certior
1139 2039 1247 2105 fierem
1279 2039 1319 2106 de
1340 2041 1472 2126 proeliis

155 2132 239 2219 apud
259 2137 408 2198 Mutinam
429 2132 534 2205 lactis,
567 2132 702 2218 Lepidus
724 2132 843 2206 effecit,
879 2138 933 2219 qui
955 2155 1042 2198 meos
1069 2133 1248 2199 tabellarios
1269 2155 1383 2200 novem
1406 2134 1472 2200 dies

118 2226 296 2303 soretiuuit;
319 2225 441 2291 tametsi
463 2235 576 2290 tantam
598 2226 802 2291 calamitatem
824 2226 1033 2312 reipublicae
1055 2248 1148 2314 quam
1164 2226 1339 2292 tardissime
1361 2226 1472 2292 audire

154 2318 324 2404 optandum
346 2329 406 2394 est,
439 2319 494 2385 sed
515 2319 592 2394 illis,
627 2319 681 2405 qui
701 2319 851 2405 prodesse
873 2320 950 2385 nihil
971 2330 1102 2405 possunt
1123 2341 1224 2406 neque
1246 2319 1375 2386 mederi.
1418 2328 1473 2388 At-

154 2433 214 2499 que
236 2413 353 2478 utinam
376 2412 487 2478 eodem
508 2424 632 2478 senatus
654 2413 811 2486 consulto,
835 2435 898 2499 quo
920 2413 1066 2478 Plancum
1089 2424 1120 2478 et
1141 2413 1292 2499 Lepidum
1307 2414 1339 2479 in
1353 2416 1472 2482 Italiam

154 2505 340 2579 arcessistis,
375 2528 424 2571 me
455 2528 581 2594 quoque
607 2506 774 2571 iussissetis
797 2507 920 2571 veniret
955 2507 1097 2593 prolecto
1130 2528 1193 2572 nou
1221 2509 1390 2594 accepisset
1419 2531 1471 2576 res

153 2596 278 2686 publica
301 2599 360 2662 boc
381 2599 504 2665 vulnus.
562 2603 634 2677 Quo
655 2600 681 2664 si
703 2605 756 2686 qui
778 2600 932 2665 laetantur
953 2601 986 2665 in
1007 2601 1198 2687 praesentia,
1232 2605 1304 2686 quia
1325 2602 1472 2669 videntur

116 2702 185 2758 sset
206 2690 301 2756 duces
324 2703 355 2756 et
376 2692 515 2757 veterani
537 2693 677 2759 Caesaris
699 2693 834 2778 partium
856 2693 1013 2770 interisse,
1036 2704 1139 2759 tamen
1161 2693 1328 2780 postmodo
1342 2716 1471 2761 necesse

154 2793 201 2851 est
222 2784 358 2858 doleant,
392 2806 462 2850 cum
484 2790 655 2851 vastitatem
677 2786 782 2851 ltaliae
803 2787 1009 2872 respexerint.
1052 2792 1127 2851 Nam
1149 2796 1181 2852 et
1201 2784 1301 2851 robur
1323 2798 1354 2852 et
1375 2787 1472 2853 subo-

152 2878 199 2944 les
219 2878 351 2969 militum
373 2878 504 2955 interiit,
527 2878 554 2942 si
575 2878 712 2964 quidem,
736 2901 815 2965 quae
837 2880 1032 2951 nuntiantur,
1055 2880 1116 2944 ulla
1138 2891 1283 2965 exparte
1298 2901 1372 2946 vera
1389 2889 1470 2947 sunt.

152 2975 184 3038 2.
205 2976 310 3056 Neque
333 2992 392 3056 ego
414 2992 477 3037 non
498 2970 657 3046 videbam,
687 2983 804 3059 quanto
826 2973 896 3039 usui
917 2973 965 3038 rei
987 2973 1127 3059 publicae
1149 2994 1249 3038 essem
1271 2973 1412 3051 futurus,
1444 2973 1471 3040 si

152 3064 192 3130 ad
223 3065 375 3150 Lepidum
403 3065 573 3141 venissem3
605 3086 730 3138 omnem
757 3067 839 3130 enim
873 3065 1098 3131 cunctationem
1134 3067 1201 3131 eius
1237 3066 1469 3144 discussissem,

116 3157 336 3245 sopraesertim
371 3157 514 3224 adiutore
546 3158 669 3224 Planco.
728 3159 790 3225 Sed
821 3158 968 3226 scribenti
1007 3159 1046 3224 ad
1072 3180 1122 3223 me
1156 3158 1309 3225 eiusmodi
1337 3160 1469 3236 litteras,

152 3272 229 3339 quas
249 3251 350 3336 leges,
373 3261 404 3318 et
424 3250 621 3317 contionibus
643 3252 800 3328 videlicet,
830 3274 906 3339 quas
928 3252 1072 3318 Narbone
1098 3249 1245 3317 habuisse
1269 3253 1399 3330 dicitur,
1430 3254 1471 3320 si-

151 3344 257 3417 miles,
279 3345 424 3431 palparer
445 3366 572 3411 neeesse
594 3355 675 3421 erat,
711 3351 738 3411 si
761 3346 874 3411 vellem
895 3359 1086 3413 commeatus
1107 3367 1166 3432 per
1185 3346 1379 3432 provinciam
1401 3347 1470 3413 eius

151 3437 349 3504 iterfaciens
369 3437 496 3504 habere.
545 3444 710 3504 Praeterea
731 3439 881 3516 verebar,
904 3462 960 3514 ne,
994 3441 1020 3506 si
1042 3449 1128 3513 ante,
1151 3460 1245 3526 quarn
1267 3461 1327 3525 ego
1348 3440 1470 3525 incepta

152 3529 351 3616 perficerem,
388 3532 543 3617 proelium
573 3531 749 3598 conlectum
777 3543 871 3609 esset,
901 3534 987 3619 pium
1009 3533 1174 3599 consilium
1196 3554 1302 3598 meum
1322 3542 1471 3617 raperent

116 3624 186 3699 „in
206 3625 394 3690 contrariam
414 3636 534 3712 partem
557 3625 781 3692 obtrectatores
802 3627 882 3718 mei,
916 3636 1047 3713 propter
1067 3626 1255 3700 amicitiam,
1291 3631 1370 3711 quae
1393 3626 1470 3691 mibi

153 3738 225 3784 cum
252 3718 402 3792 Antonio,
435 3741 498 3784 uon
520 3725 621 3785 maior
642 3729 759 3794 tamen,
793 3742 886 3807 quam
907 3721 1020 3786 Planco
1042 3719 1111 3785 luit.
1154 3725 1184 3785 3.
1206 3725 1315 3807 ltaque
1337 3740 1355 3783 a
1378 3718 1471 3784 Gadi·

152 3809 212 3877 bm
241 3832 347 3876 mense
374 3812 474 3898 Aprili
502 3812 584 3878 binis
614 3812 784 3878 tabellariis
811 3813 845 3877 in
873 3813 950 3878 duas
976 3835 1071 3879 naves
1093 3813 1266 3899 impositis,
1302 3821 1334 3877 et
1361 3811 1416 3877 tibi
1439 3821 1471 3877 et

152 3903 332 3970 consulibus
355 3914 386 3968 et
401 3906 569 3971 Octaviano
587 3906 713 3992 scripsi,
736 3915 770 3972 ut
790 3928 841 3972 me
857 3906 1001 3971 laceretis
1016 3906 1198 3982 certiorem,
1222 3925 1358 3992 quonam
1372 3904 1469 3970 modo

152 4000 322 4087 plurimum
343 4019 468 4084 possem
489 3998 639 4084 prodesse
660 3999 708 4064 rei
734 3997 886 4085 publicae.
944 4000 1022 4073 Sed,
1056 4010 1092 4065 ut
1112 4000 1264 4064 rationem
1285 3999 1376 4073 ineo,
1403 4019 1469 4084 quo

115 4092 205 4164 odie
225 4092 381 4178 proelium
408 4097 506 4157 Pansa
534 4093 704 4167 commisit,
740 4092 851 4160 eodem
874 4114 892 4159 a
916 4093 1052 4160 Gadibus
1080 4113 1175 4159 naves
1196 4092 1354 4178 proiectae
1376 4099 1468 4168 sunt3

152 4186 237 4253 uulla
258 4185 339 4251 euim
361 4193 433 4270 post
452 4185 585 4250 hiemem
606 4186 666 4252 fuit
678 4195 748 4256 aute
766 4208 835 4251 eam
856 4187 939 4252 diem
954 4187 1120 4273 navigatio.
1163 4190 1202 4251 Et
1215 4186 1358 4251 hercules
1376 4185 1469 4268 longe

151 4289 292 4346 remotus
314 4277 352 4342 ab
374 4278 460 4343 omni
480 4279 658 4365 suspicione
679 4279 778 4344 futuri
799 4281 898 4346 civilis
920 4281 1090 4356 tumultus,
1111 4280 1235 4368 penitus
1256 4279 1290 4343 in
1310 4277 1469 4342 Lusitania

220 4432 248 4482 4.
267 4433 411 4482 deripuere
433 4432 477 4483 bl:
507 4433 649 4482 diminuare
674 4433 704 4482 Ε.
736 4457 765 4472 -
801 4436 959 4484 acutumore
985 4435 1022 4484 Μ.
1056 4458 1086 4470 -
1122 4434 1149 4484 5.
1175 4434 1247 4483 Fort.
1271 4434 1403 4497 fortunam
1429 4443 1470 4479 me

151 4502 239 4567 littera
259 4500 309 4553 Ou⁴
331 4526 362 4537 -
398 4502 425 4552 6.
444 4504 526 4562 sicut,
545 4504 614 4565 quod
630 4518 684 4551 nors
701 4505 824 4559 taceatis,
844 4505 892 4568 [oct
912 4506 932 4553 1.
953 4505 983 4554 P.
1003 4504 1164 4553 Gronovius.
1183 4528 1216 4538 -
1252 4503 1280 4554 P.
1299 4503 1372 4551 Port.
1390 4501 1469 4550 ditm-

152 4572 249 4623 demea
270 4571 311 4622 Cl.
331 4571 414 4633 Epist.
433 4570 477 4621 at.
496 4568 525 4634 ὅ.
546 4574 560 4621 1
580 4579 605 4621 et
624 4573 649 4622 3.
670 4573 720 4623 Oa.
740 4599 772 4609 -
808 4573 851 4623 25.
871 4581 896 4624 et
914 4571 998 4636 duces]
1018 4580 1047 4623 ut
1065 4575 1139 4623 duces
1156 4572 1193 4623 Μ.
1214 4596 1247 4607 -
1267 4570 1407 4635 postmodo
1425 4582 1467 4632 pr.

152 4640 193 4692 lt:
211 4642 376 4704 postmodum
395 4640 414 4689 Ε
434 4654 495 4689 cum
513 4655 584 4693 corr.
604 4642 640 4691 Μ.
660 4667 693 4676 -—
712 4642 755 4690 31.
775 4650 798 4692 et
817 4641 978 4693 contionibus
997 4644 1042 4693 bl:
1062 4642 1225 4693 concionibus
1243 4641 1273 4690 lt.
1295 4667 1323 4677 -
1348 4640 1391 4690 32.
1408 4639 1469 4702 pol·

151 4724 232 4774 poree
250 4712 305 4760 Vb:
324 4710 458 4773 palmorer
476 4710 519 4769 Μ,
536 4713 663 4774 palparer
677 4712 757 4774 plone
776 4713 805 4762 ll.
828 4737 857 4747 -
895 4715 937 4765 at.
958 4714 1092 4762 romaum
1108 4727 1191 4763 nuum
1209 4711 1254 4762 bl:
1280 4723 1362 4760 meum
1386 4710 1468 4758 conai-

152 4779 217 4831 teon
236 4781 266 4832 3.
297 4805 331 4816 -
366 4780 411 4831 37.
437 4780 509 4830 moos
527 4782 676 4833 tabellarios
701 4795 771 4833 corr.
791 4782 829 4834 Μ.
857 4806 888 4819 -
922 4785 998 4834 aeota
1016 4783 1054 4833 lt.
1080 4807 1115 4817 -
1151 4783 1263 4847 imposui
1290 4778 1357 4846 (uua
1379 4779 1468 4831 littera

152 4847 261 4916 musa)
279 4851 316 4904 Μ.
341 4874 375 4886 -
408 4849 454 4902 tl.
472 4850 566 4903 uelim
583 4865 650 4904 eom.
668 4852 750 4905 Bur.
