3256 5400
742 229 934 310 caca
1054 267 1059 273 ·
1432 251 1494 314 ms

172 418 296 466 summo
324 395 477 464 beneficio
505 409 536 464 te
563 398 643 465 affici
664 402 830 466 ostendito.
881 404 932 464 30.
955 399 1074 466 Deinde
1096 400 1209 467 habeto
1230 403 1383 471 rationem
1405 405 1494 471 urbis

173 493 283 565 totius,
306 492 511 576 collegiorum
533 493 687 566 omnium,
710 514 881 580 pagorum,
904 494 1105 559 vicinitatum.
1148 501 1194 561 Ex
1218 498 1254 562 iis
1275 500 1432 586 principes
1453 499 1494 565 ad

173 585 337 652 amicitiam
366 598 448 652 tuam
471 586 498 650 si
519 585 716 659 adiunxeris,
751 609 810 672 per
830 608 885 652 eos
908 587 1060 674 reliquam
1087 591 1314 656 multitudinem
1336 591 1427 657 facile
1448 601 1494 658 te·

172 678 270 744 nebis.
328 683 439 744 Postea
468 689 563 744 totam
589 681 707 745 ltaliam
735 680 784 745 sac
805 690 839 746 ut
861 681 892 745 in
914 683 1017 745 animo
1045 703 1080 746 ac
1102 686 1253 750 memoria
1276 684 1416 750 tributim
1439 684 1493 751 de·

171 774 318 859 scriptam
339 793 618 859 comprensamque
640 771 770 850 babeas;
792 794 831 837 ne
853 772 938 859 quod
960 774 1179 859 municipium,
1202 779 1372 853 coloniam,
1402 798 1515 866 prae-⁶

170 867 336 941 secturam,
365 867 467 932 locum
496 865 630 952 denique
651 866 756 931 ltaliae
784 888 823 931 ne
845 888 939 953 quem
961 887 1030 930 esse
1052 868 1184 951 patiare,
1217 871 1247 936 in
1269 894 1332 957 quo
1355 895 1417 939 non
1439 873 1492 937 ba-

170 959 246 1026 beas
268 959 452 1025 firmamenti
473 959 558 1046 quod
580 959 654 1024 satis
675 981 743 1024 esse
765 960 874 1046 possit.
917 965 968 1024 31.
987 962 1151 1046 Perquiras
1174 965 1290 1041 [etiami
1315 977 1345 1031 et
1365 969 1493 1033 investi-

170 1075 224 1140 ges
246 1054 386 1120 bomines
416 1075 456 1118 en
483 1054 568 1119 omni
596 1053 742 1137 regione,
771 1074 826 1119 eos
847 1074 1032 1138 cognoscas,
1066 1065 1209 1140 appetas,
1232 1060 1414 1134 confirmes,
1437 1080 1492 1124 cu-

170 1169 235 1221 res,
256 1157 292 1213 ut
312 1148 344 1211 in
366 1148 431 1213 suis
453 1147 660 1212 vicinitatibus
682 1147 736 1212 tibi
759 1157 865 1234 petant
893 1158 926 1213 et
947 1159 997 1213 tua
1020 1169 1112 1213 causa
1135 1151 1222 1235 quasi
1244 1152 1397 1218 candidati
1419 1152 1491 1218 sint.

169 1240 282 1307 Volent
303 1250 334 1305 te
355 1242 499 1314 amicum,
522 1240 548 1306 si
570 1262 657 1306 suam
680 1262 698 1306 a
720 1251 749 1305 te
771 1242 939 1307 amicitiam
961 1242 1066 1328 expeti
1088 1242 1247 1308 videbunt.
1289 1245 1322 1309 ld
1345 1258 1379 1311 ιιι
1400 1246 1489 1312 intel·
1503 1266 1529 1303 ιι

169 1334 279 1420 ligant,
316 1335 459 1399 oratione
486 1355 539 1408 ea,
577 1355 658 1421 qnae
683 1334 723 1400 ad
749 1356 817 1399 eam
844 1341 997 1400 rationem
1026 1341 1176 1421 pertinet,
1213 1336 1354 1402 habenda
1381 1359 1491 1404 conse·

168 1448 276 1514 quere.
327 1429 477 1493 Homines
499 1429 700 1514 municipales
728 1449 765 1493 ac
793 1429 957 1502 rusticani,
988 1429 1014 1494 si
1042 1426 1133 1494 nobis
1159 1431 1286 1494 nomine
1313 1431 1378 1496 noti
1399 1442 1489 1505 sunt,

170 1521 202 1585 in
233 1520 367 1586 amicitia
399 1543 468 1588 esse
500 1544 534 1587 se
567 1520 769 1588 arbitrantur.
826 1523 858 1588 si
891 1544 968 1588 vero
1001 1523 1093 1587 ctiam
1127 1523 1273 1609 praesidii
1308 1546 1341 1589 se
1374 1525 1491 1610 aliquid

168 1614 229 1680 sibi
250 1617 440 1681 constituere
461 1624 584 1702 putant,
620 1637 683 1680 non
704 1615 848 1681 amittunt
869 1616 1064 1681 occasionem
1086 1619 1296 1701 promerendi.
1353 1623 1419 1684 llos
1440 1641 1492 1685 ce·

170 1708 229 1772 teri
251 1718 283 1774 et
303 1709 438 1773 maxime
461 1709 506 1774 tui
528 1710 749 1794 competitores
771 1731 810 1773 ne
832 1719 948 1774 norunt
969 1710 1115 1796 quidem:
1139 1719 1172 1775 tu
1193 1721 1224 1775 et
1245 1712 1326 1776 nosti
1348 1721 1378 1776 et
1400 1712 1528 1778 facilen

168 1821 355 1885 cognoscem
378 1802 444 1868 sine
467 1823 530 1888 quo
552 1801 686 1867 amicitia
708 1823 861 1868 essenon
883 1814 994 1889 potest.
1036 1807 1087 1868 32.
1108 1809 1215 1890 Neque
1238 1805 1269 1869 id
1292 1814 1393 1870 tamen
1416 1806 1490 1871 satis

168 1911 230 1972 est,
253 1897 374 1964 tametsi
396 1917 542 1981 magnum
563 1906 629 1973 est;
652 1895 707 1960 sed
728 1896 869 1982 sequitur
891 1917 962 1982 spes
983 1897 1122 1962 utilitatis
1143 1908 1236 1983 atque
1258 1899 1427 1973 amicitiae,
1449 1919 1489 1964 ne

168 1990 380 2058 nomenclator
402 1990 521 2062 solum,
554 1988 610 2054 sed
631 1988 748 2054 amicus
771 1989 863 2054 etiam
887 1988 988 2055 bonus
1010 2010 1079 2055 esse
1100 1991 1237 2057 videare.
1280 1996 1340 2065 lta,
1364 2012 1435 2056 cum
1457 2002 1489 2057 et

167 2089 225 2151 bos
252 2086 338 2171 ipsos
365 2091 496 2169 propter
524 2104 612 2148 suam
634 2081 856 2156 ambitionem,
889 2084 944 2169 qui
966 2083 1049 2169 apud
1071 2083 1201 2150 tribules
1222 2106 1296 2150 suos
1318 2086 1487 2170 plurimum

167 2180 265 2265 qratia
287 2188 433 2265 possunt,
456 2176 613 2242 studiosos
634 2176 667 2241 in
689 2176 837 2242 centuriis
859 2175 1009 2250 babebis,
1032 2187 1064 2243 et
1084 2189 1223 2252 ceteros,
1252 2179 1305 2264 qui
1328 2179 1411 2264 apud
1432 2178 1527 2247 ali-ao

167 2294 260 2358 quam
282 2280 401 2357 partem
423 2270 585 2337 tribulium
607 2281 738 2356 propter
759 2269 919 2356 municipii
948 2280 1002 2335 aut
1022 2269 1186 2337 vicinitatis
1215 2283 1267 2338 aut
1293 2273 1415 2358 collegii
1438 2295 1490 2339 ra·

167 2366 282 2433 tionem
315 2365 437 2439 valant,
474 2363 604 2450 cupidos
633 2364 679 2428 tui
712 2364 928 2438 constitueris,
963 2363 994 2427 in
1025 2365 1142 2449 optima
1169 2386 1224 2450 spe
1254 2387 1322 2431 esse
1349 2368 1488 2434 debebis.

166 2464 217 2524 33.
239 2464 303 2524 lam
325 2459 464 2545 equitum
486 2457 644 2522 centuriae
666 2457 764 2522 multo
785 2456 908 2522 facilius
929 2456 1005 2520 mihi
1027 2456 1186 2541 diligentia
1209 2480 1300 2544 posse
1322 2464 1422 2527 teneri
1443 2463 1490 2528 vi·

167 2553 289 2619 dentur.
332 2553 471 2617 Primum
494 2551 678 2635 'scognosci
700 2551 839 2636 equites;
861 2550 953 2636 pauci
974 2548 1057 2614 enim
1080 2561 1165 2616 sunt:
1188 2552 1301 2618 deinde
1322 2556 1345 2635 †
1367 2555 1487 2641 appeti:

168 2647 265 2712 multo
287 2647 370 2711 enim
392 2645 512 2710 facilius
535 2645 586 2710 illa
609 2643 912 2709 adolescentulorum
934 2642 974 2708 ad
994 2643 1158 2707 amicitiam
1183 2654 1267 2709 aetas
1299 2647 1487 2732 adiungitur.
1498 2671 1527 2710 as

166 2738 284 2804 Iteinde
314 2737 409 2804 babes
440 2748 542 2803 tecum
563 2758 603 2802 ex
632 2736 791 2802 iuventute
820 2737 973 2823 optimum
996 2758 1152 2822 quemque
1173 2747 1205 2801 et
1226 2739 1487 2807 studiosissimum

167 2831 374 2898 humanitatis.
431 2834 553 2914 †Tum
581 2839 702 2903 autem,
733 2827 818 2915 quod
846 2838 991 2915 equester
1019 2829 1099 2894 ordo
1128 2839 1199 2895 tuus
1226 2841 1288 2906 est,
1318 2845 1506 2920 sequentur·

101 2959 104 2967 ·
167 2926 211 2992 illi
241 2927 457 2992 auctoritatem
483 2925 623 2999 ordinis,
660 2924 688 2989 si
715 2923 770 2989 abs
798 2933 828 2988 te
857 2922 1057 2989 adhibebitur
1084 2944 1121 2988 ea
1147 2923 1326 3010 diligentia,
1363 2939 1398 2994 ut
1424 2949 1487 2994 non

167 3019 286 3086 ordinis
315 3021 416 3086 solum
445 3020 602 3085 voluntate
637 3016 694 3082 sed
723 3018 816 3082 etiam
846 3017 1039 3102 singulorum
1073 3018 1215 3083 amicitiis
1246 3040 1298 3082 eas
1331 3021 1487 3087 centurias

167 3113 363 3179 confirmatas
396 3112 520 3178 babeas.
578 3116 642 3176 lam
670 3110 771 3176 studia
804 3110 1106 3176 adolescentulorum
1135 3111 1166 3175 in
1195 3112 1417 3197 suffragando,
1455 3113 1525 3179 inas

167 3205 329 3281 obeundo,
351 3207 384 3272 in
405 3206 592 3279 nuntiando,
614 3205 647 3269 iu
662 3204 843 3269 assentando
865 3202 995 3268 mirifice
1017 3216 1048 3269 et
1069 3225 1180 3288 magna
1203 3215 1234 3270 et
1256 3206 1383 3271 bonesta
1405 3215 1485 3271 sunt

263 3305 317 3368 lX.
352 3305 404 3366 at.
426 3306 465 3367 Et
485 3299 632 3387 quoniam
654 3297 866 3362 assectationis
888 3297 1005 3362 mentio
1026 3297 1105 3362 sacta
1127 3309 1197 3371 est,
1231 3300 1262 3364 id
1285 3318 1411 3385 quoque
1433 3319 1485 3364 cu·

166 3392 297 3459 randum
326 3404 387 3469 est,
417 3403 452 3459 ut
473 3392 652 3479 quotidiana
678 3391 829 3477 cuiusque
858 3390 982 3476 generis
1010 3400 1041 3456 et
1062 3390 1182 3456 ordinis
1204 3403 1236 3457 et
1257 3392 1365 3457 aetatis
1387 3401 1486 3457 utare.

166 3492 240 3553 Nam
262 3510 302 3554 ex
325 3509 361 3552 ea
383 3491 451 3573 ipsa
472 3491 562 3572 eopia
583 3484 763 3550 coniectura
785 3483 854 3549 lieri
867 3485 999 3570 poterit,
1023 3495 1170 3570 quantum
1187 3487 1230 3551 sis
1245 3487 1276 3550 in
1291 3486 1361 3571 ipso
1376 3505 1486 3570 campo

166 3582 279 3647 virium
308 3602 345 3646 ac
373 3579 526 3645 facultatis
555 3577 726 3643 habiturus.
774 3579 874 3644 Huius
905 3587 1008 3643 autem
1030 3580 1078 3644 rei
1099 3591 1163 3645 tres
1184 3589 1289 3666 partes
1311 3587 1395 3643 sunt:
1425 3597 1524 3642 nnass

166 3676 385 3746 salutatorum,
418 3695 488 3739 cum
511 3672 638 3738 domum
661 3671 805 3748 veniunt;
838 3671 935 3736 altera
956 3671 1180 3748 deductorum
1210 3673 1300 3738 tertia
1322 3681 1487 3738 assectato-

166 3789 248 3834 rnm.
297 3774 350 3834 35.
373 3773 408 3833 ln
430 3764 650 3833 salutatoribus
675 3800 713 3812 -
736 3764 791 3850 qui
814 3769 911 3849 magis
932 3765 1076 3850 vulgares
1098 3777 1169 3832 sunt
1192 3776 1223 3831 et
1244 3766 1300 3831 bac
1321 3775 1487 3831 consuetu·

166 3860 255 3934 dine,
287 3880 369 3949 quaa
396 3880 479 3926 nunc
505 3867 567 3934 est,
600 3858 708 3945 plures
736 3861 864 3923 veniunt
899 3890 932 3901 -
975 3858 1035 3924 hoc
1056 3859 1251 3925 efficiendum
1274 3870 1336 3931 est,
1373 3868 1408 3923 ut
1428 3857 1487 3922 boc

233 4043 261 4095 3.
280 4042 414 4109 collspislsss
432 4042 487 4093 ΤΒ.
517 4066 548 4077 -
583 4042 609 4091 5.
637 4053 863 4104 comprensamque
880 4031 921 4090 D':
948 4042 1205 4106 comprehensamque
1224 4042 1254 4091 ll.
1284 4064 1315 4076 -
1359 4041 1387 4091 7.
1407 4042 1487 4091 stiam

166 4126 220 4163 om.
240 4112 272 4163 Ι).
309 4112 364 4164 Nos
382 4112 552 4164 seclusimus.
578 4135 609 4146 -
646 4110 672 4160 8.
692 4123 734 4160 sos
752 4110 791 4159 D:
811 4123 901 4174 sosque
918 4110 948 4160 ll.
970 4137 998 4146 -
1038 4112 1080 4161 11.
1100 4126 1143 4169 ea,
1163 4125 1228 4174 quas
1245 4111 1287 4160 D:
1319 4125 1384 4173 qaas
1402 4110 1432 4159 lt.
1453 4135 1484 4144 —

165 4183 283 4233 dobsssdc
300 4181 324 4232 l)
342 4189 369 4232 ct
386 4182 469 4235 Gadd-
489 4180 609 4232 Turnebl
628 4194 660 4229 ac
682 4180 805 4229 Gruterl:
834 4181 935 4229 abunda
953 4187 1063 4231 anctore
1083 4182 1137 4230 lac.
1158 4181 1294 4230 Gronorio
1313 4179 1344 4228 li.
1373 4203 1405 4216 -
1442 4182 1484 4230 ts.

165 4252 343 4316 mamiatpialas
362 4251 395 4303 Ι).
429 4277 458 4290 -
496 4253 570 4303 nobis
587 4252 691 4300 nomina
708 4250 747 4298 D:
765 4251 869 4300 aomina
886 4250 960 4300 nobis
977 4250 1007 4300 tt.
1040 4277 1069 4288 -
1109 4252 1152 4300 13.
1172 4265 1223 4301 asse
1240 4264 1266 4300 ss
1284 4250 1321 4299 o:
1340 4263 1366 4299 ss
1383 4262 1435 4299 ssss
1453 4249 1484 4298 ll.

168 4349 195 4358 -
214 4323 342 4386 praesidis·
358 4335 385 4373 ss
402 4318 518 4386 aliquid]
535 4322 668 4385 prassidcs
685 4320 734 4369 olii
752 4319 784 4369 Ι).
818 4346 845 4355 -
886 4319 929 4370 17.
948 4321 993 4370 ssd
1010 4323 1124 4383 sequitur
1142 4321 1182 4370 D:
1201 4323 1224 4370 ss'
1241 4335 1295 4370 aon
1312 4326 1486 4383 consequatur

167 4391 196 4442 ll.
218 4418 245 4430 -
285 4392 328 4443 18.
347 4392 540 4442 commendator
558 4391 590 4439 Ι).
612 4416 645 4424 -
680 4390 723 4439 20.
742 4391 843 4451 possint
862 4388 895 4439 Ι).
922 4415 953 4426 -
989 4391 1118 4440 studiosos
1136 4391 1178 4439 D:
1199 4392 1238 4440 tass'
1255 4391 1384 4440 studiosos
1403 4388 1433 4438 Ε.
1455 4413 1482 4425 -

164 4463 209 4512 at.
230 4462 354 4513 tribulum
372 4462 404 4512 o.
425 4485 455 4497 -
492 4462 635 4511 uicinitatis
652 4458 810 4509 Turnebus:
830 4460 944 4509 civitatis
962 4473 1023 4509 cuna
1043 4458 1118 4509 libris
1138 4460 1167 4509 ll.
1187 4486 1220 4494 -
1242 4460 1287 4508 23.
1307 4461 1424 4522 capnoscs’
1443 4457 1485 4507 n:

165 4533 331 4596 cognoscendi
348 4539 408 4582 mm
426 4530 457 4580 tt.
478 4554 509 4566 ·-
541 4531 630 4593 appeti
647 4529 685 4579 D:
705 4530 867 4591 adipiscendi
885 4529 915 4579 ll.
935 4530 1006 4578 Fort.
1027 4543 1148 4594 capnoscs
1165 4555 1176 4565 ·
1193 4556 1203 4566 ·
1221 4537 1314 4591 appete
1333 4528 1374 4578 vel
1393 4542 1486 4592 coques·

164 4604 228 4651 scito
244 4628 275 4639 ··
291 4605 419 4665 appetito,
440 4607 467 4650 ut
486 4597 569 4662 Mil.
590 4600 640 4650 Οιι.
653 4625 682 4636 -
703 4599 745 4648 25.
766 4599 801 4648 od
819 4600 962 4648 amicitiam
980 4606 1053 4649 cetos
1070 4599 1129 4650 DC:
1148 4608 1222 4650 aetas
1239 4599 1275 4647 od
1292 4600 1435 4648 amicitiam
1456 4597 1484 4646 11.

167 4695 197 4706 -
215 4671 259 4721 33.
279 4672 355 4722 bobes
373 4671 394 4720 D
413 4677 440 4720 et
458 4670 523 4721 Cod.
544 4669 678 4719 Turnebi:
699 4669 801 4718 tabellis
821 4668 850 4717 ll.
872 4692 900 4705 -
940 4669 983 4719 27.
1004 4677 1090 4719 catam
1107 4672 1157 4719 ems·
1175 4670 1206 4719 o.
1228 4695 1256 4705 -
1283 4663 1430 4732 sequentur]
1449 4681 1485 4715 ss·

164 4740 413 4791 auctoramenti).
436 4767 464 4777 -
501 4740 545 4790 38.
564 4740 701 4790 adbibetm
720 4737 752 4787 l).
772 4763 806 4772 -
842 4737 885 4788 31.
906 4736 1031 4802 admodo]
1051 4739 1240 4789 obedientiali.
1262 4763 1289 4775 -
1329 4737 1372 4787 33.
1392 4739 1428 4786 sis
1445 4732 1484 4798 in]

164 4812 359 4861 113311),-
396 4808 441 4859 33.
460 4809 643 4860 salsstotortam
661 4807 694 4858 l).
722 4833 750 4847 -
788 4807 917 4870 Suspecta
937 4809 1002 4859 mibi
1022 4823 1064 4868 ιι.
1083 4823 1140 4859 cam
1158 4811 1263 4859 domurn
1280 4809 1395 4857 cantant.
1432 4806 1483 4856 Oa.

168 4903 195 4915 -
215 4881 258 4932 33.
276 4881 363 4944 pluris
381 4879 414 4928 o.
