3256 5400
649 240 724 306 111.
744 243 784 308 V.
824 240 886 307 19.
904 239 936 307 9.
956 238 989 306 9.
1424 245 1466 309 79

141 392 217 470 scd,
239 394 273 460 in
292 396 433 461 Marcum
457 394 675 464 benevolentia
697 398 782 485 pari,
804 399 865 465 boc
885 398 985 484 magis
1007 419 1076 464 sum
1091 396 1203 464 Publio
1217 397 1356 476 deditus,
1379 399 1465 486 quod

141 510 209 565 me,
232 510 422 576 quamquam
443 512 461 556 a
479 492 614 576 pueritia
638 514 695 558 sua
717 513 862 579 semper,
883 501 987 558 umen
1001 491 1061 559 hoc
1073 502 1217 579 tempore
1231 494 1368 559 maxime
1384 493 1464 560 sicut

139 585 276 650 alterum
296 596 460 672 parentem
481 595 513 651 et
533 584 679 652 observat
701 597 733 652 et
752 587 863 672 diligit.
906 593 937 652 5.
958 590 1022 652 Has
1042 587 1162 653 litteras
1184 588 1279 654 velim
1301 586 1462 652 existimes

141 677 279 744 foederis
300 677 462 745 babituros
483 699 551 744 esse
582 681 661 756 vim,
694 702 758 746 ιιοιι
780 679 948 768 epistolae,
983 701 1096 768 meque
1119 703 1172 757 ea,
1210 703 1290 768 quae
1311 679 1370 746 tibi
1389 701 1466 767 pro·

141 773 232 838 mitto
254 794 290 839 ac
311 773 449 860 recipio,
486 773 679 840 sanctissime
708 795 777 839 esse
805 772 1048 839 observaturum
1071 773 1374 861 diligentissimeque
1395 795 1490 842 esses

141 865 308 933 iacturum.
362 869 453 945 Quae
475 889 493 932 a
514 888 566 931 me
588 876 730 953 suscepta
755 865 898 932 defensio
920 876 968 932 est
989 875 1020 931 te
1042 866 1169 933 absente
1191 867 1349 953 dignitatis
1372 878 1465 943 tuae,

140 959 175 1025 iu
197 981 234 1024 ea
256 959 320 1025 iam
341 980 401 1045 ego
423 980 487 1025 ιιοιι
508 960 610 1026 solum
631 959 788 1026 amicitiae
809 969 958 1035 nostrae,
980 959 1036 1024 sed
1058 960 1154 1025 etiam
1169 961 1361 1026 constantiae
1377 981 1466 1026 meae

141 1074 236 1118 causa
256 1051 460 1141 permanebo.
514 1052 728 1131 Quamobrem
758 1054 832 1119 satis
860 1075 929 1119 esse
950 1053 1011 1120 boc
1031 1063 1174 1140 tempore
1202 1053 1374 1120 arbitratus
1395 1076 1466 1120 sum

142 1145 203 1213 boc
232 1148 273 1213 ad
304 1155 336 1212 te
365 1145 522 1212 scribere:
552 1169 617 1223 me,
652 1147 679 1212 si
707 1145 782 1233 quid
811 1147 878 1233 ipse
899 1147 1107 1233 intelligerem
1137 1146 1252 1213 autad
1274 1150 1465 1215 voluntatem

142 1250 197 1306 aut
216 1239 257 1307 cd
277 1239 479 1307 commodum
500 1252 555 1307 aut
575 1240 615 1307 ad
635 1241 872 1328 amplitudinem
894 1252 980 1308 tuam
1002 1242 1179 1330 pertinere,
1208 1262 1279 1307 mea
1302 1256 1411 1330 sponte
1434 1242 1466 1309 id
1480 1270 1505 1311 ιι

144 1354 213 1399 esse
235 1332 408 1416 facturum;
430 1336 480 1402 sin
500 1344 606 1401 autem
621 1335 782 1422 quidpiam
803 1344 858 1401 aut
879 1357 898 1400 a
920 1347 950 1401 te
973 1357 1073 1400 essem
1099 1335 1276 1401 admonitus
1291 1348 1346 1402 aut
1360 1358 1379 1401 a
1393 1336 1465 1412 tuis,

143 1426 345 1501 effecturum.
372 1437 408 1495 ut
435 1429 626 1514 intelligeres
654 1428 729 1494 nihil
765 1450 869 1516 neque
898 1439 929 1494 te
964 1429 1127 1516 scripsisse
1149 1449 1252 1516 neque
1274 1450 1465 1517 quemquam

143 1531 271 1587 tuorum
299 1521 417 1588 frustra
442 1522 483 1587 ad
504 1545 555 1587 me
576 1522 735 1588 detulisse.
793 1522 1007 1601 Quamobrem
1030 1524 1124 1589 velim
1146 1523 1189 1589 ita
1210 1524 1329 1609 etipse
1353 1521 1392 1587 ad
1414 1544 1475 1588 me*

144 1613 262 1681 scribas
275 1614 315 1680 de
329 1616 474 1683 omnibus
489 1617 642 1693 minimis,
664 1616 826 1692 maximis,
841 1616 1054 1684 mediocribus
1068 1617 1179 1693 rebus,
1203 1627 1236 1682 ut
1251 1617 1291 1682 ad
1307 1617 1465 1682 bominem

144 1707 380 1790 amicissimum;
413 1722 445 1777 et
464 1712 527 1777 tuis
548 1711 737 1798 praecipias,
769 1721 805 1776 ut
825 1732 937 1796 opera,
970 1711 1117 1786 consilio,
1139 1710 1339 1785 auctoritate,
1362 1710 1464 1796 gratia
1479 1737 1506 1777 ιι

145 1823 215 1868 mea
235 1802 282 1868 sic
305 1805 463 1871 utantur
453 1828 486 1870 ιιι
508 1805 671 1880 omnibus,
704 1804 853 1891 publicis,
875 1804 1021 1890 privatis,
1043 1803 1240 1875 forensibus,
1264 1803 1467 1879 domesticis,

145 1895 218 1972 tuis,
244 1896 441 1975 amicorum,
468 1899 642 1984 hospitum,
674 1900 833 1965 clientium
854 1910 981 1965 tuorum
1003 1898 1152 1985 negotiis,
1182 1910 1230 1974 ut,
1272 1897 1428 2003 quoad'
1400 1918 1469 1965 erus

145 1986 212 2055 lieri
232 1990 352 2077 possit,
374 1994 570 2078 praesentiae
592 2004 664 2060 tuae
686 1993 877 2059 desiderium
899 2015 972 2059 meo
993 1992 1103 2059 labore
1126 1975 1317 2059 minuatur.

617 2155 988 2234 nnucms

485 2287 667 2352 vurmius
687 2289 767 2351 mr.
789 2240 1069 2352 crcnnonr'soo
1092 2287 1123 2350 s
1477 2325 1507 2367 „

230 2424 260 2488 1.
282 2426 313 2488 8.
336 2427 374 2489 V.
395 2428 430 2488 B.
452 2426 488 2489 Ε.
510 2427 546 2489 Ε.
567 2430 605 2490 V.
649 2423 682 2490 si
704 2435 790 2489 tuam
811 2421 1071 2490 consuetudinem
1093 2423 1125 2487 in
1148 2422 1330 2509 patrociniis
1344 2423 1469 2490 tuendis

145 2535 268 2589 servas,
290 2519 324 2580 P.
346 2515 489 2582 Vatinius
511 2516 607 2582 cliens
628 2516 768 2591 advenit,
790 2516 845 2603 qni
867 2537 926 2602 pro
948 2537 982 2580 se
1004 2537 1131 2581 causam
1153 2516 1252 2581 dicier
1269 2517 1345 2581 vult.
1379 2521 1468 2591 Non,

145 2620 236 2695 puto,
257 2606 441 2694 repudiabis
452 2607 485 2672 in
500 2609 636 2681 bonore,
660 2631 753 2697 quem
768 2610 801 2675 in
813 2609 956 2696 periculo
971 2610 1125 2696 recepisti.
1168 2614 1236 2694 Ego
1253 2620 1358 2675 autern
1373 2631 1469 2697 quem

144 2701 249 2788 potius
271 2701 419 2790 adoptem
441 2712 495 2767 aut
516 2703 675 2777 invocem,
698 2724 792 2790 quam
810 2703 914 2776 illum,
937 2723 1002 2790 quo
1017 2702 1202 2768 defendente
1216 2703 1342 2767 vincere
1354 2701 1470 2767 didici?

144 2800 192 2860 An
215 2815 347 2869 verear,
369 2816 425 2868 ne,
447 2795 504 2881 qui
532 2795 822 2882 potentissimorum
850 2796 1013 2862 bominum
1036 2795 1300 2882 conspirationem
1323 2795 1471 2880 neglexe-
1479 2820 1508 2860 ιι

144 2886 187 2952 rit
207 2907 268 2973 pro
289 2909 359 2953 mea
380 2888 497 2962 salute,
529 2888 555 2953 is
576 2910 637 2975 pro
658 2890 780 2955 bonore
802 2911 875 2956 meo
896 2889 1083 2976 pusillorum
1106 2910 1143 2954 ac
1160 2887 1390 2954 malevolorum
1413 2886 1470 2954 ob·

144 2979 346 3045 trectationes
367 2991 399 3047 et
429 2981 560 3047 invidias
583 3003 646 3048 non
675 2992 856 3069 prosternat
888 2993 982 3069 atque
1012 2982 1161 3048 obterat?
1192 2985 1314 3060 Quare,
1342 2982 1369 3047 si
1401 3002 1468 3057 me,

145 3073 225 3139 sicut
244 3075 344 3150 soles,
366 3095 468 3148 amas,
491 3076 615 3162 suscipe
636 3097 739 3142 meme
763 3086 884 3149 totum,
908 3085 1001 3163 atque
1024 3075 1099 3151 boc,
1122 3073 1274 3162 quidquid
1298 3085 1346 3141 est
1364 3074 1471 3140 onena

145 3188 182 3233 ac
202 3168 357 3243 muueris,
374 3174 440 3255 pro
461 3190 531 3234 mea
551 3169 700 3254 dignitate
722 3169 779 3236 tibi
800 3168 950 3235 tuendum
972 3191 1009 3234 ac
1030 3169 1246 3235 sustinendum
1270 3177 1356 3254 puta.
1401 3167 1469 3234 Scis

144 3281 247 3326 memn
268 3260 429 3328 fortunam
450 3263 557 3329 nescio
579 3263 740 3351 quomodo
763 3262 854 3328 facile
876 3263 1102 3328 obtrectatores
1124 3263 1283 3337 invenire,
1308 3282 1371 3328 non
1397 3282 1509 3328 meon

145 3354 272 3442 quidem
294 3355 489 3423 mehercules
517 3357 648 3423 merito:
686 3356 742 3422 sed
764 3356 873 3442 quami
893 3355 927 3421 id
948 3356 1067 3431 refert,
1101 3356 1128 3421 si
1150 3365 1253 3421 tamen
1276 3355 1340 3421 fato
1362 3354 1469 3421 nescio

145 3468 210 3535 quo
230 3447 366 3514 accidit?
409 3451 442 3516 si
464 3449 518 3539 qui
541 3450 623 3516 forte
644 3449 753 3522 fuerit,
775 3449 830 3536 qui
853 3459 978 3515 nostrae
1000 3449 1142 3535 dignitati
1162 3449 1275 3514 obesse
1290 3450 1374 3524 velit,
1397 3458 1471 3536 peto

145 3565 164 3608 a
184 3552 234 3617 te,
256 3552 292 3607 ut
312 3552 398 3610 tuam
420 3545 677 3611 consuetudinem
700 3553 731 3609 et
752 3543 972 3609 liberalitatem
995 3543 1027 3608 in
1048 3565 1099 3608 me
1121 3542 1249 3608 absente
1271 3542 1470 3609 defendendo

144 3635 222 3701 mibi
242 3646 394 3723 praestes.
444 3639 577 3704 Litteras
599 3638 639 3703 ad
660 3646 802 3703 senatum
824 3636 864 3701 de
885 3637 981 3703 rebus
1002 3637 1118 3703 nostris
1141 3637 1252 3723 gestis,
1275 3656 1340 3723 quo
1362 3657 1470 3701 exem·

145 3730 199 3816 plo
220 3729 385 3807 miseram,
407 3731 489 3797 infra
511 3731 567 3797 tibi
589 3731 768 3818 perscripsi.
810 3735 841 3795 9.
862 3731 986 3796 Dicitur
1006 3731 1084 3797 mibi
1105 3742 1177 3797 tuus
1199 3751 1311 3796 servus
1333 3749 1511 3814 anagnu-ss

146 3832 209 3887 stes
229 3822 379 3907 fugitivus
401 3847 472 3891 cum
502 3825 653 3892 Vardaeis
684 3847 772 3903 esse;
800 3823 840 3888 de
862 3836 982 3911 quotu
1004 3825 1081 3890 mibi
1103 3825 1180 3890 nibil
1201 3823 1375 3896 mandasti,
1411 3842 1472 3907 ego

146 3926 266 3991 tamen,
300 3926 384 3982 terra
413 3919 555 4005 marique
576 3929 611 3984 ut
632 3918 891 4005 conquireretur,
924 3918 1161 4003 praemandavi,
1190 3928 1221 3984 et
1244 3916 1390 4003 profecto
1412 3915 1470 3981 tibi

147 4008 233 4074 illum
256 4010 431 4095 reperiam,
454 4011 514 4076 nisi
536 4011 616 4077 siin
637 4012 824 4077 Dalmatiam
847 4010 1018 4096 aufugerit,
1041 4022 1072 4077 et
1093 4012 1164 4077 inde
1179 4022 1284 4077 nmen
1301 4008 1472 4096 aliquando

147 4124 266 4169 eruam
309 4109 357 4169 Tu
379 4126 437 4170 nos
457 4105 506 4170 fac
527 4127 623 4171 ames.
666 4106 751 4171 Vale.
780 4110 816 4172 A.
843 4103 874 4170 d.
904 4111 940 4171 V.
984 4105 1057 4171 ldus
1079 4106 1254 4184 Quintiles,
1280 4126 1321 4169 ex
1343 4102 1472 4177 castris,

147 4201 281 4263 Narona.
1482 4222 1511 4264 ιι

214 4400 241 4449 1.
260 4401 291 4448 to
307 4398 426 4450 Murcum
443 4399 621 4450 benevoleots'd
637 4401 700 4463 pori
719 4400 853 4451 Orellius:
883 4402 913 4449 ia
938 4400 1031 4451 Marco
1058 4399 1262 4449 benevolentium
1287 4400 1350 4461 puri
1368 4397 1414 4456 M,
1444 4397 1475 4444 tn

147 4468 237 4519 Murco
256 4470 458 4520 beu'volcntlu'
448 4471 656 4534 emporilim-
694 4471 721 4522 5.
740 4485 792 4520 em
809 4473 942 4534 [acturum
960 4471 1004 4521 M:
1033 4469 1280 4534 facturorum·
1315 4469 1342 4519 9.
1362 4469 1410 4516 boc
1427 4466 1474 4515 cd·

146 4539 255 4589 rcribm
272 4539 404 4606 11ιιιιιιί-
406 4541 586 4603 Lagnum·
625 4539 670 4591 11.
689 4542 756 4590 medi
752 4541 859 4590 'ceritas
878 4540 919 4589 M:
946 4539 1271 4603 mediocribusquell-
1311 4537 1354 4587 17.
1374 4530 1473 4600 quood]

147 4610 216 4672 quud
234 4609 1293 4675 11.-99.ιιάιουιιιι’111εροι.1.ιιιι1ι.-98.ιιιιιιιι11ιιιιιΕ.-
1332 4604 1474 4656 991ιὺ11-

147 4679 387 4731 nandsmM.-
424 4680 641 4744 lizeiquiM:
666 4681 874 4745 riquirlln-
912 4680 956 4730 31
976 4677 1250 4745 quc]quodM
1287 4675 1475 4742 9119991911

151 4748 264 4800 Ernesti!
283 4763 393 4813 operae.
1480 4770 1484 4779 ·
1554 4758 1556 4763 ·
