3256 5400
577 217 651 277 LlB.
672 216 710 278 V.
752 213 812 282 tlt),
834 214 864 279 6.
886 214 916 274 7.
938 213 969 276 8.
991 213 1021 274 9.
1399 214 1458 276 tlt

141 397 221 462 qnae
243 372 397 459 permulta
418 391 524 436 secum
546 370 654 444 habet,
682 368 847 455 spoliaret}
883 366 1010 442 deinde,
1040 377 1075 433 ut
1095 372 1241 441 Faustae,
1264 369 1314 433 cui
1337 379 1460 433 cautum

141 472 192 535 ille
221 490 289 533 esse
318 467 482 537 voluisset,
514 475 617 529 ratum
640 473 731 529 esset.
781 467 857 528 Erat
877 462 968 527 etiam
991 461 1084 536 illud,
1108 475 1141 527 ut
1162 461 1221 546 ipsi
1244 485 1314 534 uos,
1337 463 1363 526 si
1386 462 1460 548 quid

142 563 260 628 servari
283 571 404 647 posset,
434 580 527 646 quam
551 557 696 622 facillime
718 577 925 622 servaremus.
975 560 1004 620 3.
1027 560 1114 619 Nunc
1136 577 1202 619 rem
1224 565 1320 620 totam
1342 557 1460 642 perspi-

141 659 203 722 cias
226 656 329 721 velim.
372 652 469 718 Nobis
494 651 578 716 enim
600 649 780 716 scribuntur
800 670 893 736 saepe
914 650 1044 714 maiora.
1095 648 1155 715 Sed
1178 648 1203 712 si
1226 648 1277 713 ille
1300 651 1459 735 queritur,

141 752 167 816 si
190 749 298 815 scribit
319 747 357 813 ad
380 747 513 819 amicos,
545 745 571 809 si
594 743 676 808 idem
699 749 809 809 Fausta
832 744 911 815 vult,
935 741 1136 814 Philotimus,
1166 752 1201 807 ut
1221 763 1282 827 ego
1304 743 1333 807 ei
1354 765 1483 808 corams

142 844 281 909 dixeram
314 840 452 926 mihique
481 838 533 902 ille
565 847 744 923 receperat,
776 858 815 902 ne
846 843 885 901 sit
912 837 1010 901 invito
1039 837 1154 901 Milone
1181 836 1336 902 inbonis.
1380 838 1460 902 Nihil

142 938 231 1002 nobis
254 937 355 1000 luerat
377 934 462 998 tanti.
518 932 572 996 Sin
594 932 671 995 baec
699 930 817 995 leviora
847 941 932 1002 sunt,
965 940 997 994 tu
1020 930 1180 995 iudicabis.
1224 935 1368 1018 Loquere
1389 954 1460 997 cum

142 1030 293 1095 Duronio.
343 1029 459 1113 Scripsi
487 1027 578 1090 etiam
607 1024 646 1090 ad
674 1025 852 1096 Camillum,
874 1023 913 1089 ad
936 1025 1088 1099 Lamiam;
1115 1044 1217 1110 eoque
1239 1025 1353 1109 magis,
1377 1024 1462 1112 quod

142 1147 204 1188 non
226 1122 419 1188 conlidebam
442 1128 557 1186 ltomae
580 1130 609 1184 te
632 1139 712 1184 esse.
755 1123 882 1184 Summa
903 1123 965 1183 erit
985 1118 1078 1183 baec:
1106 1127 1238 1191 statues,
1262 1127 1295 1182 ut
1318 1138 1358 1183 ex
1379 1119 1461 1192 fide,

141 1217 222 1282 lama
244 1237 342 1303 reque
363 1236 433 1280 mea
454 1213 618 1279 videbitur.
1477 1236 1501 1272 nr

619 1355 673 1418 rr.
716 1352 767 1435 (n.
793 1356 825 1419 u.
848 1357 880 1418 c.
902 1355 991 1433 ros.)

623 1476 765 1540 CICERO
787 1477 930 1539 ATTICO
954 1478 984 1539 S.

229 1598 255 1657 1.
288 1591 409 1657 Actium
431 1587 572 1652 venimus
600 1606 629 1651 a.
658 1584 688 1650 d.
718 1606 805 1652 xvn.
832 1587 899 1651 Kal.
926 1586 1068 1664 Quinct,
1091 1608 1161 1653 cum
1184 1589 1309 1675 quidem
1333 1601 1364 1656 et
1386 1595 1463 1657 Cor·

141 1709 233 1775 cyrae
262 1695 292 1751 et
321 1683 446 1772 Sybotis
476 1679 659 1745 muneribus
682 1680 757 1755 tuis,
786 1701 866 1767 quae
888 1688 920 1744 et
947 1688 1046 1746 Areus
1068 1692 1099 1748 et
1120 1704 1208 1748 meus
1230 1684 1347 1749 amicus
1367 1689 1462 1772 Euty-

141 1781 246 1846 chides
269 1779 399 1863 opipare
421 1787 452 1842 et
474 1783 795 1857 φιλοπροςηνέστατα
817 1773 908 1839 nobis
929 1786 1165 1860 congesserant,
1188 1778 1301 1860 epulati
1323 1800 1461 1845 essemus
1473 1806 1498 1848 rs

141 1874 290 1939 Saliarem
312 1872 345 1935 in
367 1870 507 1935 modum.
549 1873 638 1934 Actio
660 1869 826 1934 maluimus
847 1869 908 1933 iter
930 1867 1033 1933 lacere
1052 1868 1198 1954 pedibus,
1221 1870 1274 1957 qui
1289 1871 1462 1936 incommo-

145 1969 271 2032 dissime
298 1964 546 2048 navigassemus;
569 1972 601 2027 et
620 1967 785 2028 Leucatam
807 1961 932 2027 llectere
954 1963 1118 2029 molestum
1136 1962 1309 2029 videbatur.
1351 1970 1461 2029 Actua-

141 2062 196 2126 riis
219 2071 322 2125 autem
343 2057 596 2126 minutisPatras
614 2057 765 2122 accedere
786 2056 852 2121 sine
874 2055 922 2120 bis
943 2056 1173 2142 impedimentis
1188 2079 1251 2122 non
1272 2058 1345 2122 satis
1359 2057 1460 2121 visum

142 2164 190 2219 est
223 2154 383 2218 decorum.
440 2156 522 2235 Ego,
553 2159 587 2215 ut
616 2171 709 2236 saepe
739 2160 772 2215 tu
795 2170 844 2214 me
873 2161 1050 2215 currentem
1072 2150 1212 2216 hortatus
1235 2171 1284 2224 es,
1321 2149 1461 2238 quotidie

141 2249 292 2319 meditor,
314 2244 473 2331 praecipio
495 2244 588 2318 meis,
611 2244 720 2309 saeiam
744 2243 895 2329 denique,
917 2254 952 2309 ut
972 2265 1093 2310 summa
1115 2241 1267 2311 modestia
1288 2254 1319 2310 et
1340 2264 1499 2313 summam

142 2340 327 2406 abstinentia
354 2358 467 2404 munus
496 2337 555 2403 boc
588 2337 873 2404 extraordinarium
906 2336 1114 2408 traducamus.
1163 2340 1315 2414 Parthus,
1350 2338 1459 2410 velim,

142 2437 281 2522 quiescat
301 2443 332 2498 et
353 2433 477 2498 fortuna
499 2454 557 2497 nos
571 2432 674 2508 iuvet3
696 2442 802 2496 nostra
818 2430 1054 2516 praestabimus.
1098 2435 1127 2496 2.
1150 2437 1212 2506 Τιι,
1235 2453 1362 2516 quaeso,
1385 2430 1461 2518 quid

141 2551 230 2615 agas,
258 2528 315 2593 ubi
344 2546 469 2612 quoque
498 2534 639 2610 tempore
661 2525 786 2590 iuturus
815 2526 873 2596 sis,
903 2524 1011 2609 quales
1032 2544 1084 2590 res
1105 2534 1227 2590 nostras
1249 2531 1366 2591 Romae
1386 2523 1460 2590 reli·

141 2623 263 2711 queris,
295 2621 431 2685 maxime
453 2618 492 2683 de
514 2640 571 2684 xx.
593 2629 623 2684 et
645 2638 757 2692 neco..
787 2638 879 2709 cura,
901 2626 936 2682 ut
957 2617 1100 2683 sciamus.
1148 2619 1182 2682 ld
1204 2621 1274 2685 unis
1295 2620 1461 2704 diligenter

141 2717 250 2781 litteris
277 2714 370 2785 datis,
407 2732 487 2797 quae
509 2711 548 2776 ad
570 2733 620 2775 me
642 2712 750 2797 ntique
771 2709 986 2795 perferantur,
1008 2719 1211 2798 consequere.
1255 2713 1336 2778 lllud
1357 2723 1498 2778 tamense

141 2846 181 2855 -
204 2807 350 2893 quoniam
374 2825 455 2869 nunc
476 2803 568 2877 abes,
591 2826 661 2869 cum
683 2804 717 2869 id
737 2824 799 2869 non
822 2804 925 2889 agitur
945 2839 987 2851 —
1009 2803 1112 2870 aderis
1134 2817 1237 2871 autem
1260 2804 1299 2870 ad
1320 2815 1459 2891 tempus,

140 2914 175 2967 ut
196 2901 272 2964 mihi
295 2898 481 2984 rescripsisti
506 2933 544 2943 -
568 2908 725 2963 memento
746 2917 858 2963 curare
880 2917 938 2983 per
960 2907 990 2962 te
1011 2908 1043 2963 et
1064 2919 1121 2984 per
1142 2920 1251 2963 omnes
1264 2909 1404 2973 nostros,
1426 2900 1459 2964 in

141 2993 251 3080 primis
272 3013 330 3078 per
351 2991 570 3065 Hortensium,
592 3002 627 3057 ut
649 3013 748 3057 annus
770 3001 877 3056 noster
899 3001 1021 3055 maneat
1041 3013 1099 3057 suo
1113 3000 1210 3065 statu,
1233 3013 1272 3056 ne
1295 2992 1370 3078 quid
1383 2996 1457 3058 novi

140 3089 336 3152 decernatur.
379 3089 447 3149 lloc
477 3082 533 3149 tibi
564 3089 606 3149 ita
635 3085 763 3158 mando,
797 3093 831 3150 ut
853 3082 1007 3154 dubitem,
1036 3105 1075 3149 an
1097 3086 1189 3150 etiam
1212 3094 1242 3149 te
1263 3106 1391 3169 rogem,
1425 3096 1459 3151 ut

140 3202 276 3268 pugnes,
305 3201 343 3243 ne
370 3179 581 3244 intercaletur.
639 3179 700 3245 Sed
730 3200 792 3243 non
821 3176 922 3243 audeo
953 3177 1011 3242 tibi
1040 3179 1145 3244 omnia
1166 3199 1264 3244 onera
1286 3180 1457 3263 imponere.
1469 3206 1495 3243 ae

140 3280 262 3340 Annum
285 3270 411 3359 quidem
433 3271 542 3357 utique
564 3279 678 3338 teneto.
735 3276 765 3338 3.
795 3271 904 3337 Cicero
926 3291 1030 3346 meus,
1060 3273 1306 3338 modestissimus
1335 3286 1367 3337 et
1387 3295 1458 3338 sua·

140 3369 286 3433 vissimns
308 3387 400 3450 puer,
424 3363 479 3428 tibi
500 3366 630 3430 salutern
653 3366 737 3430 dicit.
790 3364 972 3452 Dionysium
995 3385 1120 3450 semper
1141 3365 1301 3448 equidem,
1323 3376 1359 3431 ut
1379 3372 1456 3441 scis,

141 3459 253 3536 dilexi3
276 3458 330 3524 sed
353 3457 491 3545 qnotidie
514 3458 613 3543 pluris
642 3458 738 3531 lacio,
767 3467 798 3522 et
819 3457 996 3523 mehercule
1018 3459 1184 3544 imprimis,
1216 3461 1301 3547 quod
1324 3470 1353 3526 te
1375 3470 1457 3526 amat

140 3575 198 3617 nec
219 3553 263 3617 tui
286 3552 474 3616 mentionem
496 3550 657 3615 intermitti
677 3550 761 3616 sinit.

211 3733 236 3780 1.
256 3726 349 3791 samm]
368 3742 458 3779 secura
476 3730 503 3777 Z.
530 3751 560 3762 -
596 3727 647 3792 eui]
667 3732 711 3795 qui
730 3745 770 3794 pr.
789 3731 827 3781 M.
854 3755 882 3767 -
920 3732 947 3781 2.
967 3745 1018 3781 esse
1036 3732 1145 3781 seclusit
1164 3732 1311 3781 llrnestlus.
1349 3733 1421 3781 Fort.
1440 3746 1459 3781 n

139 3817 175 3852 se.
195 3801 243 3852 Οιι.
267 3825 293 3835 -
331 3797 404 3861 esset]
424 3813 475 3848 esse
494 3813 534 3861 pr.
552 3799 590 3850 Μ.
620 3824 650 3835 -
688 3802 714 3850 3.
732 3803 814 3862 possit
832 3801 905 3852 Mlll.
945 3799 1135 3862 (Emendetum
1156 3814 1187 3851 ex
1206 3800 1275 3864 ΧΥ.)
1298 3826 1328 3837 -
1365 3802 1389 3850 l.
1410 3801 1459 3852 Sed

141 3887 195 3921 om.
215 3873 252 3922 Μ.
273 3895 306 3904 -
341 3871 436 3918 sium
457 3871 478 3919 Ι.
508 3892 543 3903 -
578 3871 604 3920 5.
623 3870 715 3920 scribet
732 3871 770 3921 M.
790 3895 823 3904 ·-
858 3872 914 3920 volt
931 3872 968 3922 Μ.
991 3895 1019 3905 -
1056 3872 1083 3921 7.
1102 3872 1311 3934 [ueritdscens.
1332 3871 1410 3920 1531.
1430 3877 1460 3920 nt

141 3943 248 3991 volebat
274 3941 403 3989 Graevius
432 3939 460 3988 iu
487 3939 556 3988 ddd.
594 3939 648 3990 Cir.
676 3941 793 4002 Madvig.
821 3941 894 4004 Disp.
924 3942 970 3992 alt.
992 3943 1086 3991 lunen.
1108 3954 1135 4004 p.
1154 3942 1196 3991 20.
1226 3966 1255 3977 -
1292 3941 1317 3990 8.
1338 3941 1459 3990 Dietonio

141 4013 225 4061 11.-
261 4012 369 4072 Scripsit
387 4009 438 4057 Ml.
461 4033 490 4044 -
527 4010 554 4059 9.
573 4011 702 4074 confidam
720 4010 755 4058 ltl
773 4015 799 4058 et
818 4025 858 4071 pr.
880 4009 918 4061 Μ.
940 4036 970 4046 -
990 4011 1033 4061 13.
1053 4013 1160 4060 Antium
1181 4012 1201 4060 l.
1233 4038 1261 4048 -
1289 4011 1331 4060 11.
1351 4012 1458 4074 subolis·

140 4096 216 4131 muns
233 4082 361 4129 robustius
379 4093 431 4143 que
449 4085 474 4128 et
491 4076 528 4126 M.
562 4104 592 4115 -
628 4080 713 4128 drorss
730 4080 805 4130 Mltl.
836 4104 866 4116 -
903 4083 945 4131 15.
965 4083 1070 4144 spirare
1089 4096 1130 4144 pr.
1148 4081 1186 4131 Μ.
1217 4107 1248 4117 -
1284 4089 1460 4131 corraserant

141 4153 215 4201 Mltl.
253 4151 441 4212 (Emendetum
459 4162 489 4197 es
509 4148 552 4203 ll.)
573 4173 603 4184 -
639 4162 747 4199 essemus
764 4151 829 4199 aba.
848 4165 903 4201 rem
920 4154 949 4199 iu
965 4152 1007 4210 M,
1026 4164 1133 4201 essemus
1151 4151 1260 4201 hilarem
1278 4154 1306 4200 in
1320 4151 1365 4201 ttl.
1386 4150 1460 4214 (Cor-

144 4228 245 4270 rectum
265 4223 292 4269 in
310 4234 364 4282 mg.
384 4216 548 4281 Cratandri.)
568 4241 598 4254 -
635 4219 676 4268 to.
697 4220 776 4269 Antio
795 4221 816 4269 l.
847 4244 877 4256 -
915 4222 957 4270 17.
980 4223 1133 4286 murmurari
1151 4234 1261 4271 essemus
1279 4236 1348 4271 corr.
1369 4221 1406 4270 M.
1428 4245 1458 4256 -

141 4288 176 4352 et]
195 4291 244 4340 Sed
261 4289 334 4339 Mill.
369 4314 396 4325 -
436 4289 562 4338 Leucaten
580 4289 713 4339 Victorius
738 4295 832 4340 contra
850 4289 933 4341 codd.
954 4290 1025 4340 llosll
1043 4298 1070 4340 et
1086 4290 1159 4340 Mttt.
1190 4317 1218 4328 ·-
1257 4292 1361 4341 moleste
1384 4291 1406 4340 l.
1427 4316 1458 4325 -

143 4360 186 4409 13.
212 4363 245 4409 iis
272 4360 292 4408 l.
323 4384 356 4393 —·
394 4358 437 4408 13.
459 4365 488 4407 ιιι
504 4356 554 4421 me]
575 4366 629 4408 tum
646 4360 684 4410 M.
712 4386 739 4397 -
778 4360 822 4410 21.
841 4355 944 4421 munus]
970 4375 1036 4409 unm
1064 4375 1104 4424 pr.
1132 4361 1169 4412 M.
1195 4386 1227 4395 —-
1263 4363 1460 4410 exordinarium

141 4432 179 4482 M.
201 4456 230 4465 -
250 4429 294 4478 22.
313 4425 415 4490 nostru]
434 4441 482 4476 nos
497 4436 590 4478 nostru
608 4428 792 4481 casaubonus.
814 4457 840 4467 -
884 4430 927 4478 23.
947 4444 1045 4494 quoque
1062 4433 1109 4480 hoe
1127 4438 1239 4492 tempore
1257 4431 1330 4482 Mltt.
1352 4431 1460 4492 (Emen-

142 4501 233 4550 dstum
252 4512 267 4547 e
286 4499 352 4548 L'od.
373 4498 400 4548 iu
420 4511 475 4559 mg.
496 4498 599 4562 ltepett.
620 4498 726 4562 Lsmh.)
756 4525 784 4535 -
822 4501 865 4550 21.
885 4500 991 4548 decre.
1012 4501 1057 4560 M,
1084 4502 1209 4551 mccxx.
1233 4501 1278 4550 ltl.
1316 4500 1460 4558 (Emenda-

142 4576 198 4620 tnm
217 4584 248 4620 ex
267 4568 311 4630 l.)
342 4594 370 4605 ·-
408 4569 481 4619 etde
500 4583 574 4620 neec.
593 4569 667 4621 Mlll.
704 4570 878 4633 (Emendavit
897 4568 1059 4634 Ernestius.)
1086 4596 1114 4607 -
1151 4571 1196 4621 25.
1215 4572 1355 4620 dntisom.
1376 4570 1407 4618 ll.
1428 4591 1459 4604 -

141 4642 185 4690 26.
215 4640 286 4690 eheu
313 4640 378 4689 ltet
416 4653 455 4703 pr.
482 4642 529 4703 M,
560 4642 637 4692 hahes
667 4654 737 4692 corr.
768 4639 805 4691 M·
833 4664 866 4679 -
913 4647 1006 4706 metue
1024 4641 1045 4689 l.
1073 4665 1105 4674 —
1142 4641 1186 4691 111.
1213 4641 1343 4703 rescripsti
1369 4640 1406 4690 tt.
1428 4661 1458 4673 -

142 4711 185 4761 32.
205 4711 320 4775 equidem
338 4723 437 4772 semper
456 4710 487 4761 ll.
