3256 5400
194 185 257 248 rin
346 242 347 246 ,
683 181 745 244 ΕΡ.
766 181 818 242 on
841 178 1013 243 A'ITlCUbl

193 343 424 428 certioremque
446 361 496 404 me
519 337 628 409 iacias,
655 336 732 423 quid
756 336 874 402 iudices
896 336 973 422 ipse.
1018 337 1214 419 Quamquam
1237 354 1366 403 vereor.
1398 354 1438 398 ue
1467 354 1523 398 co·

194 435 342 517 onomius
372 446 425 499 tuo
455 434 558 515 lapsus
580 432 789 506 inenarranda
817 452 860 495 sis
890 452 920 494 ro
949 427 1125 494 iudicando.
1176 426 1237 492 Sed
1259 427 1286 491 si
1308 427 1523 493 recordaberc

195 531 426 612 Δημοσθένους
441 526 585 598 fulmina,
609 538 672 588 lum
689 525 841 609 intelliges
862 544 955 609 posse
977 533 1008 588 et
1023 524 1225 588 ἁττικῶτατα
1240 523 1425 605 gravissime
1447 523 1523 587 dici.

194 622 256 687 Sed
285 621 360 686 baec
388 638 504 683 coram.
548 623 636 683 Nunc
656 638 714 682 nec
741 619 808 681 sina
829 618 962 702 epistola
989 638 1047 682 nec
1073 637 1144 681 cum
1166 614 1250 680 inani
1272 617 1403 700 epistola
1434 617 1523 682 volui

172 714 233 784 ‚tad
256 726 286 779 te
307 712 522 778 Metrodorum
546 711 663 775 venire.

672 856 714 917 u.
758 852 814 936 (n.
841 855 873 918 u.
897 854 929 916 e.
952 854 1044 928 no.)

678 976 821 1040 CICERO
842 975 987 1038 ATTlCO
1010 976 1042 1037 S.

283 1093 309 1153 l.
333 1107 391 1154 xv.
413 1084 544 1151 Kalend.
566 1105 584 1149 e
599 1084 788 1150 Sinuessano
804 1084 1017 1171 proficiscens,
1041 1105 1111 1149 cum
1128 1083 1282 1149 dedissem
1301 1084 1340 1149 ad
1356 1094 1386 1150 te
1400 1085 1523 1150 litteras

195 1183 463 1265 devertissemque
484 1200 502 1243 a
525 1179 647 1253 Cumis,
669 1178 701 1241 in
723 1180 858 1246 Vescino
879 1179 984 1265 accepi
1006 1200 1023 1244 a
1047 1179 1210 1243 tabellario
1232 1188 1300 1243 tuas
1322 1178 1457 1255 litteras3
1489 1178 1521 1242 in

160 1273 309 1362 inquibus
325 1275 416 1338 nimis
438 1273 534 1339 multa
557 1271 596 1336 de
611 1271 773 1338 Buthroto.
810 1278 877 1338 Nou
900 1279 983 1338 enim
1004 1272 1061 1337 tibi
1083 1294 1118 1337 ea
1141 1295 1192 1338 res
1215 1273 1327 1337 maiori
1350 1293 1445 1338 curae
1468 1281 1522 1337 aut

195 1381 243 1436 est
264 1379 318 1434 aut
339 1375 399 1434 crit
421 1390 513 1453 quam
532 1367 618 1431 mibi.
655 1368 706 1432 Sic
720 1369 802 1432 enirn
825 1366 913 1432 decet
936 1382 965 1433 tc
988 1388 1056 1432 mea
1078 1388 1206 1438 curare,
1230 1375 1281 1430 tua
1304 1386 1364 1430 me.
1404 1367 1522 1443 Quam·

194 1463 305 1529 obrem
333 1463 366 1527 id
394 1461 521 1547 quidem
548 1460 593 1525 sic
620 1471 797 1548 susceptum
825 1469 872 1526 est
899 1460 991 1534 mibi,
1022 1469 1056 1524 ut
1078 1461 1153 1524 nibil
1176 1461 1234 1524 sim
1258 1458 1420 1524 habiturus
1442 1460 1520 1524 anti·

195 1558 297 1643 quius.
331 1561 361 1620 2.
384 1559 601 1620 L.1lutonium
624 1555 835 1619 contionatum
858 1576 926 1620 csso
941 1554 1074 1638 cognovi
1097 1555 1157 1619 tuis
1177 1553 1286 1617 litteris
1309 1565 1340 1617 et
1361 1553 1430 1617 aliis
1453 1573 1521 1617 sor·

195 1650 286 1729 dide;
308 1649 378 1722 scd,
401 1648 432 1713 id
455 1648 546 1734 quale
568 1647 678 1720 suerit,
701 1648 823 1723 nescim
847 1648 924 1713 nibil
946 1649 1037 1713 enim
1052 1648 1213 1733 scripsisti.
1257 1653 1303 1712 Dc
1322 1647 1520 1718 Menedemo,

161 1742 312 1833 inprobc;
341 1744 475 1820 Quintus
505 1751 590 1806 certe
616 1762 652 1806 ea
681 1741 814 1814 dictitat.
842 1764 921 1828 quae
949 1743 1069 1808 scribis.
1114 1743 1284 1809 Consilium
1315 1761 1420 1805 meum
1450 1749 1521 1804 ate

195 1837 339 1924 probari,
369 1834 453 1921 quod
476 1857 512 1899 en
535 1857 598 1901 uon
619 1834 771 1910 scribam,
802 1858 882 1922 quae
905 1848 936 1903 tu
960 1859 978 1901 a
1000 1857 1050 1917 me
1072 1836 1259 1922 postularis,
1289 1835 1379 1900 lacile
1401 1834 1519 1919 patior;

194 1932 356 2018 multoque
371 1931 469 2013 magis
487 1928 516 1994 id
532 1928 697 2013 probabis,
715 1929 740 1992 si
756 1931 930 1994 orationem
946 1952 1032 2001 enm.
1055 1930 1094 1995 dc
1109 1952 1168 2016 qua
1186 1929 1279 1995 bodie
1294 1929 1333 1993 ad
1349 1937 1378 1993 tc
1393 1927 1519 2012 scripsi,

192 2024 317 2108 legeris.
361 2028 450 2101 Quae
479 2022 518 2087 do
539 2023 716 2105 legionibus
743 2024 867 2096 scribis,
896 2046 931 2089 ea
960 2047 1034 2090 vera
1064 2035 1145 2090 sunt.
1189 2024 1249 2091 Sed
1272 2045 1335 2088 uon
1364 2029 1439 2088 satis
1461 2021 1522 2088 boc

193 2118 269 2183 mibi
296 2117 414 2182 videris
443 2117 498 2181 tibi
528 2117 734 2203 persuasisse,
765 2118 877 2203 †quid
901 2118 940 2182 de
962 2119 1135 2184 Buthrotiis
1157 2122 1272 2182 uostris
1297 2137 1356 2203 per
1377 2126 1520 2180 senatum

155 2232 301 2296 insperes
329 2209 439 2275 contici
469 2231 578 2295 posse;
606 2212 728 2297 †quod
758 2222 845 2297 puto.
889 2218 1021 2278 Tantum
1043 2213 1124 2277 euim
1149 2211 1258 2276 video:
1290 2231 1352 2275 non
1375 2209 1522 2274 videmur

192 2327 262 2373 esse
289 2305 413 2372 victuri.
457 2304 572 2386 †Sed,
601 2311 693 2370 etiam
723 2328 780 2371 uos
810 2306 870 2371 boc
899 2307 998 2382 lallat,
1028 2307 1067 2373 de
1089 2307 1242 2372 Buthroto
1273 2315 1304 2369 te
1330 2325 1395 2369 nou
1425 2302 1521 2367 lallet.

191 2405 223 2465 3.
245 2405 290 2464 lle
307 2399 425 2464 Octavii
441 2399 587 2464 contione
602 2399 683 2463 idem
707 2401 824 2472 sentio,
847 2400 931 2486 quod
948 2412 996 2477 tu;
1019 2401 1229 2485 ludorumque
1252 2399 1319 2464 eius
1342 2406 1521 2484 apparatus,

193 2506 224 2558 et
246 2493 358 2559 Matius
379 2513 416 2557 ac
437 2494 614 2558 Postumius
637 2493 710 2557 mibi
734 2505 957 2577 procuratores
983 2515 1046 2558 nou
1069 2494 1206 2580 placent:
1246 2498 1378 2559 Saserna
1400 2491 1520 2573 collega

195 2586 317 2670 dignus.
361 2587 421 2651 Scd
444 2587 493 2651 isti
516 2608 640 2660 omnes,
663 2587 925 2672 qrtemadmoduni
948 2589 1057 2662 sentis,
1081 2609 1144 2653 non
1166 2589 1268 2652 miuus
1290 2586 1388 2652 otium
1411 2585 1522 2648 timent

153 2710 181 2752 υ
199 2701 292 2765 quam
315 2700 372 2745 nos
393 2702 490 2746 arma.
532 2682 661 2746 Balbum
684 2681 781 2746 levari
804 2682 919 2747 invidia
940 2702 998 2767 per
1012 2703 1070 2747 nos
1091 2683 1200 2756 velim:
1223 2681 1278 2746 sed
1300 2702 1340 2744 ue
1361 2680 1430 2765 ipso
1453 2678 1522 2764 qui·

191 2777 262 2840 dem
292 2773 324 2838 id
347 2773 414 2838 fiori
437 2796 529 2859 posse
558 2775 694 2839 conlidit.
738 2780 845 2861 ltaque
867 2776 925 2840 alia
948 2777 1073 2861 cogitat.
1116 2781 1146 2841 l.
1171 2775 1262 2853 Quod
1287 2780 1388 2860 prima
1411 2771 1522 2857 dispu-

191 2870 266 2933 tatio
288 2868 461 2933 Tusculana
485 2880 514 2932 te
536 2868 713 2939 confirmat.
736 2889 810 2932 sane
828 2869 967 2949 gaudem
991 2891 1092 2954 oeque
1115 2871 1198 2933 enini
1222 2869 1320 2932 ullum
1343 2877 1389 2930 est
1412 2864 1521 2951 perlu-

189 2966 274 3048 gium
299 2973 352 3027 aut
374 2964 485 3027 melius
507 2973 560 3027 aut
581 2963 730 3049 paratius.
763 2964 898 3027 Flamma
923 2965 1005 3049 quod
1022 2963 1102 3028 bone
1125 2965 1279 3048 loquitur,
1303 2982 1365 3025 uou
1388 2960 1521 3024 moleste

189 3057 269 3121 lero.
313 3057 595 3145 Tyndaritanorum
619 3076 727 3127 rausa,
751 3055 789 3119 do
812 3078 873 3142 qua
897 3058 1026 3136 †causa
1050 3057 1187 3128 laborat.
1212 3077 1293 3140 quae
1316 3056 1370 3128 sit,
1393 3055 1519 3136 ignoro.

152 3154 255 3215 nullos
277 3161 399 3221 tamen.
422 3151 646 3222 πεντέλοιπον,
671 3170 799 3213 movere
820 3152 876 3214 ista
899 3151 1057 3222 videntur,
1083 3152 1240 3236 inprimis
1263 3150 1404 3233 erogatio
1427 3168 1519 3232 pecu*

189 3244 269 3309 uiae.
307 3250 352 3310 lie
368 3245 519 3309 Alexione
541 3244 650 3320 doleo;
674 3244 743 3314 sed,
767 3245 914 3328 quoniam
934 3245 1085 3308 inciderat
1107 3246 1137 3308 iu
1154 3247 1195 3308 ito
1218 3265 1344 3328 gravem
1361 3240 1520 3311 morbum,

191 3335 270 3402 bene
301 3349 402 3402 actum
433 3360 503 3403 cum
534 3339 587 3403 illo
617 3338 766 3402 arbitror.
818 3342 905 3414 Quos
937 3350 1038 3401 tamen
1069 3339 1222 3403 secundos
1255 3337 1404 3408 heredes,
1439 3335 1520 3398 scire

190 3430 321 3502 vellem,
345 3440 376 3494 ct
398 3430 480 3495 diem
503 3436 688 3496 testamenti.

758 3557 800 3564 ...-
809 3556 965 3565 -·-.-.
976 3559 1080 3566 *—
1088 3559 1253 3567 ...-.....,.,..-.-.
1263 3552 1519 3566 ,μ

259 3613 286 3660 2.
313 3618 358 3660 tuo
382 3626 435 3660 om.
465 3612 485 3661 l.
506 3639 535 3649 -
573 3613 746 3674 tuperaticus
765 3613 805 3672 M,
833 3630 991 3677 υπαττικος
1010 3616 1046 3674 n,
1072 3618 1224 3677 bpproticur
1244 3617 1263 3664 Ι.
1286 3640 1317 3650 -
1354 3610 1414 3676 scd]
1434 3620 1460 3662 et
1479 3611 1529 3674 pr.¹

190 3681 227 3731 M.
252 3701 278 3714 -·
301 3681 327 3730 3.
347 3685 433 3730 Attico
453 3686 511 3730 tota
530 3683 604 3731 Mnl.
644 3680 776 3745 (Correxit
797 3685 952 3744 Victorius.)
974 3712 1004 3720 —
1026 3685 1092 3735 Cutn
1114 3687 1243 3736 turribiuo
1263 3686 1354 3734 malim
1373 3689 1398 3734 ct
1416 3685 1522 3743 procia·

190 3753 262 3799 rime.
292 3751 341 3800 Oa.
360 3774 391 3784 --
411 3752 436 3799 d.
458 3751 600 3800 Noricum.
615 3753 647 3800 n.
665 3777 693 3786 -
714 3766 760 3800 nec
773 3761 834 3803 ante
847 3757 902 3802 sinc
920 3770 974 3803 ont.
991 3756 1011 3802 1.
1028 3782 1057 3790 -
1077 3756 1102 3804 8.
1124 3756 1253 3805 Srtecruno
1267 3757 1287 3803 l.
1302 3782 1335 3789 -
1353 3755 1379 3805 9.
1400 3752 1522 3801 divertit·

190 3821 399 3884 semiplenum.
415 3846 445 3855 -
461 3836 478 3869 n
493 3819 590 3882 cumo]
605 3824 710 3869 ectitius
723 3822 748 3870 M
755 3825 773 3870 Ι,
791 3848 820 3857 -
838 3826 944 3873 Vescino
958 3826 1022 3874 t‘od.
1039 3828 1064 3873 in
1081 3841 1134 3885 mg.
1148 3829 1250 3889 llepett.
1267 3826 1376 3874 bamb-t
1394 3825 1521 3871 l'etciano

191 3892 287 3942 niun.
327 3892 936 3953 (cu.ttenueiumaotu1·an.·z,tno.t-
967 3894 1224 3958 litterarlept'stoias
1245 3898 1274 3944 n.
1297 3919 1325 3930 ·-
1362 3895 1404 3944 ld.
1424 3894 1522 3955 scripti

191 3977 237 4078 u.
253 3963 297 4080 tt.
318 4032 336 4079 t.
367 3962 425 4080 di?
443 3962 807 4093 {tutatututu.
835 3962 880 4066 l‘]
899 3966 1021 4097 titt,
1041 3991 1097 4084 ζ...-
1105 3964 1468 4097 ¹l·1.'”⁹-“''².ibi¹l'lt.³il
1488 3988 1520 4082 ἱ

192 4101 329 4152 tirouovio
350 4103 442 4149 malim
464 4104 518 4162 qast.
540 4102 590 4150 On.
614 4130 641 4138 -
664 4102 804 4150 Buthrotii
824 4103 855 4151 R.
878 4130 907 4140 —
928 4107 969 4150 tn.
991 4103 1071 4167 quod]
1091 4107 1157 4155 Cum
1179 4108 1199 4155 l.
1220 4108 1248 4155 F.
1270 4106 1407 4155 Gronovio
1426 4103 1520 4153 malim

190 4171 283 4220 Marad.
304 4174 353 4222 tta.
376 4196 405 4206 -
426 4173 496 4220 enim
510 4174 684 4221 odiitmoidco
704 4175 735 4222 n.
758 4196 788 4206 -
809 4176 851 4222 at.
871 4176 966 4223 uictori
984 4178 1021 4225 M.
1042 4201 1075 4210 -
1094 4178 1143 4226 Sed
1156 4182 1237 4226 citcui
1255 4178 1299 4227 M:
1318 4175 1385 4234 sed,
1403 4178 1425 4223 n·
1439 4175 1520 4222 etium

191 4241 252 4300 nn,
273 4240 450 4290 Sedctlamsl
470 4243 489 4290 l.
518 4241 628 4291 Malim:
648 4242 713 4295 Sed,
732 4245 867 4292 uterium.
898 4245 952 4293 tllr.
975 4245 1054 4293 buius
1074 4247 1136 4296 librl
1156 4249 1202 4310 Ep.
1222 4247 1255 4303 5,
1275 4247 1302 4295 2.
1331 4245 1379 4295 On.
1402 4269 1435 4279 -
1459 4245 1521 4292 boec

193 4313 221 4360 n.
247 4338 272 4348 -
296 4312 340 4360 93.
361 4313 498 4360 Postumus
517 4327 557 4375 pr.
577 4313 614 4361 M.
637 4337 668 4347 -
688 4320 877 4374 procuratores
895 4316 950 4362 cius
968 4328 1022 4364 non
1041 4317 1072 4364 n.
1093 4344 1125 4354 -
1152 4319 1195 4367 25.
1216 4317 1347 4365 lrtuidiam
1367 4330 1406 4378 pr.
1427 4315 1465 4363 bl.
1488 4335 1520 4348 -

191 4383 234 4431 26.
256 4377 322 4442 ulio]
343 4383 415 4431 Fort.
435 4383 499 4430 clio.
531 4383 581 4432 On.
605 4407 632 4417 -
659 4382 703 4429 27.
725 4389 763 4430 cst
780 4395 845 4430 rane
861 4386 1010 4446 perseniam
1030 4386 1060 4434 R.
1082 4412 1111 4422 -
1132 4388 1175 4436 28.
1195 4387 1318 4437 Flamnm
1335 4386 1377 4443 M,
1397 4383 1521 4433 Flauiam

193 4454 227 4507 n,
249 4451 342 4500 Fluma
362 4452 381 4499 l.
405 4476 435 4487 -
471 4452 514 4499 29.
541 4466 593 4515 qun
612 4466 693 4499 coum
712 4451 818 4500 loborat
835 4453 915 4502 XMl:
942 4470 994 4517 qua
1013 4464 1069 4504 tom
1087 4456 1193 4506 laborat
1211 4458 1247 4515 n.
1268 4470 1321 4520 qun
1340 4463 1393 4505 torn
1413 4454 1522 4503 laborat

193 4537 253 4571 rum
269 4522 335 4571 Cud.
352 4520 465 4569 llelmst.
484 4521 519 4577 E,
540 4537 592 4582 qua
611 4522 716 4570 loborat
735 4521 879 4571 Victorius.
911 4524 1003 4573 Malim
1023 4540 1085 4574 cum
1106 4529 1170 4577 (lod.
1192 4527 1279 4576 Ursini
1300 4533 1326 4575 et
1345 4539 1398 4586 mg.
1414 4526 1519 4586 Repeti.

195 4593 287 4641 lamb.
314 4606 365 4656 pua
385 4592 473 4639 l'onac
493 4591 606 4639 laboret.
640 4592 689 4641 On.
723 4619 748 4629 -
787 4594 829 4640 30.
859 4595 915 4642 llos
933 4601 1030 4644 tanuen.
1068 4596 1266 4648 Mauriitorrrov
1291 4610 1353 4645 cum
1380 4596 1459 4644 llosio
1482 4594 1521 4641 tli-

193 4663 304 4726 stinguit
323 4663 352 4712 E.
381 4663 453 4712 Fort.
473 4661 530 4710 Hoc
544 4667 631 4710 tomen
651 4660 795 4724 (gaudeola
814 4664 1050 4716 πεντίλοιπονηι.
1072 4668 1121 4718 02.
1137 4693 1168 4704 -
1188 4680 1292 4717 mouere
1312 4667 1331 4715 l.
1353 4688 1386 4702 -
1404 4666 1449 4716 st.
1469 4659 1519 4725 ito]

193 4736 237 4783 tra
254 4748 296 4797 pr.
318 4733 360 4791 M,
380 4740 434 4782 tntu
456 4731 489 4781 Rl
509 4735 536 4780 et
554 4745 623 4781 corr.
646 4732 682 4781 M.
720 4730 891 4793 (erndnvlt
911 4735 1068 4794 Victorius.)
