3216 5408
163 249 226 312 ms
664 241 724 305 ΕΡ.
744 239 797 303 At)
818 238 991 304 A'l'l'lCllbl

164 403 233 469 fieri
266 411 299 466 et
320 406 444 486 oportet
464 405 496 462 et
517 415 598 482 opus
619 405 677 461 est.
723 401 770 461 [ie
790 393 1008 470 Andromene,
1043 405 1079 462 ut
1099 395 1241 474 scribis,
1283 400 1336 465 ita
1358 410 1515 488 putaram

164 501 282 563 scisses
303 494 387 560 enim
409 490 547 576 mihique
568 488 713 555 dixisses.
767 493 798 559 2.
820 495 867 555 Tu
888 499 993 554 tamen
1013 489 1056 554 ita
1077 491 1155 557 mibi
1178 491 1221 558 de
1246 499 1362 562 Bruto
1384 496 1514 575 scribis,

162 601 199 657 ut
220 590 258 655 de
290 597 322 654 te
343 584 430 651 nibil.
487 582 622 662 Quando
650 593 753 649 autem
781 583 869 648 illum
898 588 1014 668 putas?
1035 587 1127 649 llam
1150 606 1217 672 ego
1239 593 1390 656 Romam
1412 592 1516 679 pridie

162 685 246 750 ldus.
289 687 335 748 lta
361 678 450 744 volui
478 683 576 743 Bruto
605 676 746 742 scribere
774 713 816 723 -
846 675 901 742 sed
928 680 1077 762 quoniam
1105 688 1140 744 tu
1168 688 1202 745 te
1222 681 1356 767 legisse
1379 683 1512 762 scribis,

140 777 209 843 alui
236 776 370 841 sortasse
398 776 626 857 ἀσαφέστερος
655 807 695 818 -
723 791 774 835 mc
796 791 836 835 ex
865 770 928 835 tuis
954 771 1065 837 litteris
1094 772 1304 840 intellexisse
1328 779 1421 844 nolle
1443 801 1512 845 eum

162 892 212 935 me
234 868 323 956 quasi
344 866 554 953 prosequendi
576 864 625 931 sui
646 886 740 930 causa
761 871 892 930 Romam
914 885 997 929 nunc
1017 866 1137 931 venire.
1184 868 1252 933 Sed
1270 873 1436 956 quoniam
1453 875 1511 939 iam

161 963 249 1028 adest
278 983 367 1026 meus
394 961 559 1035 adventus,
593 959 640 1023 lac
668 979 802 1045 quaeso,
840 979 880 1022 nc
909 957 984 1045 quid
1012 979 1084 1024 eum
1105 959 1181 1027 ldus
1204 961 1413 1049 impediant,
1449 989 1510 1055 quo

161 1058 264 1122 minus
285 1076 343 1121 suo
366 1053 534 1119 commodo
556 1053 589 1116 in
610 1053 785 1118 Tusculano
808 1051 858 1132 sit.
901 1056 963 1116 Nec
984 1053 1067 1118 euim
1089 1053 1130 1118 ad
1150 1054 1305 1123 tabulam
1329 1080 1411 1125 eum
1432 1061 1509 1129 desi·

162 1149 327 1215 deraturus
348 1169 446 1212 eram.
490 1152 524 1210 ln
546 1147 600 1211 tali
622 1147 705 1211 enim
727 1147 854 1231 negotio
876 1166 934 1211 cur
955 1156 989 1213 tu
1010 1168 1091 1212 unus
1112 1167 1179 1214 non
1200 1151 1286 1216 satis
1310 1160 1373 1218 es?
1397 1155 1508 1223 Sedad

127 1262 152 1305 m
162 1252 378 1309 testamentum
407 1240 569 1318 volebam;
602 1239 689 1326 quod
716 1241 778 1304 iam
811 1241 894 1305 malo
923 1241 985 1305 alio
1012 1240 1079 1313 die,
1117 1262 1157 1306 ne
1187 1242 1233 1308 ob
1269 1266 1349 1311 eam
1383 1268 1508 1315 causam

160 1341 290 1402 Romam
319 1335 443 1399 venisse
475 1333 595 1398 videar.
649 1334 765 1418 Scripsi
799 1334 897 1418 igitur
930 1334 969 1399 ad
1009 1338 1139 1400 Brutum
1177 1341 1244 1401 iam
1274 1339 1384 1417 illud,
1427 1343 1507 1430 quod

161 1439 333 1515 putassem,
371 1428 448 1493 ldib.
471 1427 548 1491 nibil
570 1448 650 1511 opus
672 1448 750 1491 esse.
809 1426 910 1493 Velim
941 1449 1018 1513 ergo
1046 1436 1145 1492 totum
1168 1428 1233 1494 boc
1257 1432 1307 1498 ita
1331 1435 1505 1520 gubernes,

161 1532 197 1588 ut
223 1543 263 1586 ne
292 1521 419 1587 minima
448 1520 575 1606 quidem
605 1541 640 1584 re
667 1521 730 1585 ulla
758 1521 845 1585 Bruti
872 1521 1070 1587 commodum
1098 1521 1336 1607 impediamus.
1394 1534 1427 1594 3.
1450 1529 1506 1595 Sd

162 1615 238 1701 quid
267 1623 314 1679 est
344 1613 484 1686 tandem,
517 1612 602 1699 qnod
627 1613 867 1698 perhorrescas,
904 1620 977 1700 quia
999 1625 1053 1680 tuo
1075 1615 1220 1700 periculo
1245 1618 1388 1687 iubeam
1412 1622 1505 1689 libros

130 1708 231 1772 raderi
252 1708 409 1773 Varroni?
430 1708 614 1774 Etiamnunc
635 1708 663 1772 si
684 1707 826 1781 dubitas,
847 1707 897 1772 lac
917 1718 953 1774 ut
974 1709 1117 1774 sciamus.
1161 1710 1249 1778 Nibil
1275 1725 1329 1780 est
1343 1717 1436 1782 enim
1450 1718 1505 1783 illis

163 1802 345 1887 elegantius.
402 1803 483 1868 Volo
512 1809 707 1876 Varronem,
744 1802 929 1889 praesertim
957 1823 1028 1868 eum
1056 1802 1110 1868 ille
1132 1802 1323 1885 desiderem
1364 1811 1426 1878 sed
1447 1822 1503 1887 est,

164 1905 198 1963 ut
219 1896 295 1971 scis,

332 2019 446 2094 Δεινὸς
468 2018 563 2103 ἁνήρ·
587 2018 673 2096 τάχα
695 2043 748 2082 κεν
770 2029 826 2083 καὶ
849 2021 998 2084 ἀναίτιον
1018 2020 1181 2101 αἰτιόῳτο.

161 2146 207 2207 lta
234 2139 313 2207 mihi
342 2160 435 2226 saepe
463 2138 602 2203 occurrit
623 2139 727 2204 vultus
756 2138 838 2214 eins,
875 2140 1034 2227 querentis
1060 2139 1196 2208 sortasse
1217 2145 1275 2211 vel
1300 2145 1391 2225 boe,
1425 2171 1503 2216 mem

125 2249 153 2290 ²⁰
162 2245 266 2322 partes
292 2235 325 2299 in
357 2234 395 2298 iis
417 2231 507 2297 libris
528 2232 688 2319 copiosius
711 2232 853 2297 defensas
875 2255 943 2297 esse
965 2255 1057 2320 quam
1081 2255 1174 2314 suas3
1199 2239 1297 2324 quod
1323 2245 1503 2312 mehercule

162 2351 224 2394 uon
246 2349 315 2393 esse
337 2326 507 2410 intelliges,
539 2327 565 2390 si
588 2326 712 2412 quando
734 2327 767 2391 in
787 2328 916 2412 Epirum
940 2329 1074 2393 veneris.
1121 2334 1199 2395 Nam
1222 2355 1320 2400 nuuc
1341 2339 1503 2406 Alexionis

161 2423 301 2509 epistolis
333 2421 482 2486 cedimus.
533 2418 595 2484 Sed
624 2427 725 2483 umen
754 2441 813 2504 ego
835 2442 898 2487 non
927 2421 1060 2509 despero
1082 2422 1257 2509 probatum
1282 2429 1328 2494 iri
1352 2435 1501 2512 varrone

162 2527 193 2582 et
215 2517 264 2588 id,
301 2514 448 2601 quoniam
479 2518 651 2598 impensam
678 2512 807 2579 lecimus
834 2515 865 2579 in
893 2517 1095 2592 macrocolla,
1131 2517 1225 2584 lacile
1253 2525 1374 2609 patior
1396 2528 1501 2593 teneri

162 2610 224 2676 Sed
246 2609 340 2673 etiam
362 2616 454 2692 atque
477 2608 569 2671 etiam
592 2607 679 2680 dico,
703 2617 758 2672 tuo
779 2610 921 2694 periculo
942 2610 1003 2675 liet.
1048 2614 1173 2688 Quare,
1197 2613 1224 2678 si
1249 2617 1448 2695 addubitas,
1467 2621 1502 2687 sd

125 2717 153 2760 ²⁵
162 2707 292 2768 Brutum
316 2711 525 2775 transeamus;
549 2709 596 2764 est
617 2700 700 2765 euim
716 2701 744 2765 is
760 2723 886 2788 quoque
901 2703 1093 2769 Antiocbius.
1138 2707 1164 2770 0
1187 2709 1411 2780 Academiam
1425 2716 1502 2782 vole

162 2798 252 2863 ticam
283 2804 313 2860 et
340 2795 387 2859 sui
410 2794 556 2868 similem,
590 2793 684 2858 modo
707 2793 784 2871 buc,
817 2795 912 2861 modo
934 2797 1022 2862 illuct
1066 2797 1145 2872 Sed,
1182 2821 1332 2886 quaeso,
1373 2810 1501 2896 epistola

160 2911 231 2955 mea
259 2888 298 2953 ad
326 2895 500 2953 Varronem
530 2885 658 2951 valdeuc
681 2887 736 2953 tibi
758 2890 896 2976 placuit?
928 2891 1007 2954 Male
1029 2891 1072 2954 mi
1094 2895 1149 2965 sit,
1185 2895 1213 2958 si
1234 2917 1395 2986 unquam
1417 2902 1502 2988 quid-

160 3004 254 3073 quam
277 2991 338 3046 tam
362 2980 471 3044 enitar.
510 2981 642 3064 Ἔργον.
690 2989 729 3046 At
751 3005 810 3067 ego
832 3004 871 3047 ne
893 2984 1001 3049 Tironi
1023 2984 1150 3070 quidem
1173 2985 1316 3069 dictavi,
1343 2995 1406 3082 qui
1426 3005 1501 3062 totas

160 3078 317 3166 περιοχὰς
338 3074 486 3162 persequi
507 3076 599 3150 solet,
622 3075 677 3140 sed
700 3077 866 3162 Spintharo
887 3076 1070 3166 syllabatim.

121 3270 149 3313 ,ο
606 3247 715 3308 mvl.
758 3244 814 3328 (A.
840 3248 872 3310 u.
895 3247 926 3310 c.
949 3249 1034 3332 roe.)

640 3358 782 3421 ucuno
805 3361 948 3423 surico
972 3362 1003 3424 S.

245 3477 273 3540 l.
305 3477 351 3537 De
383 3467 512 3552 Vergilii
541 3476 629 3553 parte
651 3467 742 3532 valde
763 3468 876 3554 probo.
921 3471 972 3535 Sic
994 3493 1065 3556 ages
1094 3473 1201 3557 igitur.
1244 3481 1288 3544 Et
1312 3482 1451 3568 quidem
1469 3481 1499 3548 id

160 3568 220 3630 crit
241 3571 397 3651 primum,
430 3564 610 3648 proximum
638 3563 774 3628 Clodiae.
820 3564 940 3641 Quodsi
969 3578 1128 3641 neutrum,
1152 3581 1280 3648 metuo,
1306 3597 1350 3641 ne
1376 3578 1497 3643 turbem

159 3669 189 3722 et
216 3660 332 3723 irruam
361 3658 393 3720 in
422 3662 569 3720 Drusum.
620 3659 834 3742 intomperans
857 3681 926 3723 sum
949 3660 979 3723 iu
1002 3662 1068 3726 eius
1090 3663 1138 3728 rei
1167 3665 1367 3750 cupiditate,
1408 3693 1498 3759 qnam

122 3752 250 3818 esnosti.
294 3755 400 3836 ltaque
428 3750 576 3814 revolvor
604 3748 772 3815 identidem
794 3752 826 3815 in
849 3755 1066 3819 Tusculanum.
1107 3757 1240 3832 Quidvis
1265 3762 1358 3827 enim
1383 3767 1497 3850 potius,

158 3866 253 3932 quam
273 3851 308 3907 ut
328 3865 392 3907 non
414 3842 470 3906 bac
491 3853 606 3907 aestate
628 3841 816 3910 absolvatur.
874 3851 904 3910 2.
927 3852 1009 3931 Ego,
1045 3858 1081 3914 ut
1102 3858 1224 3937 tempus
1248 3863 1302 3920 est
1328 3869 1495 3943 nostrum,

158 3990 1490 4020 --—-——-———-—-—-.-—„

227 4071 253 4121 2.
282 4071 346 4120 miii
372 4084 440 4133 quae
465 4071 510 4119 Rl.
538 4096 569 4106 -
607 4071 741 4119 didicisses
769 4073 799 4121 u.
828 4097 862 4106 -
899 4073 924 4121 ³.
941 4076 1031 4134 pridie
1055 4077 1125 4125 ides.
1163 4079 1209 4127 lta
1226 4079 1305 4130 volut
1322 4082 1419 4136 Bruto
1437 4087 1495 4138 Ass:

155 4141 227 4202 prid.
247 4141 276 4188 id
294 4143 334 4190 ita
351 4142 423 4189 tactui
441 4140 526 4189 lireio
545 4141 585 4198 R,
611 4142 699 4201 pridie
720 4141 788 4191 ldus.
828 4143 911 4191 Brssto
930 4146 970 4192 ita
988 4147 1061 4195 colui
1078 4161 1139 4195 enm
1158 4146 1243 4198 Codd·
1265 4151 1393 4219 Mnlssp.
1415 4156 1495 4208 13,-

158 4212 184 4260 5.
204 4225 408 4281 ασαφεστερον
434 4210 464 4258 li.
496 4236 523 4245 -
562 4210 589 4259 6.
616 4224 686 4259 princ
705 4225 758 4262 om.
779 4212 810 4261 R.
845 4238 873 4248 -
912 4213 938 4262 8.
958 4229 1007 4264 suo
1025 4216 1158 4266 commodo
1177 4232 1233 4269 om.
1256 4220 1289 4272 ll.
1323 4246 1362 4261 -
1403 4228 1432 4279 9,
1452 4239 1498 4276 m

159 4278 199 4343 tu]
220 4280 290 4328 cuitu
309 4281 339 4328 R.
369 4306 396 4315 -
436 4286 473 4327 est
491 4280 522 4328 A.
550 4303 578 4313 -
616 4281 659 4329 12.
680 4281 726 4330 lioc
749 4288 832 4330 totum
853 4282 882 4331 R.
915 4307 946 4318 -
984 4287 1026 4336 15.
1048 4289 1116 4335 enim
1134 4295 1171 4337 est
1190 4289 1212 4339 l.
1240 4315 1273 4326 —
1315 4294 1364 4344 19.
1388 4295 1497 4361 eiassti

158 4357 195 4400 est
222 4351 243 4398 1.
272 4372 303 4383 -·
339 4350 383 4397 21.
414 4349 545 4410 inteliiqes
570 4362 624 4398 non
652 4364 703 4400 esse
730 4350 803 4400 lllll.
842 4353 885 4407 (Ut
904 4367 971 4412 nos,
992 4355 1076 4406 Codd.
1107 4357 1181 4406 liosii
1208 4364 1235 4409 et
1259 4360 1448 4418 Cratander.»
1466 4388 1495 4402 ..

158 4422 202 4470 23.
221 4419 314 4469 Macro
333 4418 399 4466 collo
417 4419 454 4477 bl,
474 4419 568 4467 Marco
588 4420 661 4469 Collo
681 4421 702 4479 l,
722 4423 870 4471 maeroeolo
890 4422 919 4470 li.
938 4450 966 4461 -
1006 4427 1050 4476 25.
1070 4425 1213 4478 Antiochus
1229 4430 1263 4480 ll.
1284 4457 1316 4469 -
1338 4436 1389 4486 ῃ.
1410 4441 1449 4488 m·
1464 4436 1496 4485 sit

157 4494 182 4540 si
200 4491 256 4541 All:
274 4490 346 4538 misit
361 4489 385 4535 si
405 4489 448 4546 R,
475 4490 607 4546 sortisti,
627 4492 650 4538 si
669 4491 697 4539 E.
716 4516 749 4525 -
781 4491 824 4540 28.
839 4487 959 4560 Ἔργον.
980 4494 1014 4544 Ar
1032 4510 1079 4559 eqo
1099 4498 1136 4546 Y:
1156 4500 1240 4562 Erqo.
1261 4508 1295 4552 ot
1313 4517 1368 4567 eqo
1383 4506 1495 4566 thllll,

159 4574 220 4625 erpo
239 4559 318 4623 epol.
335 4585 366 4594 -
385 4558 429 4607 29.
441 4558 568 4618 Spintoro
580 4559 648 4619 Atti,
668 4560 791 4621 Spiotero
806 4562 827 4611 l.
856 4563 900 4625 (Ut
915 4577 974 4623 nos,
995 4564 1079 4616 Codd.
1095 4568 1191 4624 posit.)
1212 4595 1241 4606 -
1263 4571 1311 4621 32.
1330 4573 1493 4640 Ver-petetur

162 4630 268 4695 l'irpilii
286 4629 329 4679 lli.
351 4652 380 4664 -
416 4626 510 4689 probo]
531 4628 751 4690 Malim:probe.
773 4631 822 4682 On.
850 4656 880 4669 -·
919 4635 953 4682 Et
971 4634 1084 4700 quidem]
1103 4639 1233 4699 Equidem
1251 4641 1276 4691 l.
1300 4667 1333 4680 -
1375 4647 1424 4698 33,
1440 4647 1494 4711 μ’.

156 4713 235 4760 mum,
262 4695 425 4761 pressiorem]
451 4699 565 4757 primum
590 4701 734 4749 onesimum
752 4702 820 4761 MR,
849 4705 965 4763 primum
991 4712 1015 4754 et
1037 4711 1183 4758 mammem
1201 4710 1224 4762 l.
1263 4709 1312 4777 (Ut
1335 4729 1411 4778 nos,
1442 4731 1493 4783 ng.

156 4769 241 4827 Crat.)
267 4794 299 4804 -·
350 4783 382 4819 ne
413 4764 524 4829 turbem]
560 4781 606 4819 nee
631 4771 724 4822 urbem
756 4772 816 4821 llll.
850 4795 882 4806 -
919 4773 962 4825 et.
997 4777 1105 4828 teroem
1133 4779 1172 4832 Μ.
1211 4804 1240 4817 -
1292 4783 1341 4836 36,
1374 4789 1493 4841 opm.

156 4847 200 4890 ter
217 4840 256 4891 bl.
