3256 5400
175 242 217 307 28
606 234 882 301 nelsrommm
902 234 954 297 AB
976 234 1067 298 Fau.

174 407 305 486 prepter
325 396 405 462 haue
425 415 564 466 causam,
594 392 680 479 quod
701 390 832 457 mirifice
853 412 923 456 sum
944 389 1113 462 sollicitus,
1136 389 1283 476 quidnam
1306 389 1345 455 de
1367 389 1497 477 provin-

174 494 230 558 ciis
252 492 447 557 decernatur.
476 488 591 554 Mirum
613 507 664 550 me
686 484 877 551 desiderium
899 492 984 547 tenet
1003 483 1106 556 urbis,
1143 483 1329 549 incredibile
1351 504 1495 548 meorum

174 596 267 672 atque
294 584 327 649 in
348 582 458 669 primis
479 581 542 654 tui,
574 580 699 647 satietas
727 587 832 643 autem
859 576 1056 663 provinciae:
1094 577 1143 642 vel
1165 578 1239 664 quia
1260 576 1406 643 videmur
1427 597 1497 640 eam

173 680 288 746 lamam
316 675 493 749 consecuti,
526 683 561 740 ut
589 676 653 739 non
674 682 737 737 tam
767 670 906 737 accessio
935 669 1130 756 quaerenda,
1167 692 1262 758 quam
1283 670 1409 737 iorturm
1431 692 1498 735 me·

149 772 287 839 stuenda
308 770 366 847 sit:
387 769 438 834 vel
460 767 534 855 quia
555 776 655 833 totum
677 765 838 851 negotium
859 785 923 831 non
944 772 992 829 est
1010 764 1139 848 dignum
1153 762 1275 829 viribus
1289 766 1417 837 nostris,
1443 765 1501 852 qni

174 866 293 932 maiora
314 884 411 928 onera
433 862 467 927 in
488 883 524 926 re
545 860 670 947 publica
691 859 845 926 sustinere
867 868 898 924 et
919 858 1037 944 possim
1059 867 1090 923 et
1103 859 1239 936 soleam:
1262 858 1312 925 vel
1326 859 1401 945 quia
1420 857 1495 924 belli

172 959 275 1043 magni
298 956 392 1022 timor
413 953 593 1041 impendet,
625 952 711 1040 quod
733 952 878 1019 videmur
899 953 1056 1037 elingere,
1079 953 1105 1018 si
1127 951 1168 1017 ad
1189 953 1388 1018 constitutam
1412 952 1496 1017 diem

173 1050 368 1116 deeedemus.
426 1053 456 1113 2.
485 1053 532 1113 De
553 1047 730 1134 pantheris,
752 1067 810 1133 per
831 1067 909 1120 eos,
936 1047 992 1133 qui
1013 1046 1121 1111 venari
1142 1047 1262 1119 solent,
1285 1047 1388 1131 agitur
1410 1068 1497 1111 man·

173 1143 248 1208 datu
278 1165 350 1208 meo
372 1142 553 1226 diligenter:
589 1139 645 1206 scd
666 1140 747 1205 mira
769 1140 906 1224 paucitas
928 1149 993 1215 est,
1025 1149 1057 1205 et
1085 1162 1154 1214 eas,
1186 1162 1266 1227 quae
1287 1150 1375 1214 sunt,
1406 1139 1495 1205 valde

136 1257 164 1300 ιο
172 1237 260 1302 aiunt
281 1238 386 1322 queri,
410 1237 496 1323 quod
517 1236 593 1300 nihil
607 1236 752 1321 cuiquam
768 1234 952 1300 insidiarum
971 1233 1003 1297 in
1017 1255 1085 1298 mea
1098 1233 1259 1320 provincia
1275 1234 1335 1300 nisi
1349 1233 1410 1299 sibi
1427 1233 1495 1311 liat:

172 1330 277 1415 itaque
298 1329 496 1394 constituisse
518 1328 664 1393 dicuntur
684 1328 717 1392 in
740 1328 861 1394 Cariam
883 1349 923 1392 ex
939 1337 1045 1393 nostra
1059 1328 1221 1414 provincia
1237 1326 1401 1392 decedere.
1436 1325 1497 1391 Sed

172 1432 276 1489 umen
298 1422 408 1487 sedulo
429 1422 479 1494 fit,
503 1423 587 1486 etin
609 1421 719 1508 primis
740 1442 758 1485 a
779 1420 912 1486 Patisco.
963 1421 1124 1507 Quidquid
1146 1421 1228 1496 erit,
1251 1420 1309 1485 tibi
1330 1419 1407 1497 erit:
1442 1419 1496 1484 sed

173 1515 248 1602 quid
271 1524 374 1589 esset,
397 1515 488 1601 plane
510 1514 735 1580 nesciebamus.
773 1513 848 1579 Mihi
869 1513 1048 1578 mehercule
1069 1513 1203 1599 magnae
1225 1535 1320 1579 curae
1342 1523 1390 1579 est
1411 1513 1497 1579 aedi-

173 1610 243 1675 litas
267 1618 332 1675 tua:
349 1608 423 1694 ipse
445 1608 511 1673 dies
534 1630 584 1673 me
606 1606 812 1682 admonebat;
834 1607 946 1693 scripsi
968 1607 1052 1672 enim
1073 1607 1152 1673 haec
1165 1607 1241 1692 ipsis
1255 1605 1495 1692 Megalensibus.

138 1706 222 1767 ssTu
244 1701 337 1766 velim
360 1702 398 1766 ad
420 1723 471 1766 me
493 1701 532 1766 de
554 1701 640 1767 omni
661 1700 709 1765 rei
731 1699 872 1785 publicae
893 1709 975 1765 statu
996 1721 1092 1787 quam
1111 1700 1348 1785 diligentissime
1362 1699 1497 1783 perscri-

173 1794 251 1860 bas:
274 1817 311 1859 ea
333 1795 418 1859 enim
439 1795 611 1860 certissima
632 1791 764 1880 putabo,
787 1814 867 1880 quae
890 1814 931 1859 ex
953 1803 984 1858 te
1006 1814 1158 1879 cognoro.

636 1919 707 1979 mr.
751 1915 800 1998 (A.
826 1917 859 1979 e.
882 1918 913 1979 e.
936 1913 1022 1998 aee.)

377 2023 417 2084 u.
441 2020 583 2085 cronno
606 2021 685 2082 no.
708 2021 739 2082 s
761 2022 798 2082 n.
820 2022 861 2083 u.
884 2019 1184 2083 emmennone
1207 2021 1292 2084 eun.

259 2124 287 2185 l.
310 2120 467 2186 Sollicitus
488 2119 634 2207 equidem
656 2140 743 2185 eram
765 2119 804 2184 de
825 2118 921 2185 rebus
942 2120 1092 2198 urbanis;
1125 2121 1168 2185 ita
1190 2122 1400 2186 tumultuosae
1423 2143 1497 2186 con-

135 2215 293 2288 sutiones,
325 2215 368 2279 ita
402 2214 552 2278 molestae
582 2213 796 2299 Quinquatrus
821 2213 1049 2279 afferebantur:
1082 2236 1153 2280 narn
1183 2215 1330 2280 citeriora
1358 2216 1496 2281 nondum

173 2307 389 2373 audiebamus.
433 2306 494 2372 Sed
516 2315 620 2370 umen
642 2305 718 2371 nihil
739 2328 790 2371 me
811 2307 911 2392 magis
933 2307 1136 2381 sollieitabat,
1158 2328 1252 2395 φιιιιι
1275 2310 1307 2372 in
1329 2309 1377 2374 his
1399 2310 1498 2374 mole·

173 2401 241 2466 stiis
263 2422 325 2466 non
347 2421 414 2474 me,
451 2401 478 2464 si
499 2420 580 2486 quae
601 2398 730 2464 ridenda
752 2410 871 2475 essent,
894 2401 999 2466 ridere
1020 2411 1144 2467 tecum:
1176 2410 1248 2466 sunt
1270 2402 1352 2465 enim
1377 2402 1497 2479 multa:

173 2495 228 2559 sed
251 2515 287 2558 ea
311 2515 374 2559 non
396 2493 498 2558 audeo
520 2491 669 2557 seribere.
726 2492 805 2558 lllud
826 2495 957 2561 moleste
979 2495 1069 2570 iero,
1092 2496 1167 2561 nibil
1190 2517 1242 2560 me
1264 2494 1366 2560 adhuc
1387 2497 1436 2561 his
1458 2497 1497 2560 de

172 2587 269 2652 rebus
291 2586 409 2651 habere
441 2596 565 2651 tuarum
587 2586 771 2651 litterarmn.
830 2590 937 2665 Quare
959 2589 1033 2661 etsi,
1063 2610 1133 2655 cum
1157 2598 1190 2653 tu
1214 2589 1291 2653 haee
1313 2589 1414 2674 leges,
1437 2611 1498 2674 ego

136 2681 235 2745 seiam
251 2701 389 2745 annuum
405 2701 517 2744 munus
532 2678 714 2755 confecero,
736 2690 840 2745 tamen
862 2681 974 2747 obviae
995 2683 1071 2748 mihi
1093 2683 1185 2748 velim
1202 2683 1264 2748 sint
1277 2692 1349 2746 tuae
1365 2682 1497 2757 litterae,
1609 2670 1618 2721 ·’

173 2796 255 2862 quae
284 2795 335 2838 me
367 2773 512 2839 erudiant
538 2772 577 2837 de
599 2772 685 2837 omni
713 2773 914 2861 republica,
937 2797 976 2840 ne
999 2776 1113 2862 hospes
1135 2776 1227 2862 plane
1251 2775 1385 2840 veniam.
1429 2780 1498 2841 iloe

173 2869 286 2934 melius
309 2888 402 2953 (ιιιιιιι
426 2876 460 2932 tu
481 2866 587 2931 iacere
608 2887 702 2932 nemo
723 2877 835 2954 potest.
878 2873 909 2933 2.
931 2869 1089 2954 Diogenes
1105 2878 1192 2942 tuus,
1216 2869 1312 2934 homo
1327 2868 1497 2943 modestus,

172 2984 191 3027 a
214 2984 264 3027 me
285 2982 358 3026 cum
379 2961 509 3027 Philone
531 2959 714 3025 Pessinunte
736 2961 887 3027 discessit.
941 2968 1004 3028 lter
1027 2960 1183 3027 habebant
1204 2960 1245 3026 ad
1266 2962 1497 3047 Adiatorigem:

172 3076 362 3143 quamquam
384 3054 491 3120 omnia
513 3074 571 3118 nec
592 3052 726 3139 benigna
749 3076 806 3119 nec
828 3056 955 3142 copiosa
978 3064 1161 3140 cognorant.
1205 3055 1344 3128 Urbem,
1367 3055 1496 3128 urbem,

135 3148 216 3214 omi
238 3148 333 3223 Rufe,
370 3148 440 3213 cole
469 3146 559 3212 etin
587 3147 646 3212 ista
667 3148 736 3214 luce
758 3149 839 3214 vire.
897 3148 1006 3215 Omnis
1027 3149 1241 3235 peregrinatio
1264 3187 1304 3196 -
1329 3149 1416 3236 quod
1437 3171 1497 3235 ego

172 3240 213 3307 ab
235 3241 445 3307 adolescentia
467 3240 604 3306 iudicavi
627 3281 666 3291 -
688 3241 822 3307 obscura
840 3252 870 3307 et
891 3243 1018 3308 sordida
1032 3244 1087 3316 iis,
1111 3264 1248 3330 quorum
1263 3243 1416 3308 industria
1435 3250 1498 3309 llo-

172 3356 243 3400 mae
264 3345 367 3422 potest
387 3333 517 3400 illustris
539 3355 617 3398 esse.
662 3335 755 3411 Quod
777 3356 849 3400 cum
871 3335 970 3422 probe
993 3336 1124 3410 scirem,
1147 3337 1267 3401 utinam
1289 3337 1321 3401 in
1344 3336 1496 3402 sententia

171 3428 433 3514 permansissem!
468 3432 545 3494 Cum
574 3449 638 3502 una
660 3428 838 3495 mehercule
860 3429 1124 3495 ambulatiuncula
1147 3439 1242 3516 atque
1265 3452 1328 3494 uno
1351 3450 1497 3493 sermone

172 3529 281 3585 nostro
304 3541 413 3584 omnes
434 3520 555 3586 iructus
577 3520 759 3607 provinciae
781 3542 844 3587 non
866 3523 1006 3587 coniero.
1060 3528 1090 3588 3.
1114 3528 1214 3608 Spero
1238 3545 1288 3587 me
1312 3521 1498 3606 integritatis

134 3612 296 3679 mlaudem
318 3623 531 3679 consecutum.
574 3618 642 3679 Non
664 3624 731 3679 erat
753 3615 858 3679 minor
874 3638 913 3679 cx
929 3616 1174 3690 contemnenda,
1198 3638 1292 3703 quam
1308 3625 1355 3679 est
1369 3637 1408 3679 ex
1424 3637 1518 3679 con·.

172 3716 295 3771 servata
317 3706 490 3792 provincia.
535 3711 627 3791 Spem
650 3707 822 3792 triumphi?
844 3709 958 3794 inquis.
1003 3713 1083 3773 Satis
1105 3710 1243 3793 gloriose
1259 3709 1497 3795 triumpharem.

171 3804 240 3863 Non
261 3821 363 3863 essem
386 3798 512 3884 quidem
535 3800 655 3864 tamdiu
676 3800 707 3864 in
730 3800 888 3866 desiderio
910 3823 1018 3866 rerum
1041 3802 1116 3866 mibi
1133 3803 1378 3867 carissimarum.
1425 3801 1497 3873 Sed,

171 3903 206 3958 ut
220 3915 331 3980 spero,
354 3893 538 3980 propediem
555 3904 584 3959 te
600 3893 724 3958 ridebo.
747 3900 792 3959 Tu
813 3895 889 3959 mihi
908 3894 1034 3960 obviam
1053 3895 1141 3961 mitte
1160 3895 1309 3980 epistolas
1325 3906 1355 3960 te
1377 3894 1498 3980 digeras.

634 4018 721 4079 ιιιι.
765 4014 815 4096 (a,
841 4020 873 4080 u.
896 4020 927 4080 c.
950 4020 1035 4098 rec.)

134 4154 162 4197 ω
376 4122 417 4183 ιι.
441 4120 583 4184 crosno
605 4121 684 4182 ιιιι.
708 4121 739 4182 s
761 4122 798 4182 n.
820 4123 859 4183 u.
883 4122 1026 4184 enemo
1048 4123 1181 4184 ιιιιιιιι
1203 4124 1288 4186 cen

259 4227 286 4287 l.
308 4226 406 4288 Rarus
429 4230 498 4284 tuas
519 4219 646 4306 quidem
664 4256 701 4265 —
715 4220 847 4285 iortasse
870 4222 952 4287 enim
976 4243 1040 4286 nen
1062 4222 1265 4307 perferuntur
1288 4256 1326 4265 -
1350 4222 1405 4287 sed
1428 4245 1500 4287 sua·

172 4336 227 4382 ves
241 4315 362 4401 accipio
376 4315 513 4379 litteras:
536 4313 585 4378 vel
609 4335 688 4399 quas
704 4313 850 4398 proxime
865 4334 1063 4400 acceperam,
1086 4338 1180 4401 quam
1195 4314 1380 4401 prudentcsl
1404 4338 1499 4402 quam

240 4469 268 4519 4.
295 4465 362 4532 tom]
388 4470 442 4516 iam
466 4462 507 4517 u:
531 4488 560 4500 -·
598 4465 624 4514 8.
650 4467 779 4515 mandato
803 4480 859 4514 meo
880 4466 1046 4517 Lambinus:
1075 4470 1230 4518 mundatum
1249 4484 1278 4518 eo
1297 4469 1343 4527 Μ,
1372 4469 1500 4519 ηιαιιιιαιο

171 4552 228 4589 meo
248 4539 278 4588 ll.
298 4537 352 4588 etr.
373 4551 421 4601 pro
441 4537 514 4586 Sulla
534 4531 563 4597 Q.
583 4535 625 4585 65.
645 4561 678 4569 —-
716 4538 758 4585 12.
779 4537 899 4586 Patischo
918 4537 954 4586 Μ.
976 4539 1046 4587 l'orl.
1067 4539 1183 4596 Potitio,
1203 4546 1231 4588 ιιι
1250 4545 1289 4588 est
1308 4541 1379 4601 apud
1400 4540 1498 4602 Script.

172 4608 241 4659 Belli
261 4609 336 4657 Ales.
357 4622 382 4657 c.
403 4606 446 4657 ab.
467 4607 518 4657 Οιι.
548 4630 580 4640 -
616 4605 661 4654 25.
681 4613 741 4655 tuoe
760 4607 863 4655 litterae
882 4605 927 4655 lli:
948 4608 1051 4657 litterae
1069 4616 1129 4658 tuoe
1147 4609 1177 4657 li·
1209 4634 1242 4642 -
1280 4609 1324 4658 28.
1345 4610 1500 4659 Pessinunte

172 4679 252 4731 liert.
274 4679 337 4740 Lag.
358 4698 392 4713 -
408 4679 444 4726 od
462 4676 640 4739 Adioton‘qem
659 4675 822 4726 Taurelios:
843 4677 1020 4740 odiotoreqem
1038 4678 1081 4736 Μ,
1100 4679 1136 4727 cd
1155 4679 1308 4727 Deiotarum
1326 4693 1409 4743 regem
1425 4680 1454 4728 ll.
1468 4704 1498 4714 -

173 4748 217 4799 ³1.
236 4750 345 4798 sordide
363 4747 407 4797 hl:
437 4747 546 4795 sordido
564 4752 599 4794 est
620 4744 649 4794 ll.
683 4770 713 4779 -
751 4748 794 4796 35.
814 4761 892 4810 qoam
911 4755 947 4795 est
967 4764 999 4796 er
1019 4748 1063 4797 lll:
1095 4762 1174 4811 qoem
1191 4763 1223 4796 ea:
1242 4748 1271 4797 E.
1307 4775 1334 4784 -
1374 4749 1417 4798 36.
1443 4762 1499 4811 sym

174 4831 246 4869 corr.
266 4819 303 4870 ll.
326 4844 354 4854 -
379 4817 576 4879 triumpharem.
595 4815 653 4864 Non
668 4815 711 4864 ll:
731 4819 929 4880 triumpharem,
939 4817 1062 4868 ciconii.
1078 4840 1109 4851 -
1127 4818 1171 4867 42.
1182 4820 1322 4879 premente:
1331 4819 1478 4868 Lambinus
1492 4833 1498 4866 :

172 4889 309 4950 ρπιιιοιιιιι
327 4888 354 4937 M
375 4884 414 4950 (in
434 4901 487 4950 quo
505 4893 545 4936 est
564 4885 708 4935 accusativi
728 4886 825 4950 forma)
845 4889 874 4938 Ε.
