3256 5400
175 230 237 290 776
683 217 742 279 ΕΡ.
765 218 816 279 AD
839 217 997 279 BDDTUD

176 408 258 451 rnen.
301 388 356 448 Est
384 379 467 445 enim
497 396 569 462 spes
591 374 693 440 omnis
721 373 750 436 in
773 377 871 436 Bruto
900 359 1112 459 expediendo,
1143 374 1183 440 de
1205 394 1272 460 quo
1302 369 1526 436 vehementer

176 479 373 546 timebamus.
416 478 446 536 2.
474 475 541 554 Ego
563 469 613 534 hic
635 489 705 532 cum
727 466 854 532 homine
876 465 999 532 lurioso
1021 468 1094 532 satis
1116 466 1217 534 habeo
1238 463 1387 553 negotii,
1412 463 1526 528 Servi-

176 575 235 649 lio,
258 591 352 658 quem
373 566 431 633 tuli
447 563 580 636 diutius,
603 582 695 648 quam
718 560 853 645 dignitas
874 582 944 625 mea
965 560 1157 648 patiebatur3
1181 561 1235 627 sed
1260 561 1319 627 tuli
1345 557 1401 624 rei
1415 555 1525 644 publi·

175 688 230 731 cae
252 684 360 737 causa,
382 681 422 724 ne
444 658 551 724 darem
573 654 704 742 perditis
719 654 840 721 civibus
861 654 1037 731 bominem,
1059 677 1169 742 parurn
1188 677 1300 722 sanum
1326 654 1426 719 illum
1450 656 1525 740 qni-

153 759 265 833 sdem,
287 755 342 822 sed
363 764 466 820 humen
488 751 642 823 nobilem,
666 770 730 835 quo
752 759 993 824 concurrerent:
1016 749 1102 836 quod
1123 750 1238 815 faciunt
1260 748 1369 815 nihilo
1394 746 1523 812 minus:

175 854 231 918 sed
253 872 326 916 eum
348 846 543 913 alienandum
567 841 773 930 erepublica
795 864 857 909 non
879 842 1036 929 putabam.
1072 844 1179 909 Finem
1200 843 1262 908 leci
1279 843 1354 909 eius
1378 838 1522 904 serendi.

177 951 331 1030 Coeperat
359 943 443 1007 enirn
466 960 534 1005 esse
563 947 645 1002 tanta
674 937 856 1010 insolentia,
887 945 922 1001 nt
942 937 1097 1002 neminem
1124 938 1258 1005 liberum
1283 939 1437 1004 duceret.
1487 937 1524 998 ln

175 1038 279 1106 Planci
307 1058 385 1101 vero
407 1055 500 1101 causa
522 1036 640 1097 exarsit
660 1029 836 1095 incredibili
859 1030 984 1105 dolore,
1013 1052 1198 1117 mecumque
1223 1054 1284 1120 per
1305 1031 1452 1098 biduum
1477 1028 1523 1095 ita

175 1130 335 1198 contendit
356 1138 387 1194 et
408 1149 490 1192 ame
512 1128 555 1191 ita
576 1126 692 1190 fractus
707 1132 769 1196 est,
792 1133 827 1189 ut
848 1145 919 1190 eum
942 1125 1174 1212 inperpetuum
1189 1125 1427 1193 modestiorem
1445 1143 1522 1209 spe·

143 1245 244 1291 terem
272 1224 353 1290 lore.
395 1231 496 1308 Atque
523 1220 556 1284 in
584 1219 641 1283 hac
667 1218 866 1283 contentione
893 1218 976 1303 ipsa,
1004 1239 1076 1284 cum
1099 1221 1233 1287 maxime
1262 1242 1316 1287 res
1340 1230 1517 1305 ageretur,

176 1341 204 1384 a.
227 1318 257 1384 d.
280 1342 309 1383 v.
332 1316 404 1383 ldus
425 1315 548 1402 Apriles
570 1313 692 1378 litterae
714 1311 789 1376 mihi
812 1312 843 1375 in
864 1320 973 1378 senatu
993 1313 1134 1378 redditae
1155 1326 1227 1380 sunt
1246 1338 1265 1380 a
1287 1313 1431 1380 Lentulo
1456 1332 1518 1376 no-

176 1424 259 1483 stro.
282 1412 321 1476 de
343 1409 465 1485 Cassio,
488 1408 527 1474 de
548 1404 740 1492 legionibus,
764 1405 803 1469 de
825 1407 931 1494 Syria;
954 1429 1031 1495 quas
1052 1413 1153 1473 statim
1176 1429 1247 1474 cum
1269 1408 1514 1480 recitavissem,

176 1505 288 1571 cecidit
309 1504 476 1578 Servilius,
504 1502 682 1587 complures
708 1509 886 1587 praeterea;
918 1512 990 1566 sunt
1010 1503 1091 1567 enim
1118 1503 1255 1589 insignes
1279 1504 1422 1589 aliquot,
1455 1501 1513 1588 qui

176 1596 407 1684 improbissime
429 1600 579 1662 sentiunt:
602 1595 657 1660 sed
671 1595 873 1660 acerbissime
895 1597 965 1661 tulit
979 1598 1130 1663 Servilius
1151 1619 1313 1664 assensum
1330 1617 1404 1662 esse
1431 1593 1511 1660 mihi

141 1708 167 1746 ¹³
177 1692 216 1757 de
239 1691 360 1756 Planco.
403 1695 549 1776 Magnum
572 1690 647 1756 illud
668 1698 843 1756 monstrum
865 1690 897 1756 in
918 1712 954 1756 re
975 1690 1099 1778 publica
1121 1701 1168 1757 est
1180 1699 1201 1722 '⁸
1224 1699 1236 1722 ·
1258 1698 1271 1722 ⁸

583 1888 641 1951 ΙΙΙ.
683 1890 832 1953 BRUTUS
856 1888 1039 1953 ClCERONl
1061 1891 1092 1953 S.

260 2033 273 2058 ·
295 2032 307 2057 *
331 2032 343 2057 ³
364 2027 419 2091 sed
441 2048 505 2113 quo
528 2047 584 2091 uos
606 2027 763 2104 amisisse,
793 2049 886 2114 quem
909 2027 954 2092 sic
975 2028 1084 2093 vexari
1107 2050 1124 2091 a
1146 2026 1306 2094 Dolabella
1328 2027 1449 2100 audio,
1471 2039 1507 2095 ut

177 2122 237 2187 iarn
260 2140 324 2184 non
345 2120 488 2186 videatur
509 2118 759 2185 crudelissimum
782 2121 849 2186 eius
872 2122 991 2187 lacinus
1014 2121 1189 2187 interiectio
1204 2122 1365 2191 Trebonii.
1402 2130 1506 2192 Vetus

176 2215 325 2281 Antistius
346 2235 396 2278 me
418 2222 521 2278 tamen
544 2214 673 2299 pecunia
696 2215 879 2281 sublevavit.
923 2216 1048 2288 Cicero,
1078 2214 1158 2280 filius
1181 2226 1267 2290 tuus,
1297 2219 1344 2283 sic
1364 2218 1446 2284 mihi
1468 2240 1505 2284 sc

139 2308 289 2397 reprobat
316 2308 486 2382 industria,
517 2309 677 2394 patientia,
708 2308 835 2383 labore,
864 2310 959 2374 animi
986 2309 1215 2394 magnitudine,
1244 2310 1331 2375 omni
1360 2312 1505 2399 denique

176 2404 297 2479 officio,
324 2412 359 2468 ut
385 2423 516 2487 prorsus
543 2424 700 2489 nunquam
724 2402 880 2468 dimittere
909 2404 1053 2469 rideatur
1075 2404 1311 2486 cogitationem,
1341 2406 1436 2471 cuius
1461 2406 1505 2473 sit

176 2495 268 2562 lilius.
312 2499 436 2573 Quare,
467 2496 615 2582 quoniam
638 2497 770 2562 allicere
783 2519 845 2562 non
867 2519 1009 2582 possum,
1037 2506 1072 2561 ut
1093 2497 1190 2582 pluris
1212 2496 1305 2562 facias
1327 2519 1421 2573 eum,
1446 2499 1504 2585 qui

177 2587 233 2653 tibi
261 2597 308 2653 est
335 2591 530 2665 carissimus,
560 2590 637 2655 illud
665 2590 768 2656 tribue
793 2591 910 2656 iudicio
933 2613 1021 2665 meo,
1053 2602 1087 2656 ut
1116 2589 1172 2655 tibi
1199 2591 1404 2676 persuadeas,
1436 2614 1505 2658 non

176 2682 245 2749 lore
266 2683 311 2749 illi
333 2683 524 2750 abutendum
545 2685 645 2768 gloria
663 2695 731 2760 tua,
754 2694 788 2751 ut
810 2685 997 2771 adipiscatur
1018 2685 1157 2751 honores
1172 2694 1327 2770 paternos.
1364 2685 1502 2752 Kalend.

141 2777 275 2864 esApril.
297 2776 511 2859 †Charachio.

617 2951 668 3012 IV.
712 2950 854 3015 CICERO
876 2949 1005 3014 BRUTO
1029 2952 1060 3013 S.

263 3093 291 3153 l.
319 3089 404 3153 Datis
426 3108 516 3152 mane
538 3110 566 3152 a.
589 3087 618 3152 d.
642 3109 688 3154 vr.
711 3089 756 3153 ld.
779 3089 875 3174 April.
899 3088 1021 3173 Scaptio
1049 3088 1177 3162 litteris,
1208 3089 1317 3153 eodem
1348 3089 1400 3155 die
1429 3098 1503 3155 tuas

177 3183 281 3268 accepi
300 3182 366 3247 Kal.
383 3182 479 3267 April.
521 3182 713 3269 Dyrrhachio
736 3182 821 3246 datas
844 3182 977 3267 vesperi.
1020 3186 1128 3267 ltaque
1150 3203 1241 3246 mane
1262 3183 1343 3268 prid.
1359 3184 1405 3249 ld.
1421 3191 1502 3270 Apr.

177 3298 246 3340 cum
269 3297 287 3339 a
309 3277 434 3360 Scaptio
456 3274 572 3338 certior
592 3275 690 3339 laetus
713 3296 813 3340 essem
837 3297 900 3340 non
922 3297 990 3340 esse
1012 3297 1067 3341 eos
1089 3277 1262 3360 profectos,
1292 3277 1406 3363 quibus
1433 3280 1502 3362 pri-

141 3370 228 3435 audie
251 3370 414 3442 dederam,
446 3379 476 3434 et
497 3369 599 3433 statim
622 3369 686 3442 ire,
716 3369 776 3433 hoc
796 3369 965 3454 paullulum
988 3369 1117 3433 exaravi
1139 3370 1206 3454 ipsa
1227 3370 1259 3434 in
1281 3370 1372 3436 turba
1394 3383 1503 3437 matu·

178 3466 258 3529 tinae
286 3463 488 3529 salutationis.
531 3468 561 3527 2.
590 3469 636 3527 De
666 3463 771 3530 Cassio
800 3463 900 3528 lactor
926 3474 957 3528 et
983 3464 1030 3527 rei
1057 3462 1201 3549 publicae
1230 3465 1386 3546 gratulor;
1418 3467 1501 3531 mihi

177 3562 284 3629 etiam,
309 3561 377 3642 qui,
399 3567 593 3641 repugnante
616 3567 646 3620 et
667 3557 818 3621 irascente
834 3561 945 3631 Pansa,
968 3558 1149 3621 sententiam
1173 3557 1324 3631 dixerim,
1347 3569 1382 3623 ut
1402 3560 1502 3624 Dola-

177 3648 290 3714 bellam
319 3648 401 3714 bello
424 3651 544 3715 Cassius
573 3660 825 3736 persequeretur.
869 3655 907 3715 Et
935 3651 1060 3738 quidem
1090 3651 1237 3716 audacter
1258 3651 1400 3717 dicebam
1429 3654 1500 3718 sine

177 3750 286 3807 nostro
308 3742 574 3806 senatusconsulto
603 3743 663 3806 iam
691 3742 769 3808 illud
791 3765 861 3808 eum
884 3744 1000 3809 bellum
1023 3766 1143 3828 gerere.
1186 3750 1231 3809 De
1255 3755 1284 3809 te
1312 3745 1405 3809 etiam
1429 3745 1499 3811 dixi

140 3849 260 3910 astum,
289 3856 369 3921 quae
399 3834 527 3899 dicenda
554 3836 670 3919 putavi.
714 3840 797 3899 Haec
825 3837 864 3901 ad
886 3847 916 3902 te
946 3839 1047 3903 oratio
1068 3837 1261 3923 perferetur,
1294 3840 1444 3924 quoniam
1468 3847 1499 3904 te

178 3931 270 3995 video
299 3929 444 3994 delectari
471 3928 648 4014 Philippicis
676 3930 801 3994 nostris.
850 3936 880 3999 3.
910 3931 1004 4008 Quod
1031 3953 1081 3995 me
1110 3931 1149 3996 de
1178 3932 1312 3997 Antonio
1341 3933 1498 4007 consulis,

178 4024 282 4111 quoad
308 4024 395 4088 Bruti
423 4022 541 4086 exitum
570 4023 787 4106 cognorimus,
823 4024 1060 4089 custodiendum
1089 4037 1176 4109 puto.
1224 4030 1271 4090 Ex
1299 4025 1337 4089 iis
1366 4026 1497 4102 litteris,

177 4140 254 4205 quas
282 4118 359 4183 mihi
387 4118 512 4192 misisti,
544 4117 704 4182 Dolabella
725 4118 827 4182 Asiam
857 4139 973 4183 vexare
1002 4118 1126 4183 videtur
1153 4128 1184 4183 et
1212 4120 1244 4183 in
1265 4140 1301 4182 ea
1327 4140 1361 4182 se
1383 4139 1499 4203 gerere

177 4213 346 4278 teterrime.
389 4211 609 4297 Compluribus
636 4223 737 4276 autern
764 4212 914 4297 scripsisti
935 4210 1126 4276 Dolabellam
1156 4235 1174 4277 a
1196 4212 1324 4279 Rhodiis
1347 4234 1416 4278 esse
1441 4236 1499 4279 ex-

141 4308 314 4384 soclusum;
344 4307 444 4392 quisi
473 4306 513 4371 ad
534 4306 678 4373 Rhodum
701 4306 844 4379 accessit,
873 4305 997 4370 videtur
1018 4306 1094 4370 mihi
1115 4308 1218 4372 Asiam
1240 4306 1416 4392 reliquisse.
1461 4308 1497 4373 ld

179 4403 205 4469 si
232 4403 274 4467 ita
302 4410 362 4474 est,
391 4401 459 4465 istic
486 4401 540 4466 tibi
567 4423 681 4466 eerrseo
708 4400 981 4478 commorandum
1010 4400 1059 4464 sin
1085 4423 1152 4465 eam
1174 4402 1269 4467 semel
1291 4402 1390 4487 cepit,
1417 4401 1498 4467 mihi

179 4496 286 4570 crede,
309 4501 321 4525 *
343 4500 355 4524 *
377 4516 439 4561 non
461 4496 530 4561 erit.
576 4496 620 4560 ld.
641 4495 738 4580 April.

183 4639 388 4651 -n—-n

249 4717 273 4765 1.
301 4714 462 4777 expedienda
486 4713 529 4763 Cr.
558 4736 591 4749 -
627 4712 653 4760 8.
676 4725 724 4772 per
743 4726 796 4761 om.
817 4712 846 4760 E.
878 4739 906 4749 -
946 4713 986 4761 15.
1012 4709 1060 4774 est]
1080 4712 1161 4760 Deest
1179 4711 1258 4761 huius
1278 4711 1498 4776 Epistotae'pars

180 4791 298 4836 extrema
322 4791 349 4833 et
367 4786 502 4847 sequentis
526 4782 674 4832 exordium.
704 4805 734 4817 -·
771 4783 816 4831 25.
840 4782 1006 4845 Dyrrhachio
1031 4783 1146 4832 correxit
1163 4782 1215 4832 Vb.
1241 4796 1272 4832 ex
1290 4783 1339 4846 Dp.
1358 4782 1391 4840 t,
1412 4785 1439 4833 1.
1460 4809 1495 4820 -

180 4859 223 4906 27.
243 4870 286 4906 ιιι.
306 4855 356 4904 Vb.
379 4879 405 4889 -
445 4856 488 4905 30.
509 4854 615 4903 dederat
633 4851 823 4902 bliddletonus.
845 4876 875 4888 -
912 4852 954 4902 37.
975 4849 1019 4914 its]
1038 4854 1077 4902 hta
1095 4853 1140 4904 Cr.
1160 4852 1190 4902 Ε.
