3256 5400
568 256 643 319 tls.
664 255 748 319 x111.
790 256 849 320 ΕΡ.
870 256 902 320 o.
925 255 975 320 10.
998 256 1047 320 tt.
1198 316 1199 320 ,
1401 259 1463 320 237

137 422 241 477 autem
265 409 461 496 temporibus
483 431 501 475 a
523 432 574 475 mc
596 411 764 477 Brundisio
786 432 857 477 cum
879 411 991 478 litteris
1013 422 1045 478 et
1065 412 1217 477 mandatis
1242 413 1401 499 proiectus
1422 413 1462 479 ad

138 509 303 571 Caesarem
331 515 394 581 est;
428 526 490 590 qua
520 505 550 569 in
578 527 614 569 re
642 515 673 570 et
701 526 841 570 amorem
870 505 939 570 eius
965 510 997 570 in
1020 506 1218 592 suscipiendo
1240 509 1368 593 negotio
1390 529 1463 594 per-

137 600 227 686 spexi
250 611 281 665 et
303 598 334 663 in
356 597 550 664 conficiendo
572 620 608 663 ac
630 599 836 664 renuntiando
860 598 961 665 iidem.
1018 599 1137 665 Videor
1158 600 1250 674 mihi,
1280 623 1352 667 cum
1374 622 1464 688 sepa·

136 694 228 758 ratim
261 692 300 758 de
328 691 484 778 probitate
506 693 574 757 eius
596 704 626 758 et
647 693 790 757 moribus
812 692 951 758 dicturus
973 691 1122 767 fuissem,
1159 694 1185 757 si
1208 697 1295 779 prius
1318 685 1459 768 causam,

136 808 288 853 curcum
310 794 395 849 tanto
417 806 515 871 opere
544 785 724 870 diligerem,
756 785 812 850 tibi
835 791 1069 871 exposuissem,
1101 787 1134 852 in
1155 787 1222 872 ipsa
1249 801 1342 854 causa
1363 798 1487 875 erpo-⁵

137 880 239 945 nenda
260 881 333 945 satis
355 879 446 943 etiam
470 879 508 944 dc
530 878 685 965 probitate
708 879 835 944 dixisse.
893 879 953 944 Sed
985 889 1087 943 tamen
1118 881 1284 964 separatim
1312 882 1462 967 promitto

138 975 168 1038 in
191 995 304 1060 meque
325 973 445 1058 recipIo
467 972 535 1037 iore
557 993 628 1036 cum
650 972 707 1037 tibi
729 983 760 1036 et
782 973 932 1058 voluptati
956 982 987 1036 et
1008 973 1089 1037 usui.
1132 978 1209 1038 Nam
1231 984 1262 1038 et
1285 975 1461 1041 modestum

137 1066 295 1130 hominem
330 1086 502 1150 cognosces
530 1075 561 1130 et
593 1065 760 1151 pudentem
792 1075 823 1129 et
851 1088 869 1130 a
896 1066 1064 1152 cupiditate
1091 1071 1175 1130 omni
1199 1068 1461 1142 remotissimum,

136 1170 300 1246 praeterea
321 1159 425 1244 magni
446 1159 564 1224 laboris
586 1180 787 1245 summaeque
809 1160 990 1225 industriae.
1033 1165 1064 1225 l.
1086 1165 1193 1245 Neque
1215 1181 1274 1245 ego
1297 1163 1373 1227 haec
1393 1163 1461 1248 pol·

138 1253 225 1318 liceri
255 1251 374 1325 debeo,
409 1274 490 1339 quae
512 1252 568 1317 tibi
590 1253 667 1338 ipsi,
704 1275 775 1318 cum
797 1252 877 1318 bene
900 1252 1063 1337 cognoris,
1102 1252 1265 1318 iudicanda
1287 1266 1382 1331 sunt;
1405 1253 1459 1319 sed
1475 1268 1501 1308 ¹⁰

136 1356 240 1411 tamen
267 1346 298 1410 in
328 1346 473 1411 omnibus
502 1346 592 1411 novis
621 1346 890 1412 coniunctionibus
912 1348 1059 1417 interest,
1096 1346 1196 1432 qualis
1217 1347 1338 1431 primns
1360 1346 1460 1412 aditus

136 1442 176 1507 sit
197 1453 228 1507 et
256 1463 317 1527 qua
339 1441 609 1506 commendatione
631 1442 721 1527 quasi
749 1441 902 1506 amicitiae
925 1442 1011 1506 sores
1033 1440 1224 1526 aperiantur.
1282 1439 1376 1517 Quod
1399 1460 1460 1525 ego

136 1535 185 1600 lais
217 1535 328 1601 litteris
356 1536 479 1599 efficere
507 1535 612 1612 volui;
642 1535 700 1599 etsi
731 1534 763 1598 id
794 1534 861 1620 ipsa
894 1555 953 1620 per
980 1556 1013 1599 se
1046 1532 1243 1598 necessitudo
1273 1544 1460 1620 quaesturae

136 1629 278 1693 ell'ecisse
299 1627 401 1693 debet.
446 1628 507 1693 Sed
528 1638 632 1692 tamen
653 1627 752 1692 nihilo
779 1627 934 1694 infirmius
957 1627 1034 1692 illud
1056 1627 1116 1691 hoc
1137 1626 1255 1692 addito.
1298 1631 1379 1694 Cura
1402 1629 1460 1712 igi·

136 1731 202 1794 tur,
225 1723 252 1786 si
274 1743 324 1786 me
347 1722 422 1786 tanti
444 1721 534 1795 lacis,
557 1720 664 1808 quanti
686 1730 717 1785 et
738 1726 839 1785 Varro
862 1721 1020 1785 existimat
1042 1730 1072 1784 et
1088 1721 1155 1806 ipse
1170 1721 1291 1792 sentio,
1313 1730 1348 1785 ut
1365 1741 1459 1806 quarn
1472 1734 1499 1777 ¹⁶

136 1816 272 1902 primum
294 1816 464 1899 intelligam
487 1814 565 1879 hanc
586 1836 686 1879 meam
707 1814 1009 1879 commendationem
1033 1824 1151 1879 tantum
1167 1814 1212 1879 illi
1227 1814 1367 1879 utilitatis
1380 1823 1461 1878 attu-

136 1910 224 1985 lisse,
247 1918 395 1997 qnantum
418 1918 450 1972 et
471 1908 537 1995 ipse
558 1907 694 1994 sperarit
715 1929 773 1972 uec
795 1928 855 1993 ego
878 1906 1056 1973 dubitarim.

614 2047 983 2132 mmumw

626 2170 768 2236 CICERO
790 2173 920 2235 BRUTO
943 2174 974 2235 S.

222 2289 250 2350 1.
283 2282 364 2362 Quia
393 2301 517 2367 semper
538 2280 743 2354 animadverti
765 2280 903 2346 studiose
926 2292 955 2346 tc
978 2303 1107 2368 operam
1137 2281 1228 2355 dare,
1265 2290 1361 2346 utne
1384 2280 1498 2368 quiden

135 2400 280 2444 meorum
302 2376 358 2442 tibi
380 2385 462 2440 esset
476 2376 631 2459 ignotum,
654 2383 821 2460 propterea
842 2396 905 2440 non
921 2375 1050 2450 dubito,
1073 2377 1148 2462 quin
1164 2375 1259 2448 scias,
1282 2376 1458 2440 nonsolum

135 2473 225 2538 cuius
246 2469 406 2556 municipii
427 2468 501 2540 sim,
525 2467 712 2542 sedetiam,
735 2488 828 2554 quam
851 2467 1017 2552 diligenter
1038 2470 1153 2534 soleam
1178 2489 1265 2532 meos
1287 2468 1459 2553 municipes

136 2567 298 2652 Arpinates
320 2564 411 2629 tueri.
455 2566 598 2640 Quorum
621 2561 746 2648 quidem
769 2561 873 2625 omnia
901 2561 1065 2626 commoda
1088 2582 1260 2646 omnesque
1283 2560 1457 2636 facultates,

136 2659 249 2745 quibus
279 2668 309 2723 et
344 2678 433 2722 sacra
465 2656 618 2720 conticere
651 2665 682 2720 et
717 2665 800 2719 sarta
822 2664 901 2719 tecta
923 2655 1046 2719 aedium
1069 2676 1228 2719 sacrarum
1252 2654 1459 2741 locorumque

136 2751 349 2816 communium
370 2750 452 2816 tueri
473 2750 610 2835 possint,
633 2749 807 2815 consistunt
827 2749 860 2813 in
882 2748 919 2813 iis
942 2747 1162 2833 vectigalibus,
1186 2768 1267 2832 quae
1290 2747 1498 2814 habentium

135 2844 296 2930 provincia
319 2844 428 2910 Gallia.
470 2843 516 2907 nd
539 2863 576 2906 ea
596 2841 723 2906 visenda
746 2841 977 2928 pecuniasque,
999 2862 1080 2928 quae
1102 2863 1119 2904 a
1141 2842 1261 2905 colonis
1284 2842 1459 2915 debentur,

136 2938 305 3023 exigendas
338 2946 495 3023 totamque
523 2958 590 3000 rem
625 2945 657 3000 et
684 2934 933 3020 cognoscendam
969 2944 1001 2998 et
1029 2933 1303 2999 administrandam
1341 2934 1459 3019 legatos

137 3032 257 3118 equites
278 3036 435 3096 Romanos
457 3029 618 3102 misimus,
652 3033 691 3108 Q.
713 3028 868 3094 Fufidium
891 3032 930 3106 Q.
953 3033 1004 3102 Μ,
1042 3033 1084 3093 Μ.
1107 3029 1260 3117 Faucium,
1279 3033 1319 3092 Μ.
1342 3033 1394 3100 F..
1419 3033 1459 3106 Q.

136 3130 326 3190 Mamercum
361 3127 400 3201 Q.
433 3129 466 3189 F.
522 3127 552 3187 2.
576 3128 651 3188 Peto
672 3143 690 3187 a
711 3131 741 3187 le
763 3122 795 3186 in
817 3122 969 3187 maiorem
990 3121 1119 3186 modum
1141 3143 1200 3207 pro
1223 3133 1329 3185 nostra
1352 3144 1461 3187 ueces-

136 3217 290 3292 situdiue,
312 3228 347 3282 nt
369 3217 425 3282 tibi
448 3238 485 3281 ea
506 3239 558 3282 res
579 3238 674 3282 curae
696 3216 736 3281 sit
756 3236 949 3302 operamque
971 3215 1043 3289 des,
1072 3226 1107 3279 ut
1128 3236 1185 3300 per
1207 3225 1237 3279 te
1260 3237 1352 3300 quam
1374 3238 1497 3286 com-so

136 3311 316 3377 modissIme
345 3311 505 3396 negotium
528 3310 688 3396 municipii
709 3308 943 3374 administretur
970 3329 1062 3395 quam
1092 3309 1291 3393 primumque
1314 3308 1458 3374 coniicia-

136 3416 201 3480 tur;
224 3405 388 3491 ipsosque,
419 3425 555 3491 quorum
577 3404 703 3468 nomina
732 3401 857 3487 scripsi,
894 3412 928 3466 ut
950 3422 1044 3488 quam
1066 3401 1377 3467 honorificentissime
1398 3423 1459 3488 pro

136 3508 188 3561 tua
211 3508 320 3563 natura
342 3507 487 3585 olquam
510 3496 726 3563 liberalissimo
749 3505 872 3559 tractes.
916 3500 946 3559 3.
968 3501 1072 3560 Bonos
1095 3495 1181 3560 viros
1197 3494 1236 3558 ad
1253 3505 1336 3559 tuam
1352 3517 1458 3562 neces·

134 3591 303 3657 situdiuem
332 3592 513 3658 adiunxeris
536 3590 801 3677 municipiumque
823 3589 1035 3674 gratissimum
1055 3588 1208 3653 beneficio
1232 3598 1286 3654 tuo
1310 3590 1461 3655 devinxe-

134 3684 195 3762 ris;
232 3685 308 3751 milri
330 3707 406 3751 vero
428 3685 521 3749 etiam
544 3685 663 3769 gratius
685 3683 811 3758 seceris,
834 3682 1012 3769 quodcum
1035 3704 1160 3768 semper
1182 3683 1262 3746 tueri
1287 3683 1498 3769 municipem

135 3799 223 3844 meos
251 3778 419 3855 consuevi,
452 3788 518 3844 tum
547 3778 596 3842 hie
623 3799 721 3842 annus
747 3777 914 3861 praecipue
945 3776 983 3840 ad
1006 3798 1106 3840 meam
1129 3797 1236 3841 curam
1259 3777 1459 3862 olliciumque

135 3872 278 3960 pertinet.
328 3878 403 3937 llam
442 3871 649 3936 constituendi
685 3869 844 3955 municipii
879 3889 971 3933 causa
999 3868 1059 3934 hoc
1096 3891 1179 3934 anno
1205 3870 1337 3934 aedilem
1360 3870 1459 3936 lilium

136 3988 240 4032 meum
261 3965 330 4031 lieri
353 3965 438 4031 volui
459 3974 490 4029 et
510 3965 616 4029 fratris
639 3964 735 4028 lilium
758 3973 789 4026 et
810 3967 851 4027 Μ.
874 3962 1034 4036 Caesium,
1057 3961 1214 4027 hominem
1231 3964 1306 4026 ruihi
1323 3964 1459 4028 maxime

137 4059 362 4138 necessarium
399 4059 426 4125 is
462 4058 545 4123 euim
576 4057 773 4142 magistratus
803 4055 834 4119 in
861 4065 971 4120 nostro
999 4055 1170 4141 municipio
1199 4078 1256 4121 nec
1278 4057 1356 4121 alius
1377 4058 1460 4123 ullus

135 4151 237 4216 creari
257 4152 346 4216 solet.
402 4156 490 4230 Quos
512 4151 725 4217 cohonestaris
746 4151 779 4215 in
800 4149 972 4235 primisque
996 4171 1060 4223 me,
1089 4151 1116 4215 si
1138 4172 1189 4215 res
1212 4148 1336 4236 publica
1357 4152 1499 4221 muni-to

135 4246 209 4331 cipii
231 4256 284 4311 tuo
306 4245 427 4321 studio,
465 4246 621 4330 diligentia
643 4245 723 4309 hene
745 4243 957 4309 administrata
980 4243 1049 4308 erit.
1107 4243 1201 4321 Quod
1223 4254 1257 4308 ut
1278 4244 1390 4317 facias,
1428 4253 1459 4308 te

136 4337 338 4403 vehementer
358 4340 451 4404 etiam
473 4348 566 4425 atque
588 4339 681 4404 etiam
703 4359 793 4423 rogo.

205 4559 232 4607 7.
252 4564 276 4608 et
294 4560 362 4607 usui.
399 4554 475 4619 llum]
495 4560 548 4607 eius
565 4559 654 4606 vinum
674 4557 710 4608 Μ.
738 4584 772 4591 -
808 4557 835 4606 8.
853 4561 990 4620 pudentem
1008 4557 1156 4607 Corradus:
1175 4559 1329 4618 prudentem
1348 4559 1406 4607 ΜΕ.
1425 4582 1460 4591 -

136 4628 179 4677 ta.
199 4630 262 4691 cquid
281 4643 320 4691 pr.
341 4628 377 4679 Μ.
411 4652 441 4662 -
480 4629 522 4678 ll.
542 4629 649 4693 effecisse
669 4629 709 4677 lt:
741 4628 886 4693 efficerell.
919 4654 946 4663 -
986 4627 1199 4690 17.2noqot1.
1234 4651 1264 4663 -
1301 4628 1458 4678 25.to1t=

135 4698 175 4746 tir
193 4699 251 4747 ME.
283 4725 314 4735 -
351 4700 394 4749 Μ).
415 4699 583 4749 Mamercium
600 4699 684 4749 Codd.
705 4698 725 4747 ll
744 4697 860 4761 etLips,
898 4698 937 4749 lte
955 4696 982 4748 Il
1007 4711 1062 4747 nou
1086 4702 1201 4747 constat.
1232 4723 1266 4731 —
1302 4699 1347 4748 41.
1373 4697 1461 4747 studio

135 4775 159 4818 et
178 4769 314 4832 diligentia
332 4769 478 4819 Mannum.
