3256 5400
180 253 222 317 68
610 250 886 317 uelsrotanust
906 252 959 315 Al)
980 251 1072 315 FAM.

180 411 247 497 ipse
262 410 355 475 velim
369 408 509 483 iudices,
532 407 646 472 satisne
663 407 806 472 videatur
820 408 868 473 bis
885 406 1031 473 omnibus
1044 405 1140 471 rebus
1155 416 1227 472 tuus
1242 407 1409 482 adventus,
1432 427 1503 474 cum

181 504 325 592 proxime
349 510 478 569 Romam
502 501 632 575 venisti,
655 509 763 566 mutue
784 501 995 586 respondisse.
1043 505 1073 565 5.
1097 500 1191 577 Quod
1206 500 1318 567 scribis
1340 500 1380 566 de
1393 522 1505 567 recon-

180 598 281 663 ciliata
309 605 413 661 nostra
443 596 558 680 gratia,
588 615 651 660 nou
678 594 835 679 intelligo,
865 615 923 658 cur
944 593 1178 659 reconciliatam
1199 615 1268 659 esse
1293 595 1401 671 deas,
1423 616 1505 682 quae

181 714 338 779 nunquam
370 689 534 753 immiuuta
563 698 619 753 est.
676 694 707 753 6.
730 687 824 766 Quod
853 685 983 761 scribis,
1019 707 1109 759 „non
1137 688 1317 772 oportuisse
1344 689 1504 755 Metellum

157 787 309 850 siratrem
331 795 419 849 tuum
441 781 483 847 ob
506 783 622 847 dictum
645 804 663 846 a
684 803 735 846 me
758 781 972 867 oppugnari'',
995 780 1132 866 primum
1147 781 1207 847 boc
1222 783 1315 847 velim
1331 783 1503 857 existimes,

179 880 316 944 animum
339 877 415 942 mihi
438 876 530 943 istum
557 886 644 941 tuum
672 875 876 940 vehementer
896 874 1025 960 probari
1047 885 1079 941 et
1108 874 1278 941 fraternam
1300 877 1425 962 plenam
1447 877 1504 943 bu·

180 971 335 1037 munitatis
356 992 392 1035 ac
413 969 538 1056 pietatis
559 969 766 1048 voluntatem;
789 968 917 1044 deinde,
940 969 966 1033 si
988 990 1049 1055 qua
1071 990 1131 1055 ego
1153 971 1243 1035 inre
1265 968 1356 1034 fratri
1380 978 1436 1035 tuo
1456 971 1505 1035 rei

179 1065 323 1152 publicae
345 1086 438 1128 eausa
460 1063 652 1136 restiterim,
685 1071 721 1127 ut
738 1062 815 1127 mihi
837 1062 995 1146 ignoscas:
1032 1071 1094 1127 tam
1120 1064 1203 1128 enim
1226 1084 1297 1128 sum
1313 1062 1433 1127 amicus
1458 1063 1505 1128 rei

180 1159 345 1246 publicae,
368 1179 462 1244 quam
484 1156 538 1244 qui
560 1157 707 1221 maxime.
751 1157 784 1222 Si
806 1177 884 1220 vero
906 1177 1007 1220 meam
1029 1156 1160 1222 salutem
1183 1166 1293 1223 contra
1307 1155 1392 1221 illius
1407 1156 1504 1242 impe·

143 1253 290 1319 salumin
309 1274 359 1316 mc
373 1251 623 1317 crudelissimum
636 1249 849 1325 defenderim,
868 1249 943 1314 satis
954 1247 1069 1314 babeas
1083 1250 1160 1315 nihil
1176 1272 1226 1314 me
1237 1251 1330 1315 etiam
1346 1258 1450 1315 tecum
1464 1249 1504 1315 dc

180 1348 225 1414 tui
247 1346 352 1412 fratris
384 1344 498 1409 iniuria
527 1344 689 1429 conqueri.
744 1346 846 1421 Quem
877 1363 937 1427 ego
963 1364 1034 1409 cum
1060 1344 1284 1430 comperissem
1306 1365 1433 1409 omnem
1456 1344 1505 1408 sui

179 1438 355 1505 tribunatus
378 1445 523 1502 conatum
544 1436 577 1501 in
598 1458 701 1501 meam
722 1437 894 1523 perniciem
916 1457 1029 1522 parare
1051 1447 1145 1525 atque
1166 1436 1328 1511 meditari,
1362 1438 1413 1522 egi
1433 1458 1505 1501 cum
1556 1430 1559 1437 ’

180 1533 322 1605 Claudia,
345 1550 447 1595 uxore
463 1538 532 1602 tua,
554 1538 586 1595 et
607 1551 679 1596 cum
700 1540 803 1596 vestra
824 1552 936 1596 sorore
949 1532 1073 1607 Mucia,
1096 1532 1186 1597 cuius
1200 1553 1276 1617 erga
1296 1552 1348 1596 me
1366 1532 1504 1598 studium

179 1649 238 1714 pro
266 1631 320 1692 Cn.
339 1623 481 1709 Pompeii
502 1623 731 1689 necessitudine
752 1624 857 1689 multis
879 1625 911 1689 in
932 1623 1027 1691 rebus
1048 1646 1290 1712 perspexeram,
1312 1632 1348 1690 ut
1369 1647 1442 1692 eum
1464 1624 1504 1690 ab

143 1744 170 1784 rs
179 1721 232 1787 illa
253 1719 368 1785 iniuria
389 1717 596 1782 deterrerent.
649 1721 680 1781 7.
701 1724 801 1804 Atque
822 1717 891 1792 ille,
914 1716 1000 1804 quod
1021 1725 1052 1782 te
1075 1718 1200 1784 audisse
1221 1727 1310 1785 certo
1331 1720 1416 1794 scio,
1437 1717 1504 1805 pri·

179 1815 231 1880 die
252 1813 320 1880 Kal.
342 1810 519 1883 lanuarias,
553 1831 616 1895 qua
641 1811 754 1876 iniuria
782 1831 876 1875 nemo
897 1831 1035 1896 unquam
1057 1809 1090 1875 in
1111 1811 1219 1878 infimo
1240 1813 1425 1897 magistratu
1446 1811 1504 1876 im·

179 1906 386 1995 probissimus
408 1904 485 1969 civis
506 1903 635 1970 allectus
657 1912 723 1980 est,
755 1926 792 1970 ea
814 1925 865 1969 me
886 1904 1046 1969 consulem
1068 1904 1185 1979 affecit,
1218 1927 1290 1971 cum
1311 1926 1379 1970 rem
1400 1903 1505 1990 publi-

179 2024 246 2067 cam
266 2019 524 2073 conservassem,
553 2007 646 2083 atque
668 1997 833 2064 abeuntem
855 1998 1038 2083 magistratu
1059 1999 1212 2064 contionis
1233 1999 1394 2065 habendae
1415 2007 1505 2086 pote·

180 2105 257 2162 state
278 2091 432 2179 privarit:
456 2091 545 2155 cuius
573 2091 689 2157 iniuria
718 2091 794 2157 mibi
816 2100 920 2155 tamen
935 2091 1051 2157 bonori
1072 2113 1195 2158 summo
1211 2092 1279 2159 lixit
1322 2099 1409 2168 Nam,
1431 2112 1504 2158 cum

142 2189 231 2255 anille
254 2186 330 2251 mibi
353 2185 444 2257 nibil,
466 2185 525 2249 nisi
551 2194 585 2250 ut
606 2185 761 2260 iurarem,
783 2185 999 2271 permitteret,
1021 2207 1133 2271 magna
1154 2208 1233 2252 voce
1252 2187 1354 2253 iuravi
1376 2185 1503 2253 verissi-

180 2304 266 2347 mum
294 2278 603 2366 pulcherrimumque
635 2278 888 2352 iusiurandum,
921 2277 1007 2365 quod
1031 2279 1167 2365 populus
1194 2280 1270 2346 item
1290 2301 1403 2365 magna
1424 2299 1503 2345 voce

179 2399 231 2441 me
252 2396 328 2440 vere
349 2374 470 2438 iurasse
491 2372 617 2437 iuravit.
659 2376 690 2438 8.
712 2376 778 2437 Hac
799 2381 924 2458 accepta
947 2382 1009 2437 tam
1031 2373 1145 2457 insigni
1164 2373 1297 2449 iniuria,
1320 2383 1423 2438 tamen
1448 2371 1503 2437 illo

180 2471 248 2556 ipso
271 2467 322 2532 die
344 2465 415 2530 misi
436 2463 475 2529 ad
507 2465 666 2530 Metellum
689 2485 871 2530 communes
893 2465 1031 2540 amicos,
1068 2465 1123 2552 qui
1145 2462 1366 2551 agerent'eum
1388 2486 1447 2538 eo,
1468 2472 1504 2531 ul

179 2564 219 2628 de
240 2562 293 2627 illa
314 2568 418 2624 mente
450 2557 615 2623 desisteret
626 2581 635 2636 ;
668 2555 783 2643 quibus
804 2557 857 2622 ille
878 2557 1040 2644 respondit
1062 2557 1123 2623 sibi
1153 2582 1217 2625 non
1239 2559 1309 2626 esse
1329 2561 1501 2644 integrum

141 2655 294 2722 ssetenim
316 2653 420 2740 paullo
454 2660 524 2716 ante
546 2650 579 2715 in
607 2651 754 2715 contione
783 2651 908 2717 dixerat
928 2651 974 2725 ei,
1006 2653 1060 2738 qui
1080 2652 1112 2716 in
1131 2653 1210 2719 alios
1232 2652 1504 2734 animadvertisset

179 2749 295 2814 indicta
317 2768 426 2820 causa,
451 2745 573 2810 dicendi
592 2745 652 2830 ipsi
675 2753 859 2830 potestatem
876 2744 946 2809 ficri
963 2765 1027 2810 non
1042 2756 1201 2831 oportere.
1244 2748 1413 2812 Hominem
1431 2766 1504 2831 gra-
1523 2751 1526 2756 ’

178 2864 249 2909 vem
276 2851 307 2906 et
332 2841 433 2905 civem
459 2839 636 2924 egregium!
670 2839 741 2924 qui,
778 2859 839 2924 qua
876 2858 978 2923 poena
1009 2847 1134 2905 senatus
1160 2861 1315 2907 consensu
1344 2839 1502 2907 bonorum

179 2935 319 3002 omnium
342 2954 397 3000 eos
420 2933 586 3006 affecerat,
620 2932 675 3018 qui
696 2932 808 2997 urbem
831 2931 999 2998 incendere
1022 2941 1053 2998 et
1071 2934 1271 3019 magistratus
1299 2956 1336 3000 ac
1360 2944 1503 3001 senatum

178 3028 356 3103 trucidare,
379 3027 496 3092 bellum
516 3025 689 3091 maximum
714 3026 853 3091 contlare
877 3027 1065 3101 voluissent,
1099 3027 1208 3092 eadem
1230 3028 1359 3113 dignum
1383 3027 1503 3094 iudica-

140 3132 228 3189 raret
249 3143 338 3196 eum,
366 3122 421 3209 qui
445 3121 565 3186 curiam
588 3119 703 3193 caede,
739 3119 852 3185 urbem
874 3121 1044 3197 incendiis,
1077 3122 1196 3187 ltaliam
1221 3121 1305 3187 bello
1327 3121 1501 3187 liberasset.

178 3222 287 3303 ltaque
303 3236 363 3299 ego
378 3215 518 3286 Metello,
540 3213 633 3278 fratri
652 3225 723 3286 tuo,
746 3215 903 3300 praesenti
918 3216 1029 3281 restiti.
1072 3221 1148 3281 Nam
1171 3216 1204 3281 iu
1225 3224 1334 3281 senatu
1352 3215 1421 3280 Kal.
1436 3219 1500 3280 lan.

177 3311 222 3377 sic
244 3333 315 3376 cum
339 3331 378 3374 eo
400 3309 440 3374 de
463 3330 498 3375 re
526 3308 651 3395 publica
678 3307 853 3394 disputavi,
889 3317 925 3373 ut
945 3309 1077 3375 sentiret
1097 3308 1159 3374 sibi
1181 3331 1252 3374 cum
1272 3311 1343 3374 viro
1366 3307 1441 3374 forti
1470 3315 1503 3372 ct

177 3404 330 3471 constanti
354 3425 421 3470 esse
447 3402 658 3490 pugnandum.
715 3407 751 3467 A.
773 3400 804 3466 d.
827 3402 954 3467 tertium
972 3408 1050 3469 Non.
1075 3409 1199 3469 lanuar.
1219 3424 1291 3470 cum
1313 3423 1409 3488 agere
1429 3422 1503 3467 coe-

177 3498 290 3585 pisset,
316 3497 411 3562 tertio
433 3518 560 3584 quoque
583 3495 684 3561 verbo
706 3495 858 3560 orationis
878 3517 953 3561 suae
976 3518 1027 3562 me
1049 3496 1239 3584 appellabat,
1261 3496 1337 3561 mihi
1362 3494 1503 3561 minaba-

140 3601 246 3667 sstur;
270 3611 372 3677 neque
393 3590 439 3655 illi
461 3589 632 3676 quidquam
653 3588 855 3653 deliberatius
878 3589 938 3656 luit
959 3588 1053 3678 quam
1074 3613 1143 3667 me,
1173 3612 1359 3678 quaeamque
1377 3591 1502 3656 ratione

176 3693 297 3771 posset,
321 3705 384 3749 non
402 3683 519 3748 iudicio
540 3705 642 3770 neque
663 3681 907 3768 disceptatione,
929 3685 985 3750 sed
1003 3686 1035 3751 vi
1054 3695 1147 3773 atque
1161 3685 1388 3772 impressione,
1411 3706 1504 3751 ever-

177 3789 254 3843 tere.
296 3778 399 3843 Huius
421 3798 480 3861 ego
503 3776 670 3841 temeritati
696 3775 723 3840 si
743 3775 856 3840 virtute
876 3787 970 3865 atque
991 3780 1097 3846 auimo
1119 3801 1183 3846 non
1206 3780 1407 3855 restitissem,
1430 3779 1502 3866 quis

178 3881 275 3945 esset,
297 3870 352 3956 qui
384 3891 434 3934 me
460 3870 491 3934 in
517 3869 679 3934 consulatu
701 3890 764 3934 non
791 3890 866 3937 casu
893 3872 997 3958 potius
1029 3875 1223 3940 existimaret
1245 3894 1339 3960 quam
1367 3873 1501 3938 consilio

177 3963 291 4029 sortem
313 3963 443 4028 suisset
486 3967 516 4028 9.
538 3968 625 4028 Haec
648 3962 674 4027 si
696 3971 730 4026 tu
751 3964 912 4030 Metellum
932 3967 1071 4051 cogitare
1093 3967 1134 4034 de
1155 3988 1207 4033 me
1234 3966 1381 4041 nescisti,
1404 3964 1502 4031 debes

139 4056 359 4121 nexistimare
381 4064 412 4120 te
434 4055 580 4120 maximis
600 4053 750 4120 derebus
772 4077 790 4120 a
809 4056 907 4122 fratre
929 4079 998 4124 esse
1019 4060 1166 4138 celatum;
1189 4061 1238 4126 sin
1260 4069 1364 4127 autem
1382 4057 1502 4147 aliquid

177 4149 350 4235 impertivit
374 4147 431 4213 tibi
464 4149 514 4213 sui
537 4148 676 4221 consilii,
710 4149 789 4215 lenis
819 4173 837 4215 a
869 4161 899 4217 te
924 4160 955 4216 et
979 4152 1079 4220 facilis
1100 4154 1274 4219 existimari
1300 4152 1423 4229 debeo,
1446 4152 1502 4240 qui

177 4243 253 4308 nibil
275 4253 377 4308 tecum
411 4243 450 4307 de
474 4243 522 4308 his
542 4242 618 4328 ipsis
643 4240 739 4307 rebus
761 4245 968 4330 expostulem.
1026 4251 1078 4319 Et,
1118 4247 1144 4312 si
1165 4248 1328 4332 intelligis,
1360 4269 1425 4313 non
1449 4267 1501 4313 me

176 4335 260 4400 dicto
280 4336 414 4410 Metelli,
438 4345 472 4401 ut
493 4334 620 4408 scribis,
643 4334 699 4399 sed
718 4336 851 4402 consilio
873 4339 941 4402 eius
961 4338 1129 4425 animoque
1150 4339 1182 4404 in
1208 4361 1259 4404 me
1284 4340 1501 4410 inimicissimo

176 4450 245 4494 esse
274 4438 482 4504 commotum,
505 4449 660 4514 cognosce
683 4450 767 4493 nunc
790 4429 1013 4497 humanitatem
1042 4453 1161 4506 meam,
1195 4433 1222 4498 si
1243 4434 1419 4500 humanitas
1445 4454 1500 4521 ap·

244 4611 272 4661 3.
292 4613 382 4674 pratia
401 4624 455 4659 om.
476 4610 513 4660 bl.
544 4635 578 4644 -
615 4611 658 4660 15.
678 4611 782 4660 cadmo
800 4618 887 4671 certo,
915 4612 1062 4676 pridiobl,
1080 4616 1183 4664 cadmo
1200 4615 1292 4672 meda,
1311 4616 1397 4678 pridie
1414 4617 1446 4665 B.
1467 4639 1499 4652 -

176 4679 482 4746 to.snpmoore11ius:
514 4682 604 4729 animo
622 4680 663 4740 M,
682 4680 771 4744 alique
791 4681 832 4737 lt:
863 4684 972 4733 minimo
989 4683 1106 4732 malebat
1130 4684 1287 4734 Lambinus.
1307 4711 1335 4722 ·-
1374 4685 1419 4737 21.
1438 4687 1500 4736 item

175 4750 198 4799 N
209 4764 216 4798 ι
255 4753 321 4800 idem
353 4751 412 4802 ME.
442 4774 472 4786 -
530 4751 574 4800 25.
608 4752 671 4814 quin
705 4751 773 4800 alios
805 4752 921 4802 animum
956 4754 1111 4804 ademtissat
1142 4755 1178 4804 Μ.
1215 4780 1245 4790 -
1292 4755 1337 4805 26.
1368 4756 1500 4806 mendi

175 4820 212 4870 Μ.
230 4847 272 4940 ᾖ
307 4821 449 4871 2¹1.csv0m
473 4821 573 4882 agriam
592 4821 630 4871 Μ.
653 4844 683 4856 -
721 4819 766 4870 ³5.
786 4823 923 4886 qumquam
940 4823 978 4874 Μ.
999 4849 1032 4861 -
1050 4825 1194 4891 culmoque
1212 4824 1249 4875 Μ.
1271 4850 1304 4859 -
1340 4825 1385 4876 42.
1404 4827 1500 4878 intedi-
