3256 5400
173 218 215 280 72
595 216 872 282 Erlsvottntttt
892 218 948 282 AD
970 217 1061 282 ΕΔΜ.

175 378 281 452 Quae,
303 395 373 440 cum
399 373 542 447 veneris,
576 382 661 440 tanto
689 373 823 440 consilio
852 383 1000 461 tantaque
1025 373 1121 439 animi
1157 372 1416 458 magnitudine:
1449 395 1500 441 me

173 479 259 553 gesta
283 490 352 533 esse
374 487 561 551 cognosces,
584 476 619 532 ut
639 466 697 533 tibi
718 468 816 533 multo
838 467 969 542 maiori,
992 489 1085 554 quam
1107 466 1272 533 Africanus
1295 466 1371 542 luit,
1394 477 1500 533 tamen

174 583 238 626 non
260 563 358 627 multo
379 561 534 625 minorem
556 582 651 648 quam
668 562 810 627 Laelium
830 560 922 628 facile
943 572 975 628 et
995 561 1028 626 in
1050 583 1085 627 re
1106 559 1232 648 publica
1253 571 1286 626 et
1307 561 1340 626 in
1363 559 1499 627 amicitia

174 653 354 720 adiunctum
376 675 445 720 esse
467 654 599 740 patiare.

643 818 722 881 vm.
765 817 815 899 (A.
840 820 873 883 u.
895 821 927 883 c.
949 816 1035 900 roo.)

467 951 508 1012 u.
530 947 674 1013 cronno
694 951 734 1014 u
758 951 904 1014 memo
926 953 960 1014 a.
981 952 1015 1016 r.
1038 951 1200 1016 crasso.

260 1091 289 1152 1.
313 1088 472 1163 Quantum
494 1108 600 1152 meum
621 1086 759 1153 studium
781 1088 936 1154 exstiterit
958 1089 1114 1175 dignitatis
1135 1102 1206 1156 tuae
1227 1089 1278 1155 vel
1303 1086 1439 1155 tuendae
1450 1088 1500 1156 vel

174 1179 269 1245 etiam
299 1179 476 1265 augendae,
511 1202 575 1246 non
605 1180 728 1257 dubito,
761 1182 837 1270 quin
864 1183 905 1248 ad
926 1193 956 1249 te
979 1204 1089 1250 omnes
1111 1183 1157 1250 tui
1179 1183 1373 1271 scripserint.
1432 1189 1501 1250 Non

165 1274 260 1352 ⁸enim
280 1272 340 1340 luit
367 1283 421 1340 aut
442 1274 601 1341 mediocre
623 1285 675 1341 aut
697 1275 868 1342 obscurum
889 1286 942 1342 aut
963 1277 1136 1353 eiusmodi,
1164 1277 1250 1364 quod
1281 1276 1408 1343 silentio
1429 1297 1500 1363 pos·

139 1384 166 1424 ¹⁰
174 1377 222 1433 set
241 1369 419 1455 praeteriri.
461 1374 538 1434 Nam
560 1379 682 1435 etcum
704 1369 885 1436 consulibus
907 1382 1029 1437 etcum
1053 1372 1159 1436 multis
1180 1370 1398 1437 consularibus
1414 1380 1500 1438 tanta

174 1462 374 1529 contentione
395 1463 569 1540 decertavi,
599 1475 714 1551 quanta
740 1485 899 1552 nunquam
925 1473 1016 1529 autea
1035 1464 1100 1529 ulla
1120 1465 1153 1530 in
1174 1485 1284 1539 causa,
1306 1464 1498 1552 suscepique

175 1554 252 1619 mibi
272 1565 456 1642 perpetuam
479 1563 762 1643 propugnationem
782 1579 842 1644 pro
864 1557 1009 1624 omnibus
1023 1558 1216 1624 ornamentis
1236 1557 1315 1633 tuis,
1337 1559 1501 1646 veterique

176 1659 302 1715 nostrae
325 1650 546 1716 necessitudini
567 1650 685 1716 iamdiu
707 1650 863 1727 debitum,
885 1649 942 1717 sed
962 1651 1059 1718 multa
1081 1651 1232 1718 varietate
1253 1661 1433 1739 temporum
1454 1653 1502 1718 ia·

177 1753 376 1829 terruptum,
404 1744 542 1810 ollicium
572 1745 727 1810 cumulate
756 1744 889 1811 reddidi.
937 1751 968 1812 2.
999 1751 1108 1834 Neque
1145 1745 1324 1811 mehercule
1362 1766 1502 1832 unquam

142 1837 255 1902 tamihi
270 1837 315 1902 tui
326 1845 380 1902 aut
395 1837 517 1903 colendi
532 1848 585 1904 aut
603 1839 736 1904 ornandi
751 1839 895 1905 voluntas
910 1839 1028 1918 defuit;
1047 1840 1103 1907 sed
1117 1840 1272 1928 quaedam
1286 1847 1390 1926 pestes
1402 1836 1506 1903 homi-

178 1954 253 1997 nurn
277 1931 368 1995 laude
401 1932 504 2019 aliena
533 1932 706 1997 dolentium
735 1943 766 1997 et
787 1943 817 1999 te
846 1954 1070 2020 nonnunquam
1091 1957 1111 2000 a
1131 1956 1182 2000 me
1204 1935 1381 2000 alienarunt
1401 1940 1433 1996 et
1454 1952 1504 1996 me

56 2089 59 2097 ,
179 2025 348 2112 aliquando
364 2024 568 2091 immutarunt
583 2025 650 2092 tibi.
694 2027 757 2091 Sed
777 2027 896 2092 exstitit
910 2036 1033 2114 tempus
1047 2037 1189 2114 optatum
1202 2027 1280 2093 mihi
1294 2027 1394 2112 magis
1409 2047 1505 2112 quam

179 2130 354 2204 speratum,
388 2127 424 2183 ut
444 2118 674 2185 florentissimis
696 2121 757 2186 tuis
781 2119 879 2186 rebus
907 2142 977 2185 mea
1004 2121 1141 2207 perspici
1170 2132 1278 2208 posset
1298 2132 1330 2188 et
1351 2119 1505 2185 memoria

179 2221 306 2277 nostrae
332 2212 500 2278 voluntatis
528 2225 559 2279 et
580 2213 733 2279 amicitiae
760 2213 847 2282 fides.
904 2220 981 2282 Sum
1003 2215 1086 2280 enim
1107 2226 1293 2281 consecutus
1322 2237 1386 2279 non
1408 2211 1506 2279 modo

142 2315 216 2369 out
236 2305 348 2370 domus
370 2316 423 2370 tua
445 2316 529 2382 tota,
562 2306 617 2372 sed
639 2318 674 2373 ut
694 2320 804 2375 cuncta
822 2309 931 2376 civitas
959 2330 1011 2374 me
1033 2309 1091 2375 tibi
1112 2310 1335 2374 amicissimum
1360 2328 1430 2372 esse
1453 2326 1505 2370 co·

180 2409 355 2485 gnosceret.
404 2406 513 2488 ltaque
538 2411 569 2465 et
589 2405 854 2487 praestantissima
876 2403 1016 2471 omnimn
1039 2403 1241 2478 feminarum,
1270 2423 1355 2468 uxor
1376 2409 1444 2475 tua,
1476 2409 1508 2463 et

180 2494 296 2559 eximia
316 2494 447 2581 pietate,
479 2495 609 2571 virtute,
638 2496 736 2581 gratia
755 2498 801 2563 tui
823 2497 926 2564 Crassi
948 2497 1027 2562 meis
1048 2496 1204 2572 consiliis,
1234 2495 1372 2570 monitis,
1395 2492 1507 2559 studiis

180 2589 417 2677 actionibusque
440 2590 595 2665 nituntur,
617 2600 649 2656 et
669 2600 794 2657 senatus
816 2592 1014 2679 populusque
1031 2595 1190 2657 Romanus
1207 2587 1352 2675 intelligit
1371 2588 1428 2654 tibi
1451 2586 1506 2653 ab·

180 2684 260 2749 senti
282 2684 361 2749 nihil
381 2705 450 2751 esse
470 2694 533 2766 tam
555 2694 735 2770 promptum
750 2693 804 2750 aut
825 2693 887 2750 mm
909 2695 1051 2770 paratum
1071 2706 1166 2773 quam
1186 2684 1218 2749 in
1234 2681 1380 2749 omnibus
1400 2679 1507 2758 rebus,

143 2786 261 2865 ⁸⁵quae
282 2779 322 2844 ad
347 2789 378 2845 te
402 2779 597 2865 pertineant,
618 2800 762 2867 operam,
785 2800 908 2853 curam,
931 2779 1140 2864 diligentiam,
1162 2779 1380 2844 auctoritatem
1394 2795 1507 2841 meam.

180 2877 212 2938 3.
235 2875 325 2950 Quae
346 2871 407 2937 sint
426 2883 494 2938 acta
517 2893 661 2959 quaeque
684 2883 836 2958 agantur,
870 2873 1116 2938 domesticorum
1134 2872 1191 2938 tibi
1212 2873 1323 2939 litteris
1352 2869 1509 2938 declarari

180 2975 269 3051 puto.
311 2970 358 3031 De
380 2987 431 3031 me
454 2965 500 3031 sic
521 2965 680 3031 existimes
695 2965 803 3032 actibi
817 2967 1008 3052 persuadeas
1023 2967 1224 3032 vehementer
1246 2965 1355 3041 velim,
1377 2985 1508 3031 nonme

180 3058 345 3144 repentina
366 3058 470 3145 aliqua
492 3058 650 3123 voluntate
668 3067 722 3125 aut
738 3059 870 3126 fortuito
888 3060 927 3125 ad
943 3073 1026 3126 tuam
1046 3059 1281 3147 amplitudinem
1299 3059 1376 3125 meis
1394 3057 1508 3124 officiis

180 3152 427 3239 amplectendam
445 3151 608 3228 incidisse,
631 3152 699 3229 sed,
722 3161 758 3219 ut
774 3154 913 3241 primum
932 3152 1039 3219 lorum
1059 3154 1233 3239 attigerim,
1255 3162 1412 3240 spectasse
1425 3174 1507 3219 scm·

142 3254 170 3294 ⁸⁰
180 3268 254 3333 per,
276 3258 312 3312 ut
323 3245 379 3311 tihi
397 3268 523 3333 possem
539 3268 633 3333 quam
649 3247 786 3313 maxime
804 3269 873 3314 esse
891 3248 1087 3314 coniunctus.
1131 3250 1205 3326 Quo
1223 3247 1351 3335 quidem
1371 3268 1412 3312 ex
1430 3257 1508 3313 tem·

179 3362 258 3428 pore
279 3342 433 3406 memoria
464 3349 557 3406 teneo
583 3363 685 3428 neque
709 3362 812 3407 meam
838 3340 897 3407 tibi
929 3341 1162 3408 observantiam
1191 3362 1295 3428 neque
1318 3339 1395 3406 mibi
1417 3350 1505 3406 tuam

179 3457 334 3500 summam
352 3435 603 3502 benevolentiam
622 3457 658 3500 ac
675 3434 893 3501 liberalitatem
912 3435 1060 3501 doluisse.
1104 3436 1137 3501 Si
1152 3456 1233 3522 quae
1249 3434 1425 3500 inciderunt
1444 3453 1508 3498 non

180 3539 243 3594 tam
264 3550 415 3615 requam
436 3528 614 3615 suspicione
635 3528 773 3605 violata,
796 3550 849 3604 ea,
872 3550 944 3593 enm
963 3528 1081 3594 luerint
1099 3537 1131 3593 et
1152 3528 1229 3593 laisa
1252 3538 1284 3594 et
1300 3528 1425 3602 inania,
1448 3527 1510 3593 sint

181 3624 289 3689 evulsa
308 3645 349 3688 ex
368 3623 454 3689 omni
476 3623 629 3688 memoria
655 3622 782 3709 vitaque
803 3632 920 3687 nostra.
963 3627 993 3687 Is
1014 3621 1098 3687 enim
1122 3633 1156 3687 tu
1178 3621 1279 3687 vires
1304 3631 1335 3687 et
1357 3643 1430 3686 eum
1457 3640 1509 3685 me

143 3721 249 3781 ³⁶esse
273 3716 384 3802 cupio,
406 3727 460 3791 ut,
483 3715 632 3802 quoniam
651 3715 812 3782 ineadem
833 3714 1045 3802 reipublicae
1069 3727 1211 3802 tempora
1225 3714 1411 3791 incidimus,
1434 3735 1509 3780 con·

180 3810 372 3876 iunctionem
399 3810 630 3898 amicitiamque
665 3819 805 3876 nostram
828 3809 956 3896 utrique
983 3815 1126 3876 nostrum
1154 3808 1240 3875 laudi
1264 3829 1390 3895 sperem
1426 3806 1508 3874 fore.

180 3909 211 3970 l.
234 3903 450 3982 Quamobrem
474 3915 526 3978 tu,
559 3912 710 3991 quantum
732 3913 788 3969 tuo
809 3902 926 3970 iudicio
950 3902 1151 3969 tribuendum
1183 3923 1252 3968 esse
1281 3901 1373 3968 nobis
1401 3910 1509 3988 putes,

181 4007 298 4064 statues
319 3999 385 4085 ipse
402 4008 450 4073 et,
471 4009 507 4064 ut
526 4019 637 4084 spero,
660 4007 778 4063 statues
796 4019 837 4063 ex
859 4008 965 4063 nostra
989 3997 1154 4084 dignitate;
1177 4017 1237 4082 ego
1260 4018 1337 4062 vero
1354 3994 1412 4062 tibi
1434 4015 1508 4081 pro·

181 4092 274 4156 fiteor
291 4101 385 4178 atque
400 4091 553 4177 polliceor
571 4091 722 4157 eximium
737 4100 768 4156 et
789 4092 947 4176 singulare
965 4113 1071 4157 mcum
1088 4090 1225 4157 studium
1244 4090 1276 4155 in
1289 4089 1375 4154 omni
1392 4109 1510 4174 genere

144 4185 297 4260 40οίΐιείἰ,
320 4186 406 4271 quod
428 4185 467 4250 ad
494 4186 687 4250 honestatem
711 4194 743 4250 et
763 4186 897 4272 gloriam
921 4195 1007 4251 tuam
1028 4192 1154 4270 spectet.
1198 4188 1234 4248 ln
1269 4205 1349 4272 quo,
1387 4181 1510 4249 etiamsi

184 4278 273 4343 multi
296 4300 418 4344 nrecum
441 4280 644 4354 contendent,
667 4290 771 4346 tamen
791 4301 861 4344 cum
883 4278 1015 4365 reliquis
1034 4276 1197 4352 omnihus,
1220 4287 1286 4342 tum
1309 4277 1428 4343 Crassis
1449 4275 1511 4342 tuis

183 4370 357 4447 iudicibus,
381 4395 489 4438 omnes
510 4373 601 4438 sacile
619 4372 795 4460 superabo:
818 4395 898 4461 quos
921 4373 1049 4459 quidem
1074 4392 1134 4457 ego
1158 4369 1253 4436 ambo
1275 4371 1368 4436 unice
1394 4370 1510 4455 diligo,

254 4594 280 4640 ⁸2.
300 4594 400 4642 mutere
420 4592 455 4641 il.
477 4617 507 4627 -
529 4590 626 4655 tamen]
645 4609 684 4643 mc
703 4594 788 4644 Codd.
809 4594 993 4644 Ambrosianl.
1016 4619 1046 4629 -
1081 4591 1109 4642 3.
1128 4593 1230 4641 minore
1248 4591 1285 4640 lll.
1308 4614 1337 4625 -
1374 4590 1403 4640 7.
1423 4590 1512 4652 Quam

186 4671 241 4711 tum
259 4663 294 4710 ud
311 4677 395 4713 aarum
417 4663 454 4712 lll.
492 4663 534 4712 An
561 4664 694 4725 Ostentum
717 4665 801 4714 odisee
828 4665 932 4714 meum?
950 4664 1001 4715 On.
1035 4685 1065 4699 -
1111 4662 1154 4712 to.
1174 4662 1317 4710 dolentium
1335 4661 1468 4709 dominum
1486 4665 1512 4710 et

186 4733 223 4781 st.
244 4758 275 4766 -
296 4734 338 4782 18.
356 4730 452 4796 posset]
471 4741 557 4796 potest
576 4733 613 4783 11.
636 4757 666 4768 -
684 4734 729 4783 22.
751 4735 883 4784 existimio
902 4733 939 4783 11.
958 4754 991 4770 -
1010 4733 1054 4782 2³.
1074 4738 1186 4782 utuntur
1204 4730 1455 4794 Marivm-Lagona.
1477 4755 1509 4766 -

186 4803 229 4853 28.
249 4800 306 4864 out]
327 4818 357 4853 oc
376 4804 408 4864 N,
429 4805 558 4866 probante
579 4805 674 4854 Beiero
693 4803 726 4852 ad
745 4803 824 4854 ome.
844 4804 866 4854 1.
882 4819 908 4866 p.
922 4802 984 4854 221.
1021 4801 1077 4854 Cir.
1099 4801 1177 4852 liaud
1195 4800 1275 4853 Ture.
1295 4801 1332 4850 11.
1354 4815 1380 4864 p.
1399 4799 1464 4850 idi.
1481 4822 1510 4836 -

82 4908 85 4915 .
186 4873 229 4922 32.
251 4875 396 4924 inciderunt
414 4875 454 4924 B:
474 4874 661 4924 interciderunt
679 4873 739 4925 ΜΕ.
