3256 5400
203 247 263 311 tta
631 243 906 311 nrtsroisnun
926 247 979 311 tn
1000 247 1092 311 thl.

199 429 323 469 cennos
344 402 481 468 δυνατὸν
502 403 560 466 est.
615 404 662 466 De
684 402 792 468 Coctio
813 403 890 469 mihi
910 411 1035 488 gratnm
1057 410 1118 480 est;
1156 418 1227 467 nam
1248 402 1281 468 id
1302 403 1396 468 etiam
1416 404 1519 469 Attiou

199 496 392 561 mandaram.
435 501 483 560 Tu
503 495 531 560 si
552 494 713 560 minusad
736 516 813 572 nos,
836 518 894 564 nos
915 517 1115 563 accurremus
1136 496 1176 561 ad
1197 506 1239 563 ta.
1283 496 1317 562 Si
1337 496 1464 561 hortum
1486 495 1520 559 in

200 588 390 656 bibliotheca
411 586 525 664 hahes,
543 587 648 654 deerit
667 589 755 655 nihil.

690 745 1034 833 umnam)

176 903 191 942 s
682 872 825 936 CICERO
847 872 1031 936 VARRONI.

285 984 314 1047 1.
335 980 412 1045 Mihi
444 1001 522 1047 vero
551 979 591 1046 ad
618 985 723 1046 Nonas
751 981 832 1045 bene
853 992 1009 1047 maturum
1032 981 1157 1047 videtur
1178 981 1262 1054 lore,
1293 1002 1395 1067 neque
1417 981 1517 1046 solnm

197 1086 329 1162 propter
339 1075 388 1139 rei
412 1074 555 1161 publicae
577 1073 633 1140 sed
653 1075 745 1139 etiam
767 1085 899 1161 propter
920 1076 992 1140 anni
1014 1085 1147 1161 tempus.
1191 1079 1297 1152 Quare
1317 1075 1409 1139 istum
1433 1074 1516 1138 dicm

197 1170 316 1257 probo;
337 1170 442 1257 itaque
463 1168 597 1234 eundem
619 1168 685 1253 ipsc
707 1189 829 1254 sequar.
872 1174 902 1234 2.
925 1169 1054 1235 Consilii
1069 1169 1184 1241 nostri,
1208 1189 1247 1231 ne
1265 1169 1290 1233 si
1306 1188 1361 1232 eos
1381 1166 1518 1253 quidem,

198 1265 252 1351 qtsi
280 1263 314 1329 id
346 1262 443 1329 secuti
477 1284 539 1327 nou
572 1271 656 1328 suut.
693 1282 756 1326 nou
777 1262 969 1347 poeniteret,
1007 1261 1098 1326 nohis
1119 1260 1343 1347 poenitendum
1364 1269 1519 1347 putarem.

162 1368 189 1409 ¹⁰
199 1358 304 1424 Secuti
333 1357 415 1421 enim
438 1376 544 1421 sumus
566 1375 628 1419 uon
650 1375 737 1440 spem
764 1354 818 1419 sed
847 1355 998 1430 cilicium:
1026 1355 1211 1440 reliquimus
1233 1363 1336 1419 autem
1359 1374 1422 1417 non
1451 1353 1519 1417 offi-

197 1451 281 1518 cium
310 1450 364 1516 sed
394 1449 654 1534 desperationem.
706 1452 751 1512 lta
772 1448 1016 1513 verecundiores
1037 1447 1153 1513 fuimus
1176 1469 1268 1533 quam
1291 1447 1344 1533 qui
1367 1468 1401 1511 se
1423 1446 1518 1512 domo

196 1566 260 1611 uon
283 1552 533 1616 commoverunt,
556 1541 696 1606 saniores
718 1563 811 1628 quam
834 1543 888 1628 qui
910 1542 1030 1606 amissis
1053 1541 1167 1627 opibus
1189 1540 1317 1606 domum
1332 1563 1396 1606 non
1411 1562 1520 1606 rever·

196 1645 310 1703 terunt.
360 1637 421 1701 Sed
443 1637 520 1701 nihil
540 1634 643 1699 miuus
665 1635 733 1699 lero
756 1657 850 1721 quarn
872 1636 1068 1700 severitatem
1090 1635 1280 1710 otiosorum,
1310 1644 1357 1711 et,
1388 1655 1518 1721 quoquo

196 1730 292 1796 modo
313 1751 347 1794 sc
368 1750 423 1795 res
440 1729 554 1802 hahet,
586 1728 683 1811 magis
705 1729 776 1794 illos
797 1750 928 1801 vereor,
960 1727 1069 1816 quiin
1090 1727 1173 1792 bello
1195 1728 1392 1801 occiderunt,
1423 1747 1518 1813 mam

162 1822 254 1892 labos
275 1843 370 1897 curo,
404 1823 518 1909 quihus
540 1843 603 1886 non
625 1822 846 1896 satisfacimus,
883 1822 957 1909 quia
978 1823 1122 1887 vivimus.
1178 1825 1209 1886 3.
1236 1820 1313 1887 Mihi
1334 1822 1362 1886 si
1383 1820 1518 1906 spatium

195 1915 293 1982 fucrit
321 1916 352 1980 in
387 1916 596 1981 Tusculanum
629 1922 700 1980 ante
728 1921 831 1981 Nonas
853 1915 1014 1990 veniendi,
1051 1912 1326 1986 istictcvidebo,
1349 1913 1517 1987 siminus,

194 2029 370 2096 persequar
389 2010 423 2074 in
445 2013 616 2075 (umanum
639 2019 671 2074 et
690 2019 760 2074 ante
783 2018 813 2074 te
835 2008 1002 2073 certiorem
1017 2007 1146 2083 faciam,
1168 2016 1203 2073 ut
1217 2007 1331 2072 lavatio
1345 2015 1453 2092 parata
1467 2005 1517 2070 sit.

678 2173 1038 2260 mmucmp

680 2297 822 2363 CICERO
849 2299 1035 2363 VARRONI.

157 2445 186 2484 η.
258 2491 261 2497 .
285 2404 313 2475 l.
337 2407 611 2476 Caninius-noster
631 2426 682 2473 me
703 2407 765 2473 tuis
786 2405 892 2473 verbis
914 2407 1090 2484 admonuit,
1113 2416 1147 2474 ut
1168 2405 1339 2473 scriberem
1360 2405 1400 2472 ad
1421 2418 1468 2482 te,
1491 2410 1516 2473 si

195 2503 272 2591 quid
293 2513 392 2579 esset,
421 2501 506 2588 quod
533 2511 676 2587 putarem
698 2511 729 2566 te
751 2502 832 2566 scire
860 2511 1019 2588 oportere.
1062 2507 1117 2566 Est
1138 2501 1235 2587 igitur
1256 2500 1407 2566 adventus
1430 2500 1518 2585 [Cae-

195 2598 274 2663 saris
296 2594 424 2679 scilicet]
446 2595 480 2660 in
502 2596 751 2682 exspectatione,
788 2617 890 2682 neque
912 2606 946 2661 tu
967 2594 1000 2660 id
1021 2595 1159 2680 ignoras.
1212 2595 1274 2660 Sed
1296 2605 1416 2670 tamen,
1444 2616 1515 2661 cum

193 2690 247 2755 ille
268 2689 459 2776 scripsisset,
481 2699 516 2754 ut
536 2689 666 2775 opinor,
690 2709 723 2753 sc
741 2688 777 2753 in
799 2689 938 2754 Alsiense
960 2698 1146 2763 venturum,
1169 2689 1360 2775 scripserunt
1380 2687 1420 2753 ad
1442 2710 1514 2754 eum

194 2784 259 2856 sui,
298 2805 338 2847 ne
366 2782 399 2847 id
427 2782 558 2860 lacerct;
594 2782 709 2847 multos
731 2782 760 2845 ei
783 2783 931 2848 molestos
961 2781 1030 2847 lore
1052 2783 1217 2869 ipsumque
1250 2783 1371 2861 multis;
1408 2783 1516 2847 Ostiae

156 2876 295 2952 „videri
317 2876 511 2941 commodius
540 2896 613 2941 eum
640 2875 729 2939 exire
757 2897 860 2961 posse.
909 2874 944 2940 ld
972 2897 1032 2961 ego
1054 2898 1116 2941 non
1138 2875 1348 2962 intelligebam
1370 2875 1445 2963 quid
1468 2876 1517 2940 in-

194 2980 334 3036 teresset.
392 2969 452 3034 Sed
482 2978 584 3033 umen
611 2968 732 3034 Hirtius
759 2969 837 3034 mihi
865 2968 946 3034 dixit
974 2979 1006 3034 et
1031 2991 1065 3034 sc
1093 2968 1133 3035 ad
1162 2991 1235 3035 eum
1263 2980 1294 3035 et
1326 2969 1455 3034 Balbum
1486 2978 1517 3033 et

192 3060 330 3150 'Oppium
359 3062 535 3148 scripsisse,
572 3070 608 3126 nt
636 3062 678 3125 ita
700 3062 832 3137 laceret,
869 3062 1030 3137 homines,
1060 3071 1096 3127 ut
1117 3063 1268 3148 cognovi,
1299 3072 1437 3127 amantes
1459 3062 1515 3127 tui.

193 3160 224 3222 2.
245 3160 314 3221 Hoc
335 3175 395 3240 ego
417 3155 536 3220 idcirco
557 3175 649 3219 nosse
672 3163 702 3220 te
724 3156 826 3230 volui,
848 3165 883 3221 ut
905 3156 1017 3232 scires,
1041 3155 1209 3243 hospitium
1232 3154 1287 3221 tibi
1307 3155 1361 3221 ubi
1375 3177 1514 3242 parares,

192 3249 242 3315 vel
264 3249 368 3335 potius
395 3257 430 3313 ut
455 3247 639 3335 utrobiquc;
676 3248 752 3335 quid
774 3249 857 3313 euim
878 3248 932 3314 ille
954 3249 1094 3314 facturus
1116 3250 1174 3324 sit,
1211 3250 1365 3315 incertum
1387 3257 1450 3312 est:
1484 3257 1516 3312 et

155 3342 285 3416 ,osimul
307 3341 459 3407 ostentavi
480 3340 538 3407 tibi
558 3362 609 3406 mc
630 3341 698 3407 istis
719 3363 788 3407 esse
809 3342 994 3408 familiarem
1011 3353 1043 3408 ct
1063 3343 1201 3408 consiliis
1223 3364 1334 3408 eorum
1349 3343 1511 3407 interesse.

194 3435 287 3514 Quod
309 3455 368 3520 ego
391 3455 447 3499 cur
468 3434 583 3510 nolim,
619 3434 696 3500 nihil
718 3434 821 3501 video.
871 3440 940 3501 Non
961 3437 1045 3502 enim
1068 3446 1115 3501 cst
1135 3436 1236 3511 idem,
1259 3435 1366 3510 ferre,
1389 3434 1416 3499 si
1438 3433 1515 3520 quid

194 3527 358 3595 ferendum
380 3537 440 3602 est,
463 3537 495 3592 ct
515 3526 667 3614 probare,
690 3528 814 3615 siquid
836 3549 899 3594 nou
920 3528 1117 3615 probandum
1139 3538 1195 3595 est.
1244 3529 1331 3604 Etsi,
1354 3526 1430 3614 quid
1451 3549 1515 3592 nou

193 3622 345 3709 probem,
368 3620 514 3706 equidem
535 3622 596 3686 iam
618 3621 741 3694 nescio,
764 3632 890 3710 praeter
910 3623 1000 3689 initia
1021 3645 1146 3701 rerum;
1169 3644 1240 3686 nam
1262 3622 1339 3687 hacc
1359 3621 1392 3686 in
1405 3621 1515 3686 volun-

194 3727 255 3780 tate
277 3715 413 3780 luerunt.
469 3714 540 3780 Vidi
563 3715 646 3779 enim
672 3746 704 3758 —
730 3737 802 3780 nam
831 3726 865 3782 tu
893 3717 1004 3783 aberas
1025 3753 1067 3764 —
1088 3728 1213 3781 nostros
1248 3715 1365 3780 amicos
1398 3735 1514 3800 cupere

156 3808 327 3887 ubellum3
364 3807 446 3872 hunc
474 3816 578 3872 autem
607 3829 670 3873 non
697 3818 758 3874 tam
788 3830 1019 3899 superaquam
1041 3832 1104 3876 non
1125 3810 1252 3887 timerc;
1275 3843 1314 3855 —-
1338 3828 1416 3892 ergo
1438 3807 1515 3871 haec

197 3902 321 3967 consilii
346 3901 489 3973 luerunt,
526 3901 645 3987 reliqua
677 3904 913 3969 necessaria-
936 3905 1064 3971 vincere
1092 3913 1195 3969 autem
1215 3911 1269 3968 aut
1289 3901 1348 3967 hos
1370 3911 1422 3967 aut
1443 3902 1515 3966 illos

187 3994 321 4060 'necesse
342 4013 421 4058 esse.
477 3998 508 4059 3.
538 3995 609 4059 Scio
638 4003 669 4059 te
690 4016 816 4082 semper
837 4019 960 4063 mecum
981 4003 1013 4063 in
1041 3998 1127 4063 luctu
1147 3997 1261 4071 luisse,
1297 4016 1370 4061 curn
1391 3993 1516 4059 uidere·

194 4106 279 4162 mus,
316 4107 409 4170 quam
436 4085 513 4151 illud
536 4086 645 4172 ingens
670 4089 787 4155 malum
809 4092 937 4157 alterins
958 4092 1060 4157 utrius
1093 4095 1250 4156 exercitus
1278 4099 1310 4154 et
1331 4089 1446 4155 ducum
1466 4087 1516 4152 in-

196 4180 306 4245 teritu:
330 4189 395 4244 tum
417 4201 495 4245 vcro
517 4190 693 4247 extremum
715 4185 869 4250 malorum
892 4185 1032 4251 omnium
1046 4205 1114 4250 esse
1129 4184 1229 4249 civilis
1242 4182 1316 4248 belli
1331 4181 1512 4258 victoriam;

265 4385 291 4434 1.
311 4385 414 4436 Cocceio
440 4386 584 4438 Corradus.
613 4412 644 4424 ·-
680 4391 707 4440 2.
735 4394 771 4443 cd
795 4409 860 4456 uos,
887 4407 936 4445 nos
952 4407 1113 4444 assumemus
1131 4392 1171 4442 V:
1203 4393 1239 4441 od
1255 4405 1319 4448 nos,
1351 4403 1514 4440 amovemus

190 4452 303 4504 111.-
343 4456 370 4506 7.
389 4457 469 4506 istum
485 4459 553 4509 diem
570 4459 614 4509 M:
646 4463 714 4512 diem
732 4465 812 4514 istum
829 4464 860 4515 E.
881 4489 912 4501 -
948 4464 975 4514 s.
993 4469 1117 4527 sequatur
1133 4461 1171 4512 M.
1193 4488 1221 4498 -
1261 4463 1303 4511 10.
1324 4461 1404 4511 locuti
1422 4459 1460 4509 bl.
1481 4483 1513 4495 -

195 4525 238 4574 13.
259 4537 338 4587 quom
355 4528 378 4575 si
395 4529 529 4578 vamtatem
549 4531 604 4580 otio
621 4532 705 4581 solnm
722 4532 760 4583 ll.
790 4561 819 4572 -
858 4533 1132 4585 1111111311-
1169 4531 1271 4582 iito'bl.
1291 4556 1325 4565 -
1362 4530 1406 4580 13.
1425 4531 1448 4578 si
1465 4528 1512 4578 lt:

193 4595 336 4643 13111--
373 4598 416 4647 21.
436 4598 555 4648 Caecum
571 4602 666 4651 scilicet
683 4616 738 4653 nou
758 4604 868 4655 seclusit
887 4605 917 4655 ll.
937 4628 972 4639 -—
1006 4602 1050 4652 21.
1071 4603 1158 4664 optios
1177 4601 1213 4650 hl.
1234 4624 1265 4636 -
1302 4601 1347 4651 29.
1366 4599 1514 4650 111111011-

193 4678 242 4728 que
260 4663 502 4717 Schtltziussctnr
519 4671 610 4734 ubique
628 4672 672 4731 Μ,
691 4673 856 4738 ubicuique
875 4675 905 4726 ll.
926 4700 955 4711 -
993 4672 1037 4722 30.
1061 4672 1109 4721 tibi
1126 4671 1180 4721 del.
1201 4672 1358 4720 Lambinus.
1396 4671 1438 4718 An
1456 4668 1514 4718 ibit

193 4733 244 4783 On.
265 4757 298 4770 -
333 4736 451 4786 3211011
467 4739 632 4800 probandum
650 4743 695 4793 lll:
727 4745 892 4807 monendum
915 4757 970 4793 nost
995 4742 1026 4792 Ε.
1053 4763 1085 4778 -
1122 4741 1166 4791 33.
1183 4743 1305 4804 probem,
1324 4741 1440 4806 squidem
1458 4741 1513 4788 inm

184 4805 277 4853 macto
302 4804 449 4857 Lambinus
469 4805 527 4869 (scd
546 4824 600 4860 orn.
620 4810 703 4875 iuml:
731 4816 839 4879 prolem
864 4815 964 4880 padam
991 4814 1047 4862 inm
1063 4812 1115 4861 scic
1133 4809 1181 4871 M,
1203 4811 1336 4874 probem?
1365 4811 1429 4875 qnid
1444 4811 1513 4859 mim

192 4874 246 4923 mm
264 4875 317 4925 scio
334 4875 365 4926 11.
386 4903 414 4915 -
452 4878 496 4929 37.
515 4881 656 4933 umatus
673 4884 711 4935 Μ.
732 4908 763 4922 -
800 4885 844 4938 13.
864 4882 952 4950 wem]
970 4896 1028 4934 mm
1045 4881 1202 4934 Lambinus.
