<?xml version="1.0" encoding="UTF-8"?>
<!DOCTYPE html PUBLIC "-//W3C//DTD XHTML 1.0 Transitional//EN"
    "http://www.w3.org/TR/xhtml1/DTD/xhtml1-transitional.dtd">
<html xmlns="http://www.w3.org/1999/xhtml" xml:lang="en" lang="en">
 <head>
  <title>
</title>
<meta http-equiv="Content-Type" content="text/html;charset=utf-8" />
  <meta name='ocr-system' content='tesseract 3.04.00' />
  <meta name='ocr-capabilities' content='ocr_page ocr_carea ocr_par ocr_line ocrx_word'/>
</head>
<body>
  <div class='ocr_page' id='page_1' title='image "./operaquaesupers06halmgoog/operaquaesupers06halmgoog_0080.png"; bbox 0 0 3256 5400; ppageno 0'>
   <div class='ocr_carea' id='block_1_1' title="bbox 178 210 1071 295">
    <p class='ocr_par' dir='ltr' id='par_1_1' title="bbox 178 210 1071 295">
     <span class='ocr_line' id='line_1_1' title="bbox 178 210 1071 295; baseline -0.006 -17"><span class='ocrx_word' id='word_1_1' title='bbox 178 217 218 279; x_wconf 77' lang='lat' dir='ltr'>ao</span> <span class='ocrx_word' id='word_1_2' title='bbox 608 210 1071 295; x_wconf 76' lang='lat' dir='ltr'>maromnnuannau.</span> 
     </span>
    </p>
   </div>
   <div class='ocr_carea' id='block_1_2' title="bbox 133 363 1542 4192">
    <p class='ocr_par' dir='ltr' id='par_1_2' title="bbox 133 363 1542 4192">
     <span class='ocr_line' id='line_1_2' title="bbox 176 363 1497 454; baseline -0.005 -17"><span class='ocrx_word' id='word_1_3' title='bbox 176 369 285 446; x_wconf 82' lang='lat' dir='ltr'>video,</span> <span class='ocrx_word' id='word_1_4' title='bbox 307 389 387 446; x_wconf 90' lang='lat' dir='ltr'>non,</span> <span class='ocrx_word' id='word_1_5' title='bbox 407 377 444 435; x_wconf 90' lang='lat' dir='ltr'>ut</span> <span class='ocrx_word' id='word_1_6' title='bbox 463 365 593 435; x_wconf 86' lang='lat' dir='ltr'>antehae</span> <span class='ocrx_word' id='word_1_7' title='bbox 612 365 776 454; x_wconf 82' lang='lat' dir='ltr'>putabam,</span> <span class='ocrx_word' id='word_1_8' title='bbox 798 364 929 433; x_wconf 88' lang='lat' dir='ltr'>novitati</span> <span class='ocrx_word' id='word_1_9' title='bbox 946 387 1017 431; x_wconf 89' lang='lat' dir='ltr'>esse</span> <span class='ocrx_word' id='word_1_10' title='bbox 1029 365 1166 435; x_wconf 75' lang='lat' dir='ltr'>inviam</span> <span class='ocrx_word' id='word_1_11' title='bbox 1179 384 1285 431; x_wconf 85' lang='lat' dir='ltr'>meae:</span> <span class='ocrx_word' id='word_1_12' title='bbox 1308 364 1341 431; x_wconf 94' lang='lat' dir='ltr'>ln</span> <span class='ocrx_word' id='word_1_13' title='bbox 1359 363 1497 441; x_wconf 80' lang='lat' dir='ltr'>toenim,</span> 
     </span>
     <span class='ocr_line' id='line_1_3' title="bbox 176 458 1498 546; baseline -0.005 -16"><span class='ocrx_word' id='word_1_14' title='bbox 176 463 303 530; x_wconf 90' lang='lat' dir='ltr'>homine</span> <span class='ocrx_word' id='word_1_15' title='bbox 334 461 475 529; x_wconf 91' lang='lat' dir='ltr'>omnium</span> <span class='ocrx_word' id='word_1_16' title='bbox 504 458 715 537; x_wconf 89' lang='lat' dir='ltr'>nobilissimo,</span> <span class='ocrx_word' id='word_1_17' title='bbox 747 458 862 535; x_wconf 77' lang='lat' dir='ltr'>similia</span> <span class='ocrx_word' id='word_1_18' title='bbox 888 459 1069 533; x_wconf 83' lang='lat' dir='ltr'>invidorum</span> <span class='ocrx_word' id='word_1_19' title='bbox 1097 459 1174 526; x_wconf 83' lang='lat' dir='ltr'>vitia</span> <span class='ocrx_word' id='word_1_20' title='bbox 1205 460 1371 546; x_wconf 78' lang='lat' dir='ltr'>perspexi3</span> <span class='ocrx_word' id='word_1_21' title='bbox 1403 479 1498 546; x_wconf 87' lang='lat' dir='ltr'>quem</span> 
     </span>
     <span class='ocr_line' id='line_1_4' title="bbox 176 551 1499 641; baseline -0.005 -16"><span class='ocrx_word' id='word_1_22' title='bbox 176 567 280 625; x_wconf 72' lang='lat' dir='ltr'>mmen</span> <span class='ocrx_word' id='word_1_23' title='bbox 300 557 345 622; x_wconf 95' lang='lat' dir='ltr'>illi</span> <span class='ocrx_word' id='word_1_24' title='bbox 367 576 435 623; x_wconf 90' lang='lat' dir='ltr'>esse</span> <span class='ocrx_word' id='word_1_25' title='bbox 455 553 490 623; x_wconf 87' lang='lat' dir='ltr'>iu</span> <span class='ocrx_word' id='word_1_26' title='bbox 510 553 705 641; x_wconf 87' lang='lat' dir='ltr'>principibus</span> <span class='ocrx_word' id='word_1_27' title='bbox 718 552 809 619; x_wconf 86' lang='lat' dir='ltr'>facile</span> <span class='ocrx_word' id='word_1_28' title='bbox 824 560 896 622; x_wconf 91' lang='lat' dir='ltr'>sunt</span> <span class='ocrx_word' id='word_1_29' title='bbox 908 553 1007 638; x_wconf 83' lang='lat' dir='ltr'>passi,</span> <span class='ocrx_word' id='word_1_30' title='bbox 1030 553 1157 619; x_wconf 81' lang='lat' dir='ltr'><strong>evolare</strong></span> <span class='ocrx_word' id='word_1_31' title='bbox 1172 552 1263 621; x_wconf 90' lang='lat' dir='ltr'>altius</span> <span class='ocrx_word' id='word_1_32' title='bbox 1282 563 1370 619; x_wconf 88' lang='lat' dir='ltr'>certa</span> <span class='ocrx_word' id='word_1_33' title='bbox 1389 551 1499 627; x_wconf 84' lang='lat' dir='ltr'>noluo·</span> 
     </span>
     <span class='ocr_line' id='line_1_5' title="bbox 177 645 1497 725; baseline -0.003 -8"><span class='ocrx_word' id='word_1_34' title='bbox 177 659 261 717; x_wconf 87' lang='lat' dir='ltr'>runt.</span> <span class='ocrx_word' id='word_1_35' title='bbox 304 648 431 717; x_wconf 81' lang='lat' dir='ltr'><strong>Gaudeo</strong></span> <span class='ocrx_word' id='word_1_36' title='bbox 452 655 538 715; x_wconf 82' lang='lat' dir='ltr'>haam</span> <span class='ocrx_word' id='word_1_37' title='bbox 561 645 744 714; x_wconf 81' lang='lat' dir='ltr'>dissimilem</span> <span class='ocrx_word' id='word_1_38' title='bbox 764 645 862 713; x_wconf 88' lang='lat' dir='ltr'>luisse</span> <span class='ocrx_word' id='word_1_39' title='bbox 882 645 1057 725; x_wconf 88' lang='lat' dir='ltr'>lortuuam;</span> <span class='ocrx_word' id='word_1_40' title='bbox 1089 647 1222 714; x_wconf 91' lang='lat' dir='ltr'>multum</span> <span class='ocrx_word' id='word_1_41' title='bbox 1243 646 1327 712; x_wconf 89' lang='lat' dir='ltr'>enim</span> <span class='ocrx_word' id='word_1_42' title='bbox 1348 646 1497 723; x_wconf 88' lang='lat' dir='ltr'>interest,</span> 
     </span>
     <span class='ocr_line' id='line_1_6' title="bbox 154 738 1499 811; baseline -0.001 -4"><span class='ocrx_word' id='word_1_43' title='bbox 154 754 283 809; x_wconf 87' lang='lat' dir='ltr'>sutram</span> <span class='ocrx_word' id='word_1_44' title='bbox 314 742 380 810; x_wconf 90' lang='lat' dir='ltr'>laus</span> <span class='ocrx_word' id='word_1_45' title='bbox 408 741 611 807; x_wconf 81' lang='lat' dir='ltr'>imminuatur</span> <span class='ocrx_word' id='word_1_46' title='bbox 637 762 678 811; x_wconf 88' lang='lat' dir='ltr'>an</span> <span class='ocrx_word' id='word_1_47' title='bbox 706 740 788 811; x_wconf 85' lang='lat' dir='ltr'>salus</span> <span class='ocrx_word' id='word_1_48' title='bbox 812 739 985 807; x_wconf 76' lang='lat' dir='ltr'><strong>deseratur.</strong></span> <span class='ocrx_word' id='word_1_49' title='bbox 1035 745 1086 806; x_wconf 86' lang='lat' dir='ltr'>hle</span> <span class='ocrx_word' id='word_1_50' title='bbox 1107 760 1197 806; x_wconf 88' lang='lat' dir='ltr'>meae</span> <span class='ocrx_word' id='word_1_51' title='bbox 1219 748 1322 805; x_wconf 87' lang='lat' dir='ltr'>lamen</span> <span class='ocrx_word' id='word_1_52' title='bbox 1344 761 1385 805; x_wconf 93' lang='lat' dir='ltr'>ne</span> <span class='ocrx_word' id='word_1_53' title='bbox 1405 738 1499 806; x_wconf 87' lang='lat' dir='ltr'>nimis</span> 
     </span>
     <span class='ocr_line' id='line_1_7' title="bbox 176 831 1499 923; baseline -0.001 -21"><span class='ocrx_word' id='word_1_54' title='bbox 176 836 366 923; x_wconf 89' lang='lat' dir='ltr'>poeniteret,</span> <span class='ocrx_word' id='word_1_55' title='bbox 398 845 454 901; x_wconf 94' lang='lat' dir='ltr'>tua</span> <span class='ocrx_word' id='word_1_56' title='bbox 480 834 595 901; x_wconf 75' lang='lat' dir='ltr'>abbate</span> <span class='ocrx_word' id='word_1_57' title='bbox 622 832 798 922; x_wconf 83' lang='lat' dir='ltr'>perlectum</span> <span class='ocrx_word' id='word_1_58' title='bbox 824 842 881 899; x_wconf 80' lang='lat' dir='ltr'>est.</span> <span class='ocrx_word' id='word_1_59' title='bbox 936 833 1060 901; x_wconf 77' lang='lat' dir='ltr'>Curasti</span> <span class='ocrx_word' id='word_1_60' title='bbox 1081 833 1180 909; x_wconf 89' lang='lat' dir='ltr'>enim,</span> <span class='ocrx_word' id='word_1_61' title='bbox 1210 833 1337 920; x_wconf 90' lang='lat' dir='ltr'>utplus</span> <span class='ocrx_word' id='word_1_62' title='bbox 1358 831 1499 901; x_wconf 83' lang='lat' dir='ltr'>additam</span> 
     </span>
     <span class='ocr_line' id='line_1_8' title="bbox 176 923 1498 1014; baseline -0.002 -21"><span class='ocrx_word' id='word_1_63' title='bbox 176 927 215 994; x_wconf 92' lang='lat' dir='ltr'>ad</span> <span class='ocrx_word' id='word_1_64' title='bbox 243 927 428 994; x_wconf 90' lang='lat' dir='ltr'>memoriam</span> <span class='ocrx_word' id='word_1_65' title='bbox 459 927 595 993; x_wconf 90' lang='lat' dir='ltr'>nominis</span> <span class='ocrx_word' id='word_1_66' title='bbox 630 927 746 1001; x_wconf 80' lang='lat' dir='ltr'>nostri,</span> <span class='ocrx_word' id='word_1_67' title='bbox 782 948 876 1013; x_wconf 91' lang='lat' dir='ltr'>quam</span> <span class='ocrx_word' id='word_1_68' title='bbox 911 926 1070 1014; x_wconf 91' lang='lat' dir='ltr'>demptum</span> <span class='ocrx_word' id='word_1_69' title='bbox 1104 925 1143 992; x_wconf 90' lang='lat' dir='ltr'>de</span> <span class='ocrx_word' id='word_1_70' title='bbox 1172 925 1298 992; x_wconf 90' lang='lat' dir='ltr'>fortuna</span> <span class='ocrx_word' id='word_1_71' title='bbox 1326 923 1498 991; x_wconf 85' lang='lat' dir='ltr'>videretur.</span> 
     </span>
     <span class='ocr_line' id='line_1_9' title="bbox 176 1019 1498 1096; baseline -0.002 -8"><span class='ocrx_word' id='word_1_72' title='bbox 176 1026 207 1088; x_wconf 81' lang='grc'><strong>3.</strong></span> <span class='ocrx_word' id='word_1_73' title='bbox 229 1027 273 1087; x_wconf 91' lang='lat' dir='ltr'>Te</span> <span class='ocrx_word' id='word_1_74' title='bbox 300 1041 378 1086; x_wconf 90' lang='lat' dir='ltr'>vero</span> <span class='ocrx_word' id='word_1_75' title='bbox 405 1041 539 1087; x_wconf 83' lang='lat' dir='ltr'><strong>emoneo</strong></span> <span class='ocrx_word' id='word_1_76' title='bbox 567 1041 639 1088; x_wconf 88' lang='lat' dir='ltr'>cum</span> <span class='ocrx_word' id='word_1_77' title='bbox 664 1019 824 1087; x_wconf 90' lang='lat' dir='ltr'>beneficiis</span> <span class='ocrx_word' id='word_1_78' title='bbox 844 1019 922 1096; x_wconf 90' lang='lat' dir='ltr'>tuis,</span> <span class='ocrx_word' id='word_1_79' title='bbox 957 1029 1023 1085; x_wconf 90' lang='lat' dir='ltr'>tum</span> <span class='ocrx_word' id='word_1_80' title='bbox 1044 1040 1152 1085; x_wconf 91' lang='lat' dir='ltr'>amore</span> <span class='ocrx_word' id='word_1_81' title='bbox 1173 1020 1317 1087; x_wconf 87' lang='lat' dir='ltr'>incitatus</span> <span class='ocrx_word' id='word_1_82' title='bbox 1337 1040 1429 1093; x_wconf 89' lang='lat' dir='ltr'>meo,</span> <span class='ocrx_word' id='word_1_83' title='bbox 1464 1027 1498 1085; x_wconf 90' lang='lat' dir='ltr'>nt</span> 
     </span>
     <span class='ocr_line' id='line_1_10' title="bbox 176 1111 1498 1201; baseline -0.002 -21"><span class='ocrx_word' id='word_1_84' title='bbox 176 1135 302 1184; x_wconf 89' lang='lat' dir='ltr'>omnem</span> <span class='ocrx_word' id='word_1_85' title='bbox 324 1113 472 1199; x_wconf 89' lang='lat' dir='ltr'>gloriam,</span> <span class='ocrx_word' id='word_1_86' title='bbox 493 1113 533 1179; x_wconf 94' lang='lat' dir='ltr'>ad</span> <span class='ocrx_word' id='word_1_87' title='bbox 554 1135 648 1201; x_wconf 91' lang='lat' dir='ltr'>quam</span> <span class='ocrx_word' id='word_1_88' title='bbox 669 1135 688 1178; x_wconf 94' lang='lat' dir='ltr'>a</span> <span class='ocrx_word' id='word_1_89' title='bbox 709 1113 844 1201; x_wconf 89' lang='lat' dir='ltr'>pueritia</span> <span class='ocrx_word' id='word_1_90' title='bbox 864 1111 1070 1179; x_wconf 86' lang='lat' dir='ltr'>inflammatus</span> <span class='ocrx_word' id='word_1_91' title='bbox 1091 1112 1194 1189; x_wconf 82' lang='lat' dir='ltr'>fuisti,</span> <span class='ocrx_word' id='word_1_92' title='bbox 1216 1113 1303 1180; x_wconf 90' lang='lat' dir='ltr'>omni</span> <span class='ocrx_word' id='word_1_93' title='bbox 1316 1133 1392 1180; x_wconf 89' lang='lat' dir='ltr'>cura</span> <span class='ocrx_word' id='word_1_94' title='bbox 1405 1121 1498 1200; x_wconf 90' lang='lat' dir='ltr'>atque</span> 
     </span>
     <span class='ocr_line' id='line_1_11' title="bbox 140 1207 1500 1296; baseline -0.001 -22"><span class='ocrx_word' id='word_1_95' title='bbox 140 1233 167 1274; x_wconf 83' lang='lat' dir='ltr'>ro</span> <span class='ocrx_word' id='word_1_96' title='bbox 176 1207 330 1275; x_wconf 91' lang='lat' dir='ltr'>industria</span> <span class='ocrx_word' id='word_1_97' title='bbox 361 1228 568 1296; x_wconf 88' lang='lat' dir='ltr'>consequare,</span> <span class='ocrx_word' id='word_1_98' title='bbox 598 1208 905 1294; x_wconf 79' lang='lat' dir='ltr'>magnitudinemque</span> <span class='ocrx_word' id='word_1_99' title='bbox 938 1208 1034 1273; x_wconf 91' lang='lat' dir='ltr'>animi</span> <span class='ocrx_word' id='word_1_100' title='bbox 1059 1207 1120 1281; x_wconf 90' lang='lat' dir='ltr'>tui,</span> <span class='ocrx_word' id='word_1_101' title='bbox 1156 1228 1249 1294; x_wconf 91' lang='lat' dir='ltr'>quam</span> <span class='ocrx_word' id='word_1_102' title='bbox 1281 1226 1342 1292; x_wconf 94' lang='lat' dir='ltr'>ego</span> <span class='ocrx_word' id='word_1_103' title='bbox 1374 1226 1500 1292; x_wconf 79' lang='lat' dir='ltr'>semper</span> 
     </span>
     <span class='ocr_line' id='line_1_12' title="bbox 177 1299 1499 1389; baseline -0.001 -23"><span class='ocrx_word' id='word_1_104' title='bbox 177 1323 247 1366; x_wconf 91' lang='lat' dir='ltr'>sum</span> <span class='ocrx_word' id='word_1_105' title='bbox 269 1301 440 1368; x_wconf 88' lang='lat' dir='ltr'>admiratus</span> <span class='ocrx_word' id='word_1_106' title='bbox 461 1322 648 1389; x_wconf 87' lang='lat' dir='ltr'><strong>semperque</strong></span> <span class='ocrx_word' id='word_1_107' title='bbox 670 1301 786 1377; x_wconf 88' lang='lat' dir='ltr'>amavi,</span> <span class='ocrx_word' id='word_1_108' title='bbox 808 1322 848 1373; x_wconf 91' lang='lat' dir='ltr'>ne</span> <span class='ocrx_word' id='word_1_109' title='bbox 869 1323 1007 1388; x_wconf 85' lang='lat' dir='ltr'>unquam</span> <span class='ocrx_word' id='word_1_110' title='bbox 1021 1299 1160 1367; x_wconf 85' lang='lat' dir='ltr'>inflectas</span> <span class='ocrx_word' id='word_1_111' title='bbox 1177 1301 1361 1388; x_wconf 92' lang='lat' dir='ltr'>cuiusquam</span> <span class='ocrx_word' id='word_1_112' title='bbox 1375 1299 1499 1367; x_wconf 89' lang='lat' dir='ltr'>iniuria.</span> 
     </span>
     <span class='ocr_line' id='line_1_13' title="bbox 177 1394 1499 1481; baseline -0.001 -20"><span class='ocrx_word' id='word_1_113' title='bbox 177 1400 288 1480; x_wconf 85' lang='lat' dir='ltr'>blagna</span> <span class='ocrx_word' id='word_1_114' title='bbox 318 1403 366 1459; x_wconf 92' lang='lat' dir='ltr'>est</span> <span class='ocrx_word' id='word_1_115' title='bbox 396 1395 559 1461; x_wconf 89' lang='lat' dir='ltr'>hominnm</span> <span class='ocrx_word' id='word_1_116' title='bbox 588 1395 696 1481; x_wconf 94' lang='lat' dir='ltr'>opinio</span> <span class='ocrx_word' id='word_1_117' title='bbox 730 1394 769 1460; x_wconf 93' lang='lat' dir='ltr'>de</span> <span class='ocrx_word' id='word_1_118' title='bbox 801 1404 850 1470; x_wconf 88' lang='lat' dir='ltr'>te,</span> <span class='ocrx_word' id='word_1_119' title='bbox 880 1416 992 1481; x_wconf 91' lang='lat' dir='ltr'>magna</span> <span class='ocrx_word' id='word_1_120' title='bbox 1023 1394 1254 1461; x_wconf 86' lang='lat' dir='ltr'>commendatio</span> <span class='ocrx_word' id='word_1_121' title='bbox 1290 1394 1499 1471; x_wconf 80' lang='lat' dir='ltr'>liberalitatis,</span> 
     </span>
     <span class='ocr_line' id='line_1_14' title="bbox 176 1488 1500 1577; baseline 0 -24"><span class='ocrx_word' id='word_1_122' title='bbox 176 1508 288 1574; x_wconf 90' lang='lat' dir='ltr'>magna</span> <span class='ocrx_word' id='word_1_123' title='bbox 309 1489 462 1570; x_wconf 80' lang='lat' dir='ltr'>memoria</span> <span class='ocrx_word' id='word_1_124' title='bbox 482 1489 661 1558; x_wconf 86' lang='lat' dir='ltr'>consulatus</span> <span class='ocrx_word' id='word_1_125' title='bbox 682 1489 738 1555; x_wconf 91' lang='lat' dir='ltr'>tui.</span> <span class='ocrx_word' id='word_1_126' title='bbox 781 1492 866 1553; x_wconf 86' lang='lat' dir='ltr'>Haec</span> <span class='ocrx_word' id='word_1_127' title='bbox 886 1488 1029 1575; x_wconf 88' lang='lat' dir='ltr'>prolecto</span> <span class='ocrx_word' id='word_1_128' title='bbox 1050 1488 1138 1555; x_wconf 85' lang='lat' dir='ltr'>vides</span> <span class='ocrx_word' id='word_1_129' title='bbox 1160 1496 1277 1577; x_wconf 89' lang='lat' dir='ltr'>quanto</span> <span class='ocrx_word' id='word_1_130' title='bbox 1299 1488 1500 1575; x_wconf 84' lang='lat' dir='ltr'>expressiora</span> 
     </span>
     <span class='ocr_line' id='line_1_15' title="bbox 178 1580 1500 1669; baseline 0.001 -25"><span class='ocrx_word' id='word_1_131' title='bbox 178 1591 357 1669; x_wconf 84' lang='lat' dir='ltr'>quantoque</span> <span class='ocrx_word' id='word_1_132' title='bbox 385 1582 557 1648; x_wconf 90' lang='lat' dir='ltr'>illustriora</span> <span class='ocrx_word' id='word_1_133' title='bbox 582 1582 689 1648; x_wconf 89' lang='lat' dir='ltr'>lutura</span> <span class='ocrx_word' id='word_1_134' title='bbox 714 1582 792 1656; x_wconf 91' lang='lat' dir='ltr'>sint,</span> <span class='ocrx_word' id='word_1_135' title='bbox 828 1602 900 1647; x_wconf 91' lang='lat' dir='ltr'>cum</span> <span class='ocrx_word' id='word_1_136' title='bbox 928 1583 1119 1669; x_wconf 87' lang='lat' dir='ltr'>aliquantum</span> <span class='ocrx_word' id='word_1_137' title='bbox 1148 1605 1189 1648; x_wconf 83' lang='lat' dir='ltr'>ex</span> <span class='ocrx_word' id='word_1_138' title='bbox 1215 1580 1379 1669; x_wconf 82' lang='lat' dir='ltr'>provincia</span> <span class='ocrx_word' id='word_1_139' title='bbox 1406 1589 1500 1667; x_wconf 88' lang='lat' dir='ltr'>atque</span> 
     </span>
     <span class='ocr_line' id='line_1_16' title="bbox 142 1675 1501 1762; baseline -0.001 -22"><span class='ocrx_word' id='word_1_140' title='bbox 142 1699 169 1740; x_wconf 79' lang='lat' dir='ltr'>aa</span> <span class='ocrx_word' id='word_1_141' title='bbox 177 1697 219 1741; x_wconf 86' lang='lat' dir='ltr'>ex</span> <span class='ocrx_word' id='word_1_142' title='bbox 239 1675 374 1762; x_wconf 89' lang='lat' dir='ltr'>imperio</span> <span class='ocrx_word' id='word_1_143' title='bbox 395 1675 496 1742; x_wconf 92' lang='lat' dir='ltr'>laudis</span> <span class='ocrx_word' id='word_1_144' title='bbox 517 1676 693 1742; x_wconf 90' lang='lat' dir='ltr'>accesserit.</span> <span class='ocrx_word' id='word_1_145' title='bbox 746 1678 943 1762; x_wconf 86' lang='lat' dir='ltr'>Quamquam</span> <span class='ocrx_word' id='word_1_146' title='bbox 964 1684 997 1741; x_wconf 90' lang='lat' dir='ltr'>te</span> <span class='ocrx_word' id='word_1_147' title='bbox 1017 1676 1061 1741; x_wconf 91' lang='lat' dir='ltr'>ita</span> <span class='ocrx_word' id='word_1_148' title='bbox 1081 1697 1194 1760; x_wconf 92' lang='lat' dir='ltr'>gerere</span> <span class='ocrx_word' id='word_1_149' title='bbox 1215 1675 1305 1749; x_wconf 81' lang='lat' dir='ltr'>solo,</span> <span class='ocrx_word' id='word_1_150' title='bbox 1340 1694 1422 1761; x_wconf 92' lang='lat' dir='ltr'>quae</span> <span class='ocrx_word' id='word_1_151' title='bbox 1443 1693 1501 1759; x_wconf 92' lang='lat' dir='ltr'>per</span> 
     </span>
     <span class='ocr_line' id='line_1_17' title="bbox 178 1766 1499 1857; baseline -0.002 -23"><span class='ocrx_word' id='word_1_152' title='bbox 178 1770 354 1836; x_wconf 84' lang='lat' dir='ltr'>exercitum</span> <span class='ocrx_word' id='word_1_153' title='bbox 383 1778 476 1857; x_wconf 91' lang='lat' dir='ltr'>atque</span> <span class='ocrx_word' id='word_1_154' title='bbox 504 1769 672 1856; x_wconf 87' lang='lat' dir='ltr'>imperium</span> <span class='ocrx_word' id='word_1_155' title='bbox 693 1768 830 1854; x_wconf 89' lang='lat' dir='ltr'>gerenda</span> <span class='ocrx_word' id='word_1_156' title='bbox 851 1777 942 1845; x_wconf 92' lang='lat' dir='ltr'>sunt,</span> <span class='ocrx_word' id='word_1_157' title='bbox 964 1778 1000 1834; x_wconf 95' lang='lat' dir='ltr'>ut</span> <span class='ocrx_word' id='word_1_158' title='bbox 1020 1768 1097 1835; x_wconf 91' lang='lat' dir='ltr'>haec</span> <span class='ocrx_word' id='word_1_159' title='bbox 1116 1769 1216 1836; x_wconf 92' lang='lat' dir='ltr'>multo</span> <span class='ocrx_word' id='word_1_160' title='bbox 1238 1777 1309 1834; x_wconf 91' lang='lat' dir='ltr'>ante</span> <span class='ocrx_word' id='word_1_161' title='bbox 1330 1766 1499 1843; x_wconf 85' lang='lat' dir='ltr'><strong>meditere,</strong></span> 
     </span>
     <span class='ocr_line' id='line_1_18' title="bbox 177 1858 1502 1950; baseline -0.001 -22"><span class='ocrx_word' id='word_1_162' title='bbox 177 1862 240 1928; x_wconf 93' lang='lat' dir='ltr'>huc</span> <span class='ocrx_word' id='word_1_163' title='bbox 261 1873 291 1928; x_wconf 93' lang='lat' dir='ltr'>te</span> <span class='ocrx_word' id='word_1_164' title='bbox 313 1883 419 1949; x_wconf 88' lang='lat' dir='ltr'>pares,</span> <span class='ocrx_word' id='word_1_165' title='bbox 456 1862 533 1928; x_wconf 89' lang='lat' dir='ltr'>haec</span> <span class='ocrx_word' id='word_1_166' title='bbox 553 1863 689 1948; x_wconf 80' lang='lat' dir='ltr'>cogites,</span> <span class='ocrx_word' id='word_1_167' title='bbox 718 1862 757 1928; x_wconf 90' lang='lat' dir='ltr'>ad</span> <span class='ocrx_word' id='word_1_168' title='bbox 778 1862 855 1928; x_wconf 88' lang='lat' dir='ltr'>haec</span> <span class='ocrx_word' id='word_1_169' title='bbox 876 1871 907 1927; x_wconf 87' lang='lat' dir='ltr'>te</span> <span class='ocrx_word' id='word_1_170' title='bbox 929 1884 1078 1928; x_wconf 85' lang='lat' dir='ltr'>exerceas</span> <span class='ocrx_word' id='word_1_171' title='bbox 1099 1862 1276 1950; x_wconf 88' lang='lat' dir='ltr'>sentiasque</span> <span class='ocrx_word' id='word_1_172' title='bbox 1297 1894 1339 1908; x_wconf 85' lang='lat'>—-</span> <span class='ocrx_word' id='word_1_173' title='bbox 1361 1860 1394 1927; x_wconf 89' lang='lat' dir='ltr'>id</span> <span class='ocrx_word' id='word_1_174' title='bbox 1415 1858 1502 1946; x_wconf 92' lang='lat' dir='ltr'>quod</span> 
     </span>
     <span class='ocr_line' id='line_1_19' title="bbox 178 1953 1500 2044; baseline -0.001 -25"><span class='ocrx_word' id='word_1_175' title='bbox 178 1955 252 2043; x_wconf 92' lang='lat' dir='ltr'>quia</span> <span class='ocrx_word' id='word_1_176' title='bbox 273 1977 398 2042; x_wconf 90' lang='lat' dir='ltr'>semper</span> <span class='ocrx_word' id='word_1_177' title='bbox 419 1955 565 2043; x_wconf 88' lang='lat' dir='ltr'>sperasti,</span> <span class='ocrx_word' id='word_1_178' title='bbox 599 1978 663 2022; x_wconf 93' lang='lat' dir='ltr'>non</span> <span class='ocrx_word' id='word_1_179' title='bbox 684 1955 794 2021; x_wconf 93' lang='lat' dir='ltr'>dubito</span> <span class='ocrx_word' id='word_1_180' title='bbox 816 1957 892 2043; x_wconf 92' lang='lat' dir='ltr'>quin</span> <span class='ocrx_word' id='word_1_181' title='bbox 913 1955 1043 2044; x_wconf 92' lang='lat' dir='ltr'>adeptus</span> <span class='ocrx_word' id='word_1_182' title='bbox 1064 1956 1219 2042; x_wconf 80' lang='lat' dir='ltr'>intelligas</span> <span class='ocrx_word' id='word_1_183' title='bbox 1240 1990 1279 2003; x_wconf 92' lang='lat'>-</span> <span class='ocrx_word' id='word_1_184' title='bbox 1303 1965 1334 2021; x_wconf 91' lang='lat' dir='ltr'>te</span> <span class='ocrx_word' id='word_1_185' title='bbox 1355 1953 1500 2021; x_wconf 82' lang='lat' dir='ltr'>facillime</span> 
     </span>
     <span class='ocr_line' id='line_1_20' title="bbox 178 2046 1502 2136; baseline -0.001 -22"><span class='ocrx_word' id='word_1_186' title='bbox 178 2070 271 2136; x_wconf 88' lang='lat' dir='ltr'>posse</span> <span class='ocrx_word' id='word_1_187' title='bbox 292 2047 436 2115; x_wconf 87' lang='lat' dir='ltr'>obtinere</span> <span class='ocrx_word' id='word_1_188' title='bbox 462 2070 619 2116; x_wconf 91' lang='lat' dir='ltr'>summum</span> <span class='ocrx_word' id='word_1_189' title='bbox 640 2059 733 2136; x_wconf 91' lang='lat' dir='ltr'>atque</span> <span class='ocrx_word' id='word_1_190' title='bbox 758 2049 941 2115; x_wconf 89' lang='lat' dir='ltr'>altissimum</span> <span class='ocrx_word' id='word_1_191' title='bbox 971 2050 1103 2136; x_wconf 90' lang='lat' dir='ltr'>gradum</span> <span class='ocrx_word' id='word_1_192' title='bbox 1124 2050 1268 2115; x_wconf 88' lang='lat' dir='ltr'>civitatis.</span> <span class='ocrx_word' id='word_1_193' title='bbox 1316 2051 1405 2126; x_wconf 87' lang='lat' dir='ltr'>Quae</span> <span class='ocrx_word' id='word_1_194' title='bbox 1432 2046 1502 2134; x_wconf 92' lang='lat' dir='ltr'>qni·</span> 
     </span>
     <span class='ocr_line' id='line_1_21' title="bbox 141 2139 1502 2230; baseline -0.001 -23"><span class='ocrx_word' id='word_1_195' title='bbox 141 2142 250 2213; x_wconf 60' lang='lat' dir='ltr'>eodem</span> <span class='ocrx_word' id='word_1_196' title='bbox 271 2164 341 2207; x_wconf 91' lang='lat' dir='ltr'>mea</span> <span class='ocrx_word' id='word_1_197' title='bbox 362 2144 538 2209; x_wconf 85' lang='lat' dir='ltr'>cohortatio</span> <span class='ocrx_word' id='word_1_198' title='bbox 560 2165 600 2208; x_wconf 91' lang='lat' dir='ltr'>ne</span> <span class='ocrx_word' id='word_1_199' title='bbox 621 2143 677 2208; x_wconf 90' lang='lat' dir='ltr'>tibi</span> <span class='ocrx_word' id='word_1_200' title='bbox 698 2143 799 2209; x_wconf 93' lang='lat' dir='ltr'>inanis</span> <span class='ocrx_word' id='word_1_201' title='bbox 820 2152 874 2208; x_wconf 91' lang='lat' dir='ltr'>aut</span> <span class='ocrx_word' id='word_1_202' title='bbox 896 2144 963 2210; x_wconf 91' lang='lat' dir='ltr'>sine</span> <span class='ocrx_word' id='word_1_203' title='bbox 984 2165 1077 2210; x_wconf 87' lang='lat' dir='ltr'>causa</span> <span class='ocrx_word' id='word_1_204' title='bbox 1098 2152 1241 2230; x_wconf 86' lang='lat' dir='ltr'>suscepta</span> <span class='ocrx_word' id='word_1_205' title='bbox 1263 2141 1420 2218; x_wconf 85' lang='lat' dir='ltr'>videatur,</span> <span class='ocrx_word' id='word_1_206' title='bbox 1447 2139 1502 2206; x_wconf 90' lang='lat' dir='ltr'>illa</span> 
     </span>
     <span class='ocr_line' id='line_1_22' title="bbox 178 2236 1502 2320; baseline -0.002 -17"><span class='ocrx_word' id='word_1_207' title='bbox 178 2258 229 2303; x_wconf 91' lang='lat' dir='ltr'>me</span> <span class='ocrx_word' id='word_1_208' title='bbox 250 2237 331 2302; x_wconf 88' lang='lat' dir='ltr'>ratio</span> <span class='ocrx_word' id='word_1_209' title='bbox 353 2238 471 2313; x_wconf 86' lang='lat' dir='ltr'>movit,</span> <span class='ocrx_word' id='word_1_210' title='bbox 499 2246 535 2303; x_wconf 87' lang='lat' dir='ltr'>ut</span> <span class='ocrx_word' id='word_1_211' title='bbox 554 2246 585 2302; x_wconf 90' lang='lat' dir='ltr'>te</span> <span class='ocrx_word' id='word_1_212' title='bbox 608 2259 648 2301; x_wconf 83' lang='lat' dir='ltr'>ex</span> <span class='ocrx_word' id='word_1_213' title='bbox 670 2237 785 2302; x_wconf 92' lang='lat' dir='ltr'>nostris</span> <span class='ocrx_word' id='word_1_214' title='bbox 807 2237 926 2302; x_wconf 83' lang='lat' dir='ltr'>eventis</span> <span class='ocrx_word' id='word_1_215' title='bbox 947 2237 1165 2304; x_wconf 83' lang='lat' dir='ltr'>communibus</span> <span class='ocrx_word' id='word_1_216' title='bbox 1191 2236 1422 2303; x_wconf 89' lang='lat' dir='ltr'>admonendum</span> <span class='ocrx_word' id='word_1_217' title='bbox 1443 2255 1502 2320; x_wconf 93' lang='lat' dir='ltr'>pu·</span> 
     </span>
     <span class='ocr_line' id='line_1_23' title="bbox 178 2330 1503 2418; baseline -0.002 -24"><span class='ocrx_word' id='word_1_218' title='bbox 178 2338 291 2404; x_wconf 85' lang='lat' dir='ltr'>tarem,</span> <span class='ocrx_word' id='word_1_219' title='bbox 313 2337 349 2395; x_wconf 87' lang='lat' dir='ltr'>ut</span> <span class='ocrx_word' id='word_1_220' title='bbox 368 2330 601 2404; x_wconf 88' lang='lat' dir='ltr'>considerares,</span> <span class='ocrx_word' id='word_1_221' title='bbox 628 2330 662 2395; x_wconf 92' lang='lat' dir='ltr'>in</span> <span class='ocrx_word' id='word_1_222' title='bbox 689 2331 775 2395; x_wconf 90' lang='lat' dir='ltr'>omni</span> <span class='ocrx_word' id='word_1_223' title='bbox 797 2330 919 2417; x_wconf 90' lang='lat' dir='ltr'>reliqua</span> <span class='ocrx_word' id='word_1_224' title='bbox 940 2331 1004 2395; x_wconf 85' lang='lat' dir='ltr'>vita</span> <span class='ocrx_word' id='word_1_225' title='bbox 1024 2331 1139 2418; x_wconf 92' lang='lat' dir='ltr'>quibus</span> <span class='ocrx_word' id='word_1_226' title='bbox 1161 2331 1323 2404; x_wconf 89' lang='lat' dir='ltr'>crederes,</span> <span class='ocrx_word' id='word_1_227' title='bbox 1351 2350 1431 2416; x_wconf 93' lang='lat' dir='ltr'>quos</span> <span class='ocrx_word' id='word_1_228' title='bbox 1452 2348 1503 2393; x_wconf 87' lang='lat' dir='ltr'>ca-</span> 
     </span>
     <span class='ocr_line' id='line_1_24' title="bbox 179 2422 1501 2511; baseline 0 -23"><span class='ocrx_word' id='word_1_229' title='bbox 179 2445 280 2489; x_wconf 86' lang='lat' dir='ltr'>veres.</span> <span class='ocrx_word' id='word_1_230' title='bbox 335 2428 385 2488; x_wconf 90' lang='lat'>10.</span> <span class='ocrx_word' id='word_1_231' title='bbox 422 2423 517 2503; x_wconf 87' lang='lat' dir='ltr'><strong>Quod</strong></span> <span class='ocrx_word' id='word_1_232' title='bbox 547 2422 659 2489; x_wconf 87' lang='lat' dir='ltr'>scribis</span> <span class='ocrx_word' id='word_1_233' title='bbox 687 2432 718 2488; x_wconf 93' lang='lat' dir='ltr'>te</span> <span class='ocrx_word' id='word_1_234' title='bbox 745 2424 825 2489; x_wconf 86' lang='lat' dir='ltr'>velle</span> <span class='ocrx_word' id='word_1_235' title='bbox 858 2423 959 2498; x_wconf 91' lang='lat' dir='ltr'>scire,</span> <span class='ocrx_word' id='word_1_236' title='bbox 992 2425 1048 2510; x_wconf 93' lang='lat' dir='ltr'>qui</span> <span class='ocrx_word' id='word_1_237' title='bbox 1076 2425 1117 2490; x_wconf 93' lang='lat' dir='ltr'>sit</span> <span class='ocrx_word' id='word_1_238' title='bbox 1148 2425 1195 2490; x_wconf 90' lang='lat' dir='ltr'>rei</span> <span class='ocrx_word' id='word_1_239' title='bbox 1223 2422 1367 2511; x_wconf 87' lang='lat' dir='ltr'>publicae</span> <span class='ocrx_word' id='word_1_240' title='bbox 1388 2431 1501 2498; x_wconf 88' lang='lat' dir='ltr'>status,</span> 
     </span>
     <span class='ocr_line' id='line_1_25' title="bbox 179 2515 1501 2604; baseline -0.002 -22"><span class='ocrx_word' id='word_1_241' title='bbox 179 2537 300 2582; x_wconf 90' lang='lat' dir='ltr'>summa</span> <span class='ocrx_word' id='word_1_242' title='bbox 321 2516 474 2583; x_wconf 88' lang='lat' dir='ltr'>dissensio</span> <span class='ocrx_word' id='word_1_243' title='bbox 496 2526 558 2592; x_wconf 90' lang='lat' dir='ltr'>est,</span> <span class='ocrx_word' id='word_1_244' title='bbox 581 2516 637 2582; x_wconf 91' lang='lat' dir='ltr'>sed</span> <span class='ocrx_word' id='word_1_245' title='bbox 657 2517 816 2582; x_wconf 89' lang='lat' dir='ltr'>contentio</span> <span class='ocrx_word' id='word_1_246' title='bbox 838 2516 955 2603; x_wconf 88' lang='lat' dir='ltr'>dispar.</span> <span class='ocrx_word' id='word_1_247' title='bbox 998 2522 1074 2583; x_wconf 91' lang='lat' dir='ltr'>Nam</span> <span class='ocrx_word' id='word_1_248' title='bbox 1089 2517 1143 2603; x_wconf 93' lang='lat' dir='ltr'>qui</span> <span class='ocrx_word' id='word_1_249' title='bbox 1158 2517 1228 2603; x_wconf 87' lang='lat' dir='ltr'>plus</span> <span class='ocrx_word' id='word_1_250' title='bbox 1242 2516 1373 2604; x_wconf 93' lang='lat' dir='ltr'>opibus,</span> <span class='ocrx_word' id='word_1_251' title='bbox 1395 2515 1501 2591; x_wconf 72' lang='lat' dir='ltr'>aranu,</span> 
     </span>
     <span class='ocr_line' id='line_1_26' title="bbox 143 2608 1503 2696; baseline -0.003 -18"><span class='ocrx_word' id='word_1_252' title='bbox 143 2610 317 2696; x_wconf 73' lang='lat' dir='ltr'>opolentia</span> <span class='ocrx_word' id='word_1_253' title='bbox 339 2610 455 2686; x_wconf 87' lang='lat' dir='ltr'>valent,</span> <span class='ocrx_word' id='word_1_254' title='bbox 483 2609 654 2696; x_wconf 81' lang='lat' dir='ltr'>proiecisse</span> <span class='ocrx_word' id='word_1_255' title='bbox 676 2618 794 2675; x_wconf 90' lang='lat' dir='ltr'>tantum</span> <span class='ocrx_word' id='word_1_256' title='bbox 824 2609 902 2674; x_wconf 90' lang='lat' dir='ltr'>mibi</span> <span class='ocrx_word' id='word_1_257' title='bbox 928 2609 1074 2675; x_wconf 84' lang='lat' dir='ltr'>videntur</span> <span class='ocrx_word' id='word_1_258' title='bbox 1095 2611 1224 2676; x_wconf 87' lang='lat' dir='ltr'>stultitia</span> <span class='ocrx_word' id='word_1_259' title='bbox 1245 2620 1276 2675; x_wconf 90' lang='lat' dir='ltr'>ct</span> <span class='ocrx_word' id='word_1_260' title='bbox 1297 2608 1503 2677; x_wconf 85' lang='lat' dir='ltr'>inconstantia</span> 
     </span>
     <span class='ocr_line' id='line_1_27' title="bbox 179 2695 1502 2791; baseline 0 -23"><span class='ocrx_word' id='word_1_261' title='bbox 179 2695 442 2778; x_wconf 79' lang='lat' dir='ltr'>adversariorum,</span> <span class='ocrx_word' id='word_1_262' title='bbox 465 2712 500 2768; x_wconf 91' lang='lat' dir='ltr'>ut</span> <span class='ocrx_word' id='word_1_263' title='bbox 520 2704 614 2769; x_wconf 89' lang='lat' dir='ltr'>etiam</span> <span class='ocrx_word' id='word_1_264' title='bbox 635 2703 819 2769; x_wconf 89' lang='lat' dir='ltr'>auctoritate</span> <span class='ocrx_word' id='word_1_265' title='bbox 840 2703 903 2768; x_wconf 93' lang='lat' dir='ltr'>iam</span> <span class='ocrx_word' id='word_1_266' title='bbox 925 2703 995 2789; x_wconf 90' lang='lat' dir='ltr'>plus</span> <span class='ocrx_word' id='word_1_267' title='bbox 1016 2703 1165 2770; x_wconf 84' lang='lat' dir='ltr'>valerent.</span> <span class='ocrx_word' id='word_1_268' title='bbox 1207 2709 1315 2791; x_wconf 91' lang='lat' dir='ltr'>ltaque</span> <span class='ocrx_word' id='word_1_269' title='bbox 1336 2701 1502 2791; x_wconf 86' lang='lat' dir='ltr'>perpaucis</span> 
     </span>
     <span class='ocr_line' id='line_1_28' title="bbox 179 2795 1503 2883; baseline -0.002 -21"><span class='ocrx_word' id='word_1_270' title='bbox 179 2796 417 2863; x_wconf 84' lang='lat' dir='ltr'>adversantibus</span> <span class='ocrx_word' id='word_1_271' title='bbox 447 2795 574 2872; x_wconf 91' lang='lat' dir='ltr'>omnia,</span> <span class='ocrx_word' id='word_1_272' title='bbox 610 2817 691 2883; x_wconf 89' lang='lat' dir='ltr'>quae</span> <span class='ocrx_word' id='word_1_273' title='bbox 723 2817 762 2860; x_wconf 92' lang='lat' dir='ltr'>ne</span> <span class='ocrx_word' id='word_1_274' title='bbox 790 2816 848 2882; x_wconf 88' lang='lat' dir='ltr'>per</span> <span class='ocrx_word' id='word_1_275' title='bbox 876 2795 1029 2882; x_wconf 92' lang='lat' dir='ltr'>populum</span> <span class='ocrx_word' id='word_1_276' title='bbox 1055 2796 1182 2883; x_wconf 90' lang='lat' dir='ltr'>quidem</span> <span class='ocrx_word' id='word_1_277' title='bbox 1203 2799 1271 2863; x_wconf 88' lang='lat' dir='ltr'>sine</span> <span class='ocrx_word' id='word_1_278' title='bbox 1293 2796 1447 2863; x_wconf 88' lang='lat' dir='ltr'>seditione</span> <span class='ocrx_word' id='word_1_279' title='bbox 1467 2815 1503 2861; x_wconf 88' lang='lat' dir='ltr'>se</span> 
     </span>
     <span class='ocr_line' id='line_1_29' title="bbox 133 2888 1503 2977; baseline 0.001 -22"><span class='ocrx_word' id='word_1_280' title='bbox 133 2897 138 2906; x_wconf 91' lang='lat'>&#39;</span> <span class='ocrx_word' id='word_1_281' title='bbox 179 2890 305 2977; x_wconf 90' lang='lat' dir='ltr'>assequi</span> <span class='ocrx_word' id='word_1_282' title='bbox 330 2888 583 2966; x_wconf 86' lang='lat' dir='ltr'>arbitrabantur,</span> <span class='ocrx_word' id='word_1_283' title='bbox 619 2898 840 2977; x_wconf 84' lang='lat' dir='ltr'>personatum</span> <span class='ocrx_word' id='word_1_284' title='bbox 862 2890 1129 2969; x_wconf 80' lang='lat' dir='ltr'>consecutisunt3</span> <span class='ocrx_word' id='word_1_285' title='bbox 1160 2912 1232 2956; x_wconf 87' lang='lat' dir='ltr'>nam</span> <span class='ocrx_word' id='word_1_286' title='bbox 1260 2900 1293 2957; x_wconf 87' lang='lat' dir='ltr'>et</span> <span class='ocrx_word' id='word_1_287' title='bbox 1313 2889 1503 2977; x_wconf 86' lang='lat' dir='ltr'>stipendium</span> 
     </span>
     <span class='ocr_line' id='line_1_30' title="bbox 180 2979 1542 3071; baseline -0.001 -22"><span class='ocrx_word' id='word_1_288' title='bbox 180 2982 306 3049; x_wconf 77' lang='lat' dir='ltr'>Caesari</span> <span class='ocrx_word' id='word_1_289' title='bbox 327 2982 488 3048; x_wconf 89' lang='lat' dir='ltr'>decretum</span> <span class='ocrx_word' id='word_1_290' title='bbox 509 2992 557 3050; x_wconf 90' lang='lat' dir='ltr'>est</span> <span class='ocrx_word' id='word_1_291' title='bbox 577 2992 609 3049; x_wconf 90' lang='lat' dir='ltr'>et</span> <span class='ocrx_word' id='word_1_292' title='bbox 629 2983 739 3049; x_wconf 89' lang='lat' dir='ltr'>decem</span> <span class='ocrx_word' id='word_1_293' title='bbox 760 2982 853 3067; x_wconf 86' lang='lat' dir='ltr'>legati</span> <span class='ocrx_word' id='word_1_294' title='bbox 875 2991 922 3058; x_wconf 92' lang='lat' dir='ltr'>et,</span> <span class='ocrx_word' id='word_1_295' title='bbox 950 3005 990 3048; x_wconf 90' lang='lat' dir='ltr'>ne</span> <span class='ocrx_word' id='word_1_296' title='bbox 1012 2983 1081 3068; x_wconf 92' lang='lat' dir='ltr'>lege</span> <span class='ocrx_word' id='word_1_297' title='bbox 1109 2985 1293 3071; x_wconf 87' lang='lat' dir='ltr'>Sempronia</span> <span class='ocrx_word' id='word_1_298' title='bbox 1320 2983 1504 3050; x_wconf 88' lang='lat' dir='ltr'>succedere·</span> <span class='ocrx_word' id='word_1_299' title='bbox 1540 2979 1542 2984; x_wconf 78' lang='grc'><strong>’</strong></span> 
     </span>
     <span class='ocr_line' id='line_1_31' title="bbox 142 3073 1504 3164; baseline -0.001 -20"><span class='ocrx_word' id='word_1_300' title='bbox 142 3085 248 3153; x_wconf 79' lang='lat' dir='ltr'>solur,</span> <span class='ocrx_word' id='word_1_301' title='bbox 271 3075 362 3141; x_wconf 82' lang='lat' dir='ltr'>facile</span> <span class='ocrx_word' id='word_1_302' title='bbox 383 3076 558 3164; x_wconf 88' lang='lat' dir='ltr'>perlectum</span> <span class='ocrx_word' id='word_1_303' title='bbox 579 3085 636 3143; x_wconf 90' lang='lat' dir='ltr'>est.</span> <span class='ocrx_word' id='word_1_304' title='bbox 680 3073 774 3153; x_wconf 88' lang='lat' dir='ltr'><strong>Quod</strong></span> <span class='ocrx_word' id='word_1_305' title='bbox 797 3096 835 3140; x_wconf 97' lang='lat' dir='ltr'>eo</span> <span class='ocrx_word' id='word_1_306' title='bbox 857 3075 897 3141; x_wconf 94' lang='lat' dir='ltr'>ad</span> <span class='ocrx_word' id='word_1_307' title='bbox 918 3087 948 3141; x_wconf 89' lang='lat' dir='ltr'>te</span> <span class='ocrx_word' id='word_1_308' title='bbox 962 3075 1090 3143; x_wconf 81' lang='lat' dir='ltr'>brevius</span> <span class='ocrx_word' id='word_1_309' title='bbox 1105 3076 1226 3152; x_wconf 90' lang='lat' dir='ltr'>scribo,</span> <span class='ocrx_word' id='word_1_310' title='bbox 1249 3078 1323 3164; x_wconf 92' lang='lat' dir='ltr'>quia</span> <span class='ocrx_word' id='word_1_311' title='bbox 1337 3098 1388 3142; x_wconf 92' lang='lat' dir='ltr'>me</span> <span class='ocrx_word' id='word_1_312' title='bbox 1405 3084 1504 3143; x_wconf 89' lang='lat' dir='ltr'>status</span> 
     </span>
     <span class='ocr_line' id='line_1_32' title="bbox 180 3167 1503 3258; baseline -0.001 -22"><span class='ocrx_word' id='word_1_313' title='bbox 180 3168 231 3236; x_wconf 91' lang='lat' dir='ltr'>bic</span> <span class='ocrx_word' id='word_1_314' title='bbox 252 3170 301 3235; x_wconf 90' lang='lat' dir='ltr'>rei</span> <span class='ocrx_word' id='word_1_315' title='bbox 322 3169 464 3257; x_wconf 90' lang='lat' dir='ltr'>publicae</span> <span class='ocrx_word' id='word_1_316' title='bbox 486 3190 550 3236; x_wconf 93' lang='lat' dir='ltr'>non</span> <span class='ocrx_word' id='word_1_317' title='bbox 571 3170 720 3236; x_wconf 89' lang='lat' dir='ltr'>delectat:</span> <span class='ocrx_word' id='word_1_318' title='bbox 742 3167 848 3234; x_wconf 87' lang='lat' dir='ltr'>scribo</span> <span class='ocrx_word' id='word_1_319' title='bbox 866 3178 986 3244; x_wconf 86' lang='lat' dir='ltr'>tamen,</span> <span class='ocrx_word' id='word_1_320' title='bbox 1008 3179 1042 3237; x_wconf 89' lang='lat' dir='ltr'>ut</span> <span class='ocrx_word' id='word_1_321' title='bbox 1057 3179 1087 3235; x_wconf 89' lang='lat' dir='ltr'>te</span> <span class='ocrx_word' id='word_1_322' title='bbox 1101 3169 1302 3245; x_wconf 90' lang='lat' dir='ltr'>admoneam,</span> <span class='ocrx_word' id='word_1_323' title='bbox 1325 3168 1411 3258; x_wconf 95' lang='lat' dir='ltr'>quod</span> <span class='ocrx_word' id='word_1_324' title='bbox 1424 3169 1503 3256; x_wconf 90' lang='lat' dir='ltr'>ipse,</span> 
     </span>
     <span class='ocr_line' id='line_1_33' title="bbox 179 3261 1503 3351; baseline -0.002 -21"><span class='ocrx_word' id='word_1_325' title='bbox 179 3263 291 3330; x_wconf 92' lang='lat' dir='ltr'>litteris</span> <span class='ocrx_word' id='word_1_326' title='bbox 323 3263 470 3330; x_wconf 92' lang='lat' dir='ltr'>omnibus</span> <span class='ocrx_word' id='word_1_327' title='bbox 505 3285 524 3328; x_wconf 94' lang='lat' dir='ltr'>a</span> <span class='ocrx_word' id='word_1_328' title='bbox 551 3263 687 3351; x_wconf 89' lang='lat' dir='ltr'>pueritia</span> <span class='ocrx_word' id='word_1_329' title='bbox 720 3261 866 3336; x_wconf 89' lang='lat' dir='ltr'>deditus,</span> <span class='ocrx_word' id='word_1_330' title='bbox 904 3262 1097 3349; x_wconf 86' lang='lat' dir='ltr'>experiendo</span> <span class='ocrx_word' id='word_1_331' title='bbox 1137 3272 1241 3330; x_wconf 91' lang='lat' dir='ltr'>tamen</span> <span class='ocrx_word' id='word_1_332' title='bbox 1275 3264 1375 3350; x_wconf 91' lang='lat' dir='ltr'>magis</span> <span class='ocrx_word' id='word_1_333' title='bbox 1410 3284 1503 3350; x_wconf 89' lang='lat' dir='ltr'>quam</span> 
     </span>
     <span class='ocr_line' id='line_1_34' title="bbox 180 3356 1504 3444; baseline 0.001 -22"><span class='ocrx_word' id='word_1_334' title='bbox 180 3356 330 3423; x_wconf 90' lang='lat' dir='ltr'>discendo</span> <span class='ocrx_word' id='word_1_335' title='bbox 359 3357 509 3443; x_wconf 86' lang='lat' dir='ltr'>cognovi,</span> <span class='ocrx_word' id='word_1_336' title='bbox 541 3367 576 3423; x_wconf 90' lang='lat' dir='ltr'>tu</span> <span class='ocrx_word' id='word_1_337' title='bbox 605 3357 667 3423; x_wconf 91' lang='lat' dir='ltr'>tuis</span> <span class='ocrx_word' id='word_1_338' title='bbox 698 3356 794 3422; x_wconf 91' lang='lat' dir='ltr'>rebus</span> <span class='ocrx_word' id='word_1_339' title='bbox 822 3356 952 3440; x_wconf 88' lang='lat' dir='ltr'>integris</span> <span class='ocrx_word' id='word_1_340' title='bbox 985 3357 1085 3423; x_wconf 88' lang='lat' dir='ltr'>discas</span> <span class='ocrx_word' id='word_1_341' title='bbox 1115 3379 1219 3444; x_wconf 92' lang='lat' dir='ltr'>neque</span> <span class='ocrx_word' id='word_1_342' title='bbox 1248 3357 1355 3423; x_wconf 92' lang='lat' dir='ltr'>salutis</span> <span class='ocrx_word' id='word_1_343' title='bbox 1377 3367 1504 3423; x_wconf 91' lang='lat' dir='ltr'>nostrae</span> 
     </span>
     <span class='ocr_line' id='line_1_35' title="bbox 178 3449 1503 3537; baseline -0.001 -22"><span class='ocrx_word' id='word_1_344' title='bbox 178 3451 334 3516; x_wconf 90' lang='lat' dir='ltr'>rationem</span> <span class='ocrx_word' id='word_1_345' title='bbox 355 3450 529 3516; x_wconf 88' lang='lat' dir='ltr'>habendam</span> <span class='ocrx_word' id='word_1_346' title='bbox 550 3449 641 3516; x_wconf 92' lang='lat' dir='ltr'>nobis</span> <span class='ocrx_word' id='word_1_347' title='bbox 662 3471 732 3515; x_wconf 91' lang='lat' dir='ltr'>esse</span> <span class='ocrx_word' id='word_1_348' title='bbox 754 3450 820 3515; x_wconf 92' lang='lat' dir='ltr'>sine</span> <span class='ocrx_word' id='word_1_349' title='bbox 843 3449 991 3534; x_wconf 89' lang='lat' dir='ltr'>dignitate</span> <span class='ocrx_word' id='word_1_350' title='bbox 1012 3472 1114 3537; x_wconf 93' lang='lat' dir='ltr'>neque</span> <span class='ocrx_word' id='word_1_351' title='bbox 1137 3450 1295 3536; x_wconf 90' lang='lat' dir='ltr'>dignitatis</span> <span class='ocrx_word' id='word_1_352' title='bbox 1310 3451 1377 3515; x_wconf 91' lang='lat' dir='ltr'>sine</span> <span class='ocrx_word' id='word_1_353' title='bbox 1394 3450 1503 3516; x_wconf 89' lang='lat' dir='ltr'>salute.</span> 
     </span>
     <span class='ocr_line' id='line_1_36' title="bbox 143 3542 1507 3630; baseline -0.004 -18"><span class='ocrx_word' id='word_1_354' title='bbox 143 3548 232 3612; x_wconf 81' lang='lat' dir='ltr'>sall.</span> <span class='ocrx_word' id='word_1_355' title='bbox 256 3543 350 3622; x_wconf 86' lang='lat' dir='ltr'><strong>Quod</strong></span> <span class='ocrx_word' id='word_1_356' title='bbox 372 3543 448 3611; x_wconf 92' lang='lat' dir='ltr'>mibi</span> <span class='ocrx_word' id='word_1_357' title='bbox 474 3545 512 3610; x_wconf 96' lang='lat' dir='ltr'>de</span> <span class='ocrx_word' id='word_1_358' title='bbox 531 3543 594 3609; x_wconf 84' lang='lat' dir='ltr'>lilia</span> <span class='ocrx_word' id='word_1_359' title='bbox 621 3543 712 3609; x_wconf 89' lang='lat' dir='ltr'>etde</span> <span class='ocrx_word' id='word_1_360' title='bbox 741 3543 925 3630; x_wconf 90' lang='lat' dir='ltr'>Crassipede</span> <span class='ocrx_word' id='word_1_361' title='bbox 952 3545 1133 3629; x_wconf 90' lang='lat' dir='ltr'>gratularis,</span> <span class='ocrx_word' id='word_1_362' title='bbox 1168 3565 1304 3629; x_wconf 92' lang='lat' dir='ltr'>agnosco</span> <span class='ocrx_word' id='word_1_363' title='bbox 1332 3542 1507 3609; x_wconf 85' lang='lat' dir='ltr'>humanita-</span> 
     </span>
     <span class='ocr_line' id='line_1_37' title="bbox 180 3635 1504 3725; baseline -0.001 -23"><span class='ocrx_word' id='word_1_364' title='bbox 180 3643 244 3702; x_wconf 91' lang='lat' dir='ltr'>tem</span> <span class='ocrx_word' id='word_1_365' title='bbox 274 3647 375 3711; x_wconf 91' lang='lat' dir='ltr'>tuam,</span> <span class='ocrx_word' id='word_1_366' title='bbox 408 3659 565 3725; x_wconf 91' lang='lat' dir='ltr'>speroque</span> <span class='ocrx_word' id='word_1_367' title='bbox 593 3646 624 3702; x_wconf 92' lang='lat' dir='ltr'>et</span> <span class='ocrx_word' id='word_1_368' title='bbox 649 3645 726 3722; x_wconf 92' lang='lat' dir='ltr'>opto</span> <span class='ocrx_word' id='word_1_369' title='bbox 753 3635 844 3702; x_wconf 94' lang='lat' dir='ltr'>nobis</span> <span class='ocrx_word' id='word_1_370' title='bbox 872 3636 951 3701; x_wconf 89' lang='lat' dir='ltr'>hano</span> <span class='ocrx_word' id='word_1_371' title='bbox 979 3638 1229 3703; x_wconf 89' lang='lat' dir='ltr'>coniunctionem</span> <span class='ocrx_word' id='word_1_372' title='bbox 1251 3636 1403 3722; x_wconf 88' lang='lat' dir='ltr'>voluptati</span> <span class='ocrx_word' id='word_1_373' title='bbox 1424 3636 1504 3702; x_wconf 88' lang='lat' dir='ltr'>lore.</span> 
     </span>
     <span class='ocr_line' id='line_1_38' title="bbox 179 3729 1505 3818; baseline -0.001 -22"><span class='ocrx_word' id='word_1_374' title='bbox 179 3731 345 3797; x_wconf 89' lang='lat' dir='ltr'>Lentulum</span> <span class='ocrx_word' id='word_1_375' title='bbox 365 3732 480 3796; x_wconf 84' lang='lat' dir='ltr'>eximia</span> <span class='ocrx_word' id='word_1_376' title='bbox 501 3753 556 3818; x_wconf 93' lang='lat' dir='ltr'>spe</span> <span class='ocrx_word' id='word_1_377' title='bbox 584 3752 723 3797; x_wconf 90' lang='lat' dir='ltr'>summae</span> <span class='ocrx_word' id='word_1_378' title='bbox 744 3731 869 3795; x_wconf 88' lang='lat' dir='ltr'>virtutis</span> <span class='ocrx_word' id='word_1_379' title='bbox 891 3729 1118 3796; x_wconf 86' lang='lat' dir='ltr'>adolescentem</span> <span class='ocrx_word' id='word_1_380' title='bbox 1140 3753 1210 3796; x_wconf 89' lang='lat' dir='ltr'>cum</span> <span class='ocrx_word' id='word_1_381' title='bbox 1232 3732 1344 3797; x_wconf 89' lang='lat' dir='ltr'>ceteris</span> <span class='ocrx_word' id='word_1_382' title='bbox 1366 3729 1505 3806; x_wconf 91' lang='lat' dir='ltr'>artibus,</span> 
     </span>
     <span class='ocr_line' id='line_1_39' title="bbox 180 3823 1505 3912; baseline 0 -24"><span class='ocrx_word' id='word_1_383' title='bbox 180 3823 295 3910; x_wconf 91' lang='lat' dir='ltr'>quibus</span> <span class='ocrx_word' id='word_1_384' title='bbox 316 3823 461 3890; x_wconf 89' lang='lat' dir='ltr'>studuis&#39;ti</span> <span class='ocrx_word' id='word_1_385' title='bbox 483 3847 608 3912; x_wconf 89' lang='lat' dir='ltr'>semper</span> <span class='ocrx_word' id='word_1_386' title='bbox 629 3825 713 3910; x_wconf 88' lang='lat' dir='ltr'>ipse,</span> <span class='ocrx_word' id='word_1_387' title='bbox 746 3833 812 3888; x_wconf 92' lang='lat' dir='ltr'>tum</span> <span class='ocrx_word' id='word_1_388' title='bbox 833 3824 997 3909; x_wconf 93' lang='lat' dir='ltr'>inprimis</span> <span class='ocrx_word' id='word_1_389' title='bbox 1031 3824 1203 3889; x_wconf 88' lang='lat' dir='ltr'>imitatione</span> <span class='ocrx_word' id='word_1_390' title='bbox 1225 3827 1271 3890; x_wconf 92' lang='lat' dir='ltr'>tui</span> <span class='ocrx_word' id='word_1_391' title='bbox 1292 3825 1341 3890; x_wconf 89' lang='lat' dir='ltr'>lac</span> <span class='ocrx_word' id='word_1_392' title='bbox 1363 3824 1505 3902; x_wconf 83' lang='lat' dir='ltr'>erudias;</span> 
     </span>
     <span class='ocr_line' id='line_1_40' title="bbox 180 3917 1507 4005; baseline -0.002 -21"><span class='ocrx_word' id='word_1_393' title='bbox 180 3918 265 3984; x_wconf 89' lang='lat' dir='ltr'>nulla</span> <span class='ocrx_word' id='word_1_394' title='bbox 297 3918 382 3983; x_wconf 92' lang='lat' dir='ltr'>enim</span> <span class='ocrx_word' id='word_1_395' title='bbox 403 3919 464 3985; x_wconf 90' lang='lat' dir='ltr'>erit</span> <span class='ocrx_word' id='word_1_396' title='bbox 484 3919 543 3984; x_wconf 90' lang='lat' dir='ltr'>bac</span> <span class='ocrx_word' id='word_1_397' title='bbox 563 3918 772 4003; x_wconf 90' lang='lat' dir='ltr'>praestantior</span> <span class='ocrx_word' id='word_1_398' title='bbox 794 3917 973 4003; x_wconf 86' lang='lat' dir='ltr'>disciplina:</span> <span class='ocrx_word' id='word_1_399' title='bbox 1009 3939 1103 4004; x_wconf 91' lang='lat' dir='ltr'>quem</span> <span class='ocrx_word' id='word_1_400' title='bbox 1124 3940 1198 3994; x_wconf 91' lang='lat' dir='ltr'>nos,</span> <span class='ocrx_word' id='word_1_401' title='bbox 1232 3928 1263 3983; x_wconf 93' lang='lat' dir='ltr'>et</span> <span class='ocrx_word' id='word_1_402' title='bbox 1284 3919 1357 4005; x_wconf 92' lang='lat' dir='ltr'>quia</span> <span class='ocrx_word' id='word_1_403' title='bbox 1380 3928 1452 3984; x_wconf 91' lang='lat' dir='ltr'>tuus</span> <span class='ocrx_word' id='word_1_404' title='bbox 1474 3927 1507 3982; x_wconf 88' lang='lat' dir='ltr'>et</span> 
     </span>
     <span class='ocr_line' id='line_1_41' title="bbox 143 4009 1507 4099; baseline -0.001 -21"><span class='ocrx_word' id='word_1_405' title='bbox 143 4012 255 4099; x_wconf 78' lang='lat' dir='ltr'>soquia</span> <span class='ocrx_word' id='word_1_406' title='bbox 276 4022 306 4078; x_wconf 89' lang='lat' dir='ltr'>te</span> <span class='ocrx_word' id='word_1_407' title='bbox 328 4013 441 4097; x_wconf 90' lang='lat' dir='ltr'>dignus</span> <span class='ocrx_word' id='word_1_408' title='bbox 463 4021 510 4077; x_wconf 90' lang='lat' dir='ltr'>est</span> <span class='ocrx_word' id='word_1_409' title='bbox 530 4011 612 4077; x_wconf 85' lang='lat' dir='ltr'>lilius</span> <span class='ocrx_word' id='word_1_410' title='bbox 634 4020 666 4076; x_wconf 89' lang='lat' dir='ltr'>et</span> <span class='ocrx_word' id='word_1_411' title='bbox 687 4011 760 4098; x_wconf 91' lang='lat' dir='ltr'>quia</span> <span class='ocrx_word' id='word_1_412' title='bbox 781 4032 839 4076; x_wconf 90' lang='lat' dir='ltr'>nos</span> <span class='ocrx_word' id='word_1_413' title='bbox 861 4010 963 4096; x_wconf 91' lang='lat' dir='ltr'>diligit</span> <span class='ocrx_word' id='word_1_414' title='bbox 984 4032 1170 4099; x_wconf 88' lang='lat' dir='ltr'>semperque</span> <span class='ocrx_word' id='word_1_415' title='bbox 1193 4012 1317 4089; x_wconf 84' lang='lat' dir='ltr'>dilexit,</span> <span class='ocrx_word' id='word_1_416' title='bbox 1339 4012 1372 4076; x_wconf 92' lang='lat' dir='ltr'>in</span> <span class='ocrx_word' id='word_1_417' title='bbox 1393 4009 1507 4098; x_wconf 86' lang='lat' dir='ltr'>primia</span> 
     </span>
     <span class='ocr_line' id='line_1_42' title="bbox 180 4104 696 4192; baseline 0.002 -22"><span class='ocrx_word' id='word_1_418' title='bbox 180 4127 321 4171; x_wconf 88' lang='lat' dir='ltr'>amamus</span> <span class='ocrx_word' id='word_1_419' title='bbox 343 4126 512 4192; x_wconf 90' lang='lat' dir='ltr'>carumque</span> <span class='ocrx_word' id='word_1_420' title='bbox 534 4104 696 4171; x_wconf 89' lang='lat' dir='ltr'>habemus.</span> 
     </span>
    </p>
   </div>
   <div class='ocr_carea' id='block_1_3' title="bbox 180 4302 1507 4790">
    <p class='ocr_par' dir='ltr' id='par_1_3' title="bbox 180 4302 1507 4790">
     <span class='ocr_line' id='line_1_43' title="bbox 250 4302 1505 4368; baseline -0.002 -11"><span class='ocrx_word' id='word_1_421' title='bbox 250 4306 277 4356; x_wconf 90' lang='grc'><strong>3.</strong></span> <span class='ocrx_word' id='word_1_422' title='bbox 305 4313 394 4357; x_wconf 78' lang='lat' dir='ltr'>tornea</span> <span class='ocrx_word' id='word_1_423' title='bbox 419 4306 467 4356; x_wconf 82' lang='lat' dir='ltr'>atsi</span> <span class='ocrx_word' id='word_1_424' title='bbox 493 4304 577 4356; x_wconf 85' lang='lat' dir='ltr'>Codd.</span> <span class='ocrx_word' id='word_1_425' title='bbox 605 4305 633 4355; x_wconf 91' lang='lat' dir='ltr'>ln</span> <span class='ocrx_word' id='word_1_426' title='bbox 652 4318 739 4368; x_wconf 84' lang='lat' dir='ltr'>marg.</span> <span class='ocrx_word' id='word_1_427' title='bbox 759 4305 844 4368; x_wconf 86' lang='lat' dir='ltr'>llepp.</span> <span class='ocrx_word' id='word_1_428' title='bbox 865 4303 961 4353; x_wconf 88' lang='lat' dir='ltr'>Lamb.</span> <span class='ocrx_word' id='word_1_429' title='bbox 981 4302 1037 4354; x_wconf 82' lang='lat' dir='ltr'>Clr.</span> <span class='ocrx_word' id='word_1_430' title='bbox 1058 4304 1247 4354; x_wconf 78' lang='lat' dir='ltr'>Hermannum</span> <span class='ocrx_word' id='word_1_431' title='bbox 1273 4304 1505 4367; x_wconf 72' lang='lat' dir='ltr'>Sebadztp.1829.</span> 
     </span>
     <span class='ocr_line' id='line_1_44' title="bbox 181 4374 1505 4439; baseline -0.002 -14"><span class='ocrx_word' id='word_1_432' title='bbox 181 4390 208 4439; x_wconf 89' lang='lat' dir='ltr'>p.</span> <span class='ocrx_word' id='word_1_433' title='bbox 238 4377 301 4426; x_wconf 67' lang='grc'><strong>733.</strong></span> <span class='ocrx_word' id='word_1_434' title='bbox 330 4403 359 4414; x_wconf 94' lang='grc'>-</span> <span class='ocrx_word' id='word_1_435' title='bbox 396 4376 424 4426; x_wconf 85' lang='grc'><strong>8.</strong></span> <span class='ocrx_word' id='word_1_436' title='bbox 450 4389 554 4425; x_wconf 77' lang='lat' dir='ltr'>amoram</span> <span class='ocrx_word' id='word_1_437' title='bbox 574 4375 620 4426; x_wconf 73' lang='lat' dir='ltr'>hle</span> <span class='ocrx_word' id='word_1_438' title='bbox 648 4388 739 4425; x_wconf 81' lang='lat' dir='ltr'>moneo</span> <span class='ocrx_word' id='word_1_439' title='bbox 758 4374 789 4424; x_wconf 83' lang='grc' dir='ltr'><strong>Ε.</strong></span> <span class='ocrx_word' id='word_1_440' title='bbox 810 4398 841 4409; x_wconf 91' lang='grc'>-</span> <span class='ocrx_word' id='word_1_441' title='bbox 878 4374 1047 4437; x_wconf 77' lang='lat' dir='ltr'>beneficentiis</span> <span class='ocrx_word' id='word_1_442' title='bbox 1071 4374 1108 4424; x_wconf 84' lang='grc' dir='ltr'><strong>Μ.</strong></span> <span class='ocrx_word' id='word_1_443' title='bbox 1137 4397 1168 4409; x_wconf 89' lang='lat'>-</span> <span class='ocrx_word' id='word_1_444' title='bbox 1204 4376 1248 4425; x_wconf 73' lang='lat'>27.</span> <span class='ocrx_word' id='word_1_445' title='bbox 1267 4389 1294 4425; x_wconf 78' lang='lat' dir='ltr'>ss</span> <span class='ocrx_word' id='word_1_446' title='bbox 1320 4376 1423 4438; x_wconf 74' lang='lat' dir='ltr'>anaqal</span> <span class='ocrx_word' id='word_1_447' title='bbox 1457 4374 1505 4425; x_wconf 74' lang='lat' dir='ltr'>lllr</span> 
     </span>
     <span class='ocr_line' id='line_1_45' title="bbox 180 4443 1505 4511; baseline -0.002 -16"><span class='ocrx_word' id='word_1_448' title='bbox 180 4459 207 4496; x_wconf 79' lang='lat' dir='ltr'>re</span> <span class='ocrx_word' id='word_1_449' title='bbox 222 4460 297 4508; x_wconf 81' lang='lat' dir='ltr'>possa</span> <span class='ocrx_word' id='word_1_450' title='bbox 322 4447 424 4511; x_wconf 72' lang='lat' dir='ltr'>anaqal</span> <span class='ocrx_word' id='word_1_451' title='bbox 448 4447 480 4496; x_wconf 84' lang='lat' dir='ltr'>ll.</span> <span class='ocrx_word' id='word_1_452' title='bbox 509 4470 540 4482; x_wconf 89' lang='lat'>·-</span> <span class='ocrx_word' id='word_1_453' title='bbox 570 4445 615 4495; x_wconf 72' lang='lat'>29.</span> <span class='ocrx_word' id='word_1_454' title='bbox 633 4459 665 4496; x_wconf 81' lang='lat' dir='ltr'>aa</span> <span class='ocrx_word' id='word_1_455' title='bbox 683 4446 706 4494; x_wconf 80' lang='lat' dir='ltr'>el</span> <span class='ocrx_word' id='word_1_456' title='bbox 725 4445 777 4508; x_wconf 83' lang='lat' dir='ltr'>lape</span> <span class='ocrx_word' id='word_1_457' title='bbox 799 4443 958 4493; x_wconf 81' lang='lat' dir='ltr'>Lambinus.</span> <span class='ocrx_word' id='word_1_458' title='bbox 980 4469 1007 4479; x_wconf 93' lang='lat'>-</span> <span class='ocrx_word' id='word_1_459' title='bbox 1045 4444 1090 4493; x_wconf 84' lang='grc'><strong>33.</strong></span> <span class='ocrx_word' id='word_1_460' title='bbox 1109 4446 1178 4507; x_wconf 80' lang='lat' dir='ltr'>qood</span> <span class='ocrx_word' id='word_1_461' title='bbox 1197 4458 1225 4494; x_wconf 83' lang='lat' dir='ltr'>ao</span> <span class='ocrx_word' id='word_1_462' title='bbox 1245 4445 1266 4494; x_wconf 86' lang='lat' dir='ltr'>V</span> <span class='ocrx_word' id='word_1_463' title='bbox 1284 4459 1346 4494; x_wconf 89' lang='lat' dir='ltr'>oum</span> <span class='ocrx_word' id='word_1_464' title='bbox 1366 4458 1438 4494; x_wconf 86' lang='lat' dir='ltr'>corr.</span> <span class='ocrx_word' id='word_1_465' title='bbox 1458 4443 1505 4494; x_wconf 77' lang='lat' dir='ltr'>M:</span> 
     </span>
     <span class='ocr_line' id='line_1_46' title="bbox 181 4513 1507 4585; baseline -0.002 -21"><span class='ocrx_word' id='word_1_466' title='bbox 181 4517 250 4579; x_wconf 80' lang='lat' dir='ltr'>quod</span> <span class='ocrx_word' id='word_1_467' title='bbox 274 4529 321 4580; x_wconf 81' lang='lat' dir='ltr'>apo</span> <span class='ocrx_word' id='word_1_468' title='bbox 339 4530 380 4585; x_wconf 87' lang='lat' dir='ltr'>pr.</span> <span class='ocrx_word' id='word_1_469' title='bbox 399 4516 445 4576; x_wconf 79' lang='lat' dir='ltr'>sl,</span> <span class='ocrx_word' id='word_1_470' title='bbox 464 4518 534 4579; x_wconf 78' lang='lat' dir='ltr'>qood</span> <span class='ocrx_word' id='word_1_471' title='bbox 553 4515 584 4565; x_wconf 83' lang='lat' dir='ltr'>ll.</span> <span class='ocrx_word' id='word_1_472' title='bbox 602 4536 637 4550; x_wconf 84' lang='lat'>-·</span> <span class='ocrx_word' id='word_1_473' title='bbox 672 4515 717 4565; x_wconf 76' lang='lat'>32.</span> <span class='ocrx_word' id='word_1_474' title='bbox 735 4514 830 4563; x_wconf 70' lang='lat' dir='ltr'>litteris</span> <span class='ocrx_word' id='word_1_475' title='bbox 855 4515 969 4576; x_wconf 76' lang='lat' dir='ltr'>optumis</span> <span class='ocrx_word' id='word_1_476' title='bbox 995 4513 1124 4577; x_wconf 78' lang='lat' dir='ltr'>Excerpta</span> <span class='ocrx_word' id='word_1_477' title='bbox 1143 4514 1260 4564; x_wconf 84' lang='lat' dir='ltr'>Cuevae.</span> <span class='ocrx_word' id='word_1_478' title='bbox 1298 4514 1392 4564; x_wconf 84' lang='lat' dir='ltr'>Malim</span> <span class='ocrx_word' id='word_1_479' title='bbox 1412 4514 1507 4564; x_wconf 65' lang='lat' dir='ltr'>waaris</span> 
     </span>
     <span class='ocr_line' id='line_1_47' title="bbox 182 4581 1507 4648; baseline -0.002 -14"><span class='ocrx_word' id='word_1_480' title='bbox 182 4586 366 4636; x_wconf 67' lang='lat' dir='ltr'>ammarum.</span> <span class='ocrx_word' id='word_1_481' title='bbox 386 4585 436 4637; x_wconf 85' lang='lat' dir='ltr'>clr.</span> <span class='ocrx_word' id='word_1_482' title='bbox 456 4586 490 4635; x_wconf 88' lang='lat' dir='ltr'>de</span> <span class='ocrx_word' id='word_1_483' title='bbox 516 4586 591 4637; x_wconf 87' lang='lat' dir='ltr'>Orat.</span> <span class='ocrx_word' id='word_1_484' title='bbox 618 4586 635 4636; x_wconf 77' lang='lat'>2</span> <span class='ocrx_word' id='word_1_485' title='bbox 660 4581 690 4648; x_wconf 64' lang='lat' dir='ltr'>h.</span> <span class='ocrx_word' id='word_1_486' title='bbox 715 4584 765 4634; x_wconf 69' lang='grc'><strong>73.</strong></span> <span class='ocrx_word' id='word_1_487' title='bbox 805 4583 857 4633; x_wconf 85' lang='lat' dir='ltr'>Oa.</span> <span class='ocrx_word' id='word_1_488' title='bbox 887 4608 920 4617; x_wconf 85' lang='lat'>-</span> <span class='ocrx_word' id='word_1_489' title='bbox 957 4583 1000 4631; x_wconf 86' lang='grc'><strong>33.</strong></span> <span class='ocrx_word' id='word_1_490' title='bbox 1033 4581 1072 4647; x_wconf 85' lang='lat' dir='ltr'>tu]</span> <span class='ocrx_word' id='word_1_491' title='bbox 1102 4584 1172 4633; x_wconf 81' lang='lat' dir='ltr'>Fort.</span> <span class='ocrx_word' id='word_1_492' title='bbox 1197 4590 1283 4633; x_wconf 81' lang='lat' dir='ltr'>tout.</span> <span class='ocrx_word' id='word_1_493' title='bbox 1312 4583 1364 4635; x_wconf 86' lang='lat' dir='ltr'>Oa.</span> <span class='ocrx_word' id='word_1_494' title='bbox 1385 4607 1416 4619; x_wconf 89' lang='lat'><em>-</em></span> <span class='ocrx_word' id='word_1_495' title='bbox 1454 4584 1507 4633; x_wconf 81' lang='lat' dir='ltr'>tus&#39;a</span> 
     </span>
     <span class='ocr_line' id='line_1_48' title="bbox 181 4653 1507 4708; baseline 0 -5"><span class='ocrx_word' id='word_1_496' title='bbox 181 4655 256 4704; x_wconf 83' lang='lat' dir='ltr'>rebus</span> <span class='ocrx_word' id='word_1_497' title='bbox 273 4655 317 4706; x_wconf 80' lang='lat' dir='ltr'>ll:</span> <span class='ocrx_word' id='word_1_498' title='bbox 337 4656 412 4708; x_wconf 78' lang='lat' dir='ltr'>rebus</span> <span class='ocrx_word' id='word_1_499' title='bbox 430 4657 483 4706; x_wconf 81' lang='lat' dir='ltr'>tola</span> <span class='ocrx_word' id='word_1_500' title='bbox 501 4657 532 4707; x_wconf 84' lang='lat' dir='ltr'>ll.</span> <span class='ocrx_word' id='word_1_501' title='bbox 560 4681 588 4693; x_wconf 89' lang='lat'><em>-</em></span> <span class='ocrx_word' id='word_1_502' title='bbox 627 4655 671 4705; x_wconf 78' lang='lat'>37.</span> <span class='ocrx_word' id='word_1_503' title='bbox 690 4653 829 4704; x_wconf 76' lang='lat' dir='ltr'>Lentulum</span> <span class='ocrx_word' id='word_1_504' title='bbox 848 4653 895 4703; x_wconf 80' lang='lat' dir='ltr'>lla</span> <span class='ocrx_word' id='word_1_505' title='bbox 915 4653 1052 4703; x_wconf 78' lang='lat' dir='ltr'>Lentulum</span> <span class='ocrx_word' id='word_1_506' title='bbox 1068 4660 1187 4703; x_wconf 74' lang='lat' dir='ltr'>nostram</span> <span class='ocrx_word' id='word_1_507' title='bbox 1206 4654 1236 4703; x_wconf 81' lang='lat' dir='ltr'>E.</span> <span class='ocrx_word' id='word_1_508' title='bbox 1256 4654 1349 4704; x_wconf 83' lang='lat' dir='ltr'>Malim</span> <span class='ocrx_word' id='word_1_509' title='bbox 1370 4653 1507 4703; x_wconf 78' lang='lat' dir='ltr'>Lentulum</span> 
     </span>
     <span class='ocr_line' id='line_1_49' title="bbox 182 4722 1470 4790; baseline 0 -16"><span class='ocrx_word' id='word_1_510' title='bbox 182 4730 279 4786; x_wconf 80' lang='lat' dir='ltr'>tuum,</span> <span class='ocrx_word' id='word_1_511' title='bbox 297 4726 425 4790; x_wconf 84' lang='lat' dir='ltr'>absorpto</span> <span class='ocrx_word' id='word_1_512' title='bbox 441 4739 467 4778; x_wconf 84' lang='lat' dir='ltr'>r.</span> <span class='ocrx_word' id='word_1_513' title='bbox 490 4731 564 4777; x_wconf 77' lang='lat' dir='ltr'>tuum</span> <span class='ocrx_word' id='word_1_514' title='bbox 582 4738 598 4776; x_wconf 83' lang='lat' dir='ltr'>a</span> <span class='ocrx_word' id='word_1_515' title='bbox 617 4725 668 4776; x_wconf 87' lang='lat' dir='ltr'>litt.</span> <span class='ocrx_word' id='word_1_516' title='bbox 693 4724 787 4775; x_wconf 67' lang='lat' dir='ltr'>amam.</span> <span class='ocrx_word' id='word_1_517' title='bbox 806 4722 858 4776; x_wconf 83' lang='lat' dir='ltr'>Os.</span> <span class='ocrx_word' id='word_1_518' title='bbox 876 4746 916 4785; x_wconf 72' lang='grc'>,-</span> <span class='ocrx_word' id='word_1_519' title='bbox 953 4724 1051 4774; x_wconf 77' lang='lat' dir='ltr'>calmis</span> <span class='ocrx_word' id='word_1_520' title='bbox 1076 4737 1141 4787; x_wconf 83' lang='lat' dir='ltr'>spe,</span> <span class='ocrx_word' id='word_1_521' title='bbox 1172 4737 1287 4774; x_wconf 76' lang='lat' dir='ltr'>mmmoe</span> <span class='ocrx_word' id='word_1_522' title='bbox 1304 4725 1412 4774; x_wconf 61' lang='lat' dir='ltr'>artatis</span> <span class='ocrx_word' id='word_1_523' title='bbox 1439 4723 1470 4774; x_wconf 76' lang='lat' dir='ltr'>E.</span> 
     </span>
    </p>
   </div>
   <div class='ocr_carea' id='block_1_4' title="bbox 0 0 1644 5400">
    <p class='ocr_par' dir='ltr' id='par_1_4' title="bbox 0 0 1644 5400">
     <span class='ocr_line' id='line_1_50' title="bbox 0 0 1644 5400; baseline 0 0"><span class='ocrx_word' id='word_1_524' title='bbox 0 0 1644 5400; x_wconf 95' lang='lat' dir='ltr'> </span> 
     </span>
    </p>
   </div>
  </div>
 </body>
</html>
