3216 5408
634 255 694 317 ΕΡ.
715 254 768 317 ΑΙ)
790 255 962 319 arricum

598 413 711 475 xviri.
755 410 802 495 (a.
830 415 862 477 a.
885 414 918 478 c.
940 410 1025 484 τοο.)

616 536 758 600 CICERO
800 534 945 599 ATTICO
981 535 1014 599 S.

240 652 268 713 1.
297 651 376 712 Puto
403 655 434 711 te
461 645 658 719 existimare,
691 667 742 709 me
770 665 853 710 nunc
883 644 1014 710 oblitum
1037 646 1272 715 consuetudinis
1295 660 1327 716 et
1350 653 1483 720 instituti

154 743 216 808 mci
237 740 341 807 rarius
362 739 401 805 ad
423 749 453 804 te
476 739 631 814 scribere,
654 761 748 825 quam
770 738 928 816 solebam;
961 738 1033 812 sed,
1056 760 1128 803 oum
1149 740 1218 807 loca
1240 754 1272 809 et
1292 744 1408 811 itinera
1432 757 1482 813 tna

132 836 228 901 ⁵nibil
259 834 375 899 babere
403 833 481 898 corti
510 832 626 904 video,
659 854 761 919 neque
792 833 824 898 in
852 833 983 919 Epirum
1011 854 1115 919 neque
1144 835 1281 902 Athenas
1318 863 1424 926 neque
1451 844 1482 907 iu

153 931 256 995 Asiam
279 949 380 1014 neque
402 927 548 1012 cuiquam
571 925 630 990 nisi
652 925 691 990 ad
713 935 742 991 te
765 926 866 1012 ipsum
880 926 1091 1012 proficiscenti
1111 927 1183 993 dedi
1200 929 1330 997 litteras.
1374 940 1483 1021 Neque

154 1023 236 1087 enim
259 1033 329 1085 sunt
350 1040 406 1084 eae
428 1018 577 1104 epistolae
600 1028 741 1093 nostrae,
773 1041 853 1106 quae
876 1021 903 1084 si
924 1021 1063 1106 perlatae
1086 1044 1149 1087 non
1172 1023 1247 1100 sint,
1272 1028 1349 1093 nibil
1372 1051 1484 1095 cares

153 1138 212 1181 nos
234 1115 391 1180 offensura
413 1113 467 1188 sit;
505 1133 584 1198 quae
607 1121 726 1177 tantum
749 1113 863 1179 habent
885 1117 1123 1202 mysteriorum,
1150 1127 1184 1182 ut
1206 1141 1259 1184 eas
1280 1142 1321 1185 ne
1344 1120 1484 1188 librariis

155 1208 281 1296 quidem
311 1207 377 1272 lere
406 1207 646 1271 committamus.
697 1211 726 1271 2.
759 1207 912 1292 Lepidum
936 1230 999 1295 quo
1021 1209 1160 1276 excidat:
1184 1214 1329 1278 consules
1351 1215 1484 1301 llagrant

121 1302 297 1374 ¹⁰inlamia,
331 1299 415 1386 quod
453 1303 485 1364 C.
515 1300 678 1364 Memmius
707 1300 886 1366 candidatus
917 1303 1092 1388 pactionem
1123 1304 1155 1368 in
1184 1318 1294 1372 senatu
1323 1309 1484 1380 recitavit.

157 1417 250 1483 quam
278 1395 344 1480 ipse
373 1405 404 1458 et
431 1415 505 1457 snus
537 1395 723 1479 competitor
752 1395 907 1461 Domitius
938 1416 1009 1461 cum
1041 1399 1221 1464 consulibus
1256 1400 1400 1475 lecisset,
1438 1404 1483 1469 nti

157 1490 250 1556 ambo
273 1491 343 1553 HS.
372 1487 569 1574 quadragena
600 1487 780 1552 consulibus
812 1489 936 1563 darent,
973 1489 1000 1554 si
1023 1500 1126 1554 essent
1147 1493 1205 1578 ipsi
1229 1496 1373 1560 consules
1397 1497 1485 1571 lacti,

157 1584 218 1650 nisi
238 1589 294 1648 tris
320 1601 454 1665 augures
488 1580 658 1656 dedissent,
689 1581 743 1667 qui
771 1603 805 1647 se
834 1583 960 1648 affuisse
989 1583 1147 1659 dicerent,
1184 1606 1254 1650 cum
1284 1589 1336 1653 lex
1365 1596 1485 1656 curiata

159 1678 310 1750 lorretur,
344 1696 423 1760 quae
453 1674 512 1738 lata
538 1695 602 1738 uon
629 1684 728 1748 esset,
765 1686 796 1740 et
828 1674 892 1741 duo
922 1677 1119 1751 consulares,
1156 1679 1211 1765 qui
1234 1703 1267 1745 se
1289 1681 1432 1748 dicerent
1455 1685 1487 1749 in

124 1782 150 1824 ¹⁵
160 1771 307 1837 ornandis
328 1769 497 1855 provinciis
519 1768 735 1835 consularibus
758 1769 924 1835 scribendo
946 1771 1087 1846 alluisse,
1110 1793 1180 1837 cnm
1196 1775 1326 1841 omnino
1340 1798 1381 1841 ne
1398 1800 1488 1844 seua-

160 1876 209 1932 tus
236 1864 363 1952 quidem
389 1864 509 1928 luisset.
564 1867 648 1927 llaec
675 1865 794 1949 pactio,
827 1886 890 1930 non
919 1864 1041 1937 verbis,
1079 1866 1134 1931 sed
1155 1867 1338 1935 nominibus
1360 1881 1392 1935 et
1414 1892 1487 1957 per·

160 1959 392 2046 scriptionibus,
415 1958 585 2023 multorum
600 1957 711 2022 tabulis
733 1977 804 2022 eum
825 1979 894 2023 esse
917 1957 995 2023 lacta
1011 1958 1182 2034 diceretur,
1204 1962 1325 2046 prolata
1347 1984 1364 2026 a
1388 1968 1486 2029 Mem·

64 2103 65 2107 ,
160 2055 224 2120 mio
253 2063 300 2118 est
327 2051 505 2117 nominibus
534 2050 689 2125 inductis,
727 2062 854 2116 auctore
876 2055 1037 2138 Pompeio.
1080 2056 1138 2118 llio
1160 2054 1278 2140 Appius
1300 2067 1368 2120 erat
1392 2056 1487 2122 idem.

158 2148 240 2213 Nihil
252 2168 326 2212 sane
347 2147 494 2211 iacturae.
539 2149 708 2211 Corruerat
722 2145 808 2217 alter,
833 2155 864 2209 et
879 2146 980 2231 plane,
1005 2146 1139 2231 inquam,
1161 2147 1290 2214 iacebat.
1334 2154 1365 2214 3.
1389 2156 1488 2216 Mem·

123 2244 241 2308 ²⁰mius
262 2250 381 2313 autem,
415 2240 569 2324 dirempta
598 2239 734 2304 coitione
756 2241 855 2304 invito
878 2239 1020 2311 Calvino,
1053 2239 1144 2324 plane
1172 2241 1359 2320 rclrixerat3
1394 2255 1427 2309 et
1448 2266 1488 2311 eo

161 2338 260 2422 magis
292 2357 373 2399 nuno
395 2333 495 2417 'scopi
518 2332 711 2398 aledicatnm
740 2331 838 2397 lluere
865 2333 986 2397 iustitio
1008 2343 1039 2397 et
1060 2334 1199 2398 omnium
1222 2356 1329 2400 rerum
1351 2336 1488 2405 licentia.

159 2430 304 2516 Perspice
333 2428 521 2514 aequitatem
551 2426 647 2491 animi
673 2426 735 2490 mci
764 2436 795 2491 et
823 2427 930 2492 ludum
957 2436 988 2490 ct
1018 2427 1281 2511 contemptionem
1313 2430 1489 2497 Selicianae

160 2525 270 2591 unciae
301 2533 333 2588 et
361 2520 539 2587 mehercule
572 2542 642 2585 cum
672 2524 803 2585 Caesare
833 2521 1049 2585 suavissimam
1071 2522 1322 2589 coniunctionem
1346 2560 1384 2570 —
1411 2524 1489 2590 haec

163 2619 246 2683 enim
269 2638 319 2680 me
340 2637 401 2681 una
424 2637 464 2679 ex
487 2614 545 2679 boc
566 2614 729 2698 naufragio
750 2613 852 2678 tabula
874 2614 1004 2678 delectat
1027 2646 1083 2687 -‚
1107 2614 1160 2700 qui
1183 2614 1309 2699 quidem
1334 2619 1488 2697 Quintum

124 2719 432 2795 asmeumtuumque
454 2706 598 2772 diibouil
622 2706 884 2792 quemadmodum
899 2716 1008 2772 tractat
1024 2707 1156 2781 bonore,
1179 2708 1345 2793 dignitate,
1368 2711 1487 2796 gratim

164 2825 229 2869 non
251 2824 340 2869 secus
362 2801 446 2866 acsi
468 2822 527 2884 ego
550 2822 650 2866 essem
672 2800 855 2885 imperator.
899 2800 1037 2867 Hiberna
1060 2802 1219 2887 legionum
1242 2803 1379 2889 eligendi
1397 2805 1487 2892 optio

165 2896 265 2961 delata
287 2894 504 2967 commodum,
540 2904 575 2959 ut
597 2893 635 2957 ad
658 2915 709 2957 me
730 2891 847 2958 scribit.
891 2898 981 2959 Hunc
998 2904 1031 2960 tu
1053 2916 1115 2961 non
1138 2903 1244 2960 ames‘t
1274 2919 1368 2983 quem
1391 2898 1488 2983 igitur

163 2991 315 3056 istorum?
346 2988 408 3053 Sed
430 2988 507 3052 heus
529 2999 577 3061 tu,
609 2989 833 3073 scripseramne
856 2987 912 3052 tibi
934 3010 984 3052 me
1007 3011 1075 3053 csse
1099 2989 1236 3074 legatum
1258 2992 1431 3076 Pompeio?
1457 3002 1488 3057 ct

161 3094 250 3149 extra
272 3082 382 3148 urbem
412 3081 539 3166 quidem
563 3079 632 3145 lore
665 3101 704 3144 ex
726 3079 804 3145 ldib.
827 3085 912 3145 lami
948 3082 1057 3146 Visum
1080 3092 1126 3147 cst
1147 3081 1207 3147 hoc
1229 3084 1307 3147 milri
1329 3084 1368 3148 ad
1391 3086 1487 3149 multa

125 3178 329 3266 aquadrare.
373 3175 434 3240 Sed
457 3173 532 3260 quid
554 3176 664 3260 plural
687 3178 816 3248 Coram,
847 3175 975 3259 opinor,
1011 3176 1149 3261 reliqua,
1185 3186 1220 3240 nt
1250 3188 1282 3241 tu
1306 3188 1411 3242 tamon
1433 3178 1487 3243 ali·

162 3272 240 3358 quid
261 3278 433 3357 exspectes.
477 3269 628 3356 Dionysio
650 3268 815 3354 plurimam
831 3269 976 3345 salntcm;
999 3272 1051 3334 cni
1073 3270 1199 3356 quidem
1222 3290 1282 3355 ego
1306 3292 1368 3334 non
1392 3271 1487 3336 modo

162 3365 299 3440 servavi,
336 3363 392 3428 sed
424 3362 516 3426 etiam
540 3360 700 3425 aedificavi
721 3362 834 3426 locum.
879 3361 963 3439 Quid
985 3369 1131 3448 quaeris?
1164 3363 1202 3427 ad
1226 3384 1379 3427 summam
1403 3364 1488 3429 laeti·

162 3458 234 3523 tiam
257 3480 373 3533 meam,
410 3478 503 3544 quam
525 3477 565 3520 ex
587 3466 641 3520 tuo
663 3453 767 3520 reditu
789 3453 897 3539 capio,
930 3476 1061 3541 maguus
1083 3456 1165 3521 illius
1188 3456 1323 3520 adventu
1344 3459 1487 3523 cumulus

232 3696 257 3744 3.
277 3690 355 3756 nunc]
374 3709 428 3744 aaa
444 3693 518 3743 lillll.
556 3693 725 3747 (Emendavit
743 3691 829 3749 Pius.)
860 3715 891 3725 -
927 3693 1043 3742 instituti
1060 3693 1119 3748 tui,
1151 3693 1384 3754 meraritarum,
1413 3698 1487 3745 iusti·

164 3764 215 3813 tuti
241 3765 280 3812 tui
308 3765 395 3812 rarius
417 3764 439 3811 1.
474 3786 502 3796 -
539 3761 565 3812 d.
591 3759 657 3823 carm]
686 3763 757 3811 Fort.
785 3763 918 3825 quioniam.
946 3763 996 3812 On.
1027 3786 1056 3796 -
1092 3763 1118 3810 5.
1143 3764 1243 3811 uideam
1261 3764 1323 3812 Asc.
1346 3767 1434 3814 tertia.
1456 3791 1483 3802 ·-

162 3834 190 3882 7.
220 3847 263 3882 eae
294 3847 348 3881 om.
377 3833 451 3881 blltl.
489 3829 634 3890 (insertum
662 3838 701 3880 ost
732 3846 762 3881 er
788 3832 830 3881 Y.)
858 3855 887 3865 -
934 3831 960 3881 8.
993 3833 1121 3896 offensura
1140 3846 1187 3880 uos
1206 3833 1237 3881 11.
1259 3857 1290 3867 -
1336 3835 1362 3883 9.
1384 3837 1487 3886 excidat

163 3903 285 3952 llelRl:
305 3903 398 3951 exertat
417 3901 451 3959 Y,
479 3903 575 3950 madar
594 3908 702 3950 auctore
722 3902 801 3950 Bosio
821 3900 850 3950 E.
881 3926 914 3934 -
952 3904 993 3950 11.
1020 3904 1073 3964 ipsc
1090 3915 1151 3950 sistis
1169 3902 1244 3951 Mlti.
1266 3899 1302 3964 (et
1320 3904 1487 3955 insertuma

163 3973 229 4022 (lod.
248 3971 321 4023 blull·
342 3985 357 4019 a
379 3967 530 4031 Lambino.)
553 3994 582 4004 -
620 3972 743 4031 repetitor
762 3972 798 4020 ltl.
818 3995 846 4004 -
886 3972 1083 4033 secissetllllil:
1108 3972 1223 4033 [scissent
1244 3985 1305 4021 cum
1325 3975 1391 4024 (lod.
1412 3974 1485 4025 stra.

163 4043 193 4092 E.
215 4069 245 4080 -
286 4043 389 4090 Utinam
408 4042 477 4100 11111,
497 4047 525 4088 ut
546 4040 565 4088 l.
590 4064 619 4074 —
658 4041 700 4087 12.
720 4043 898 4105 quadruplata
917 4041 939 4090 l.
962 4067 991 4077 -
1012 4042 1054 4090 13.
1076 4043 1251 4104 quiscqiu’se
1270 4045 1486 4107 otiacaesa-

163 4112 205 4162 1b.
231 4104 330 4175 fuissit]
362 4112 485 4174 adfuisset
516 4109 590 4158 111111.
617 4109 748 4166 (Correxit
768 4107 935 4171 Lambinus.)
958 4137 985 4146 —
1021 4112 1270 4173 praescriptionibus
1289 4115 1351 4162 sse.
1372 4129 1428 4164 sec.
1455 4138 1485 4151 -

163 4184 205 4231 l'l.
226 4183 329 4231 tabutas
347 4181 398 4232 bll.
422 4206 449 4216 -·
469 4182 554 4243 factas
572 4180 594 4228 1.
621 4205 648 4214 -
670 4181 712 4228 20.
732 4182 837 4242 direpta
857 4181 931 4229 111111.
961 4205 988 4213 -
1009 4183 1128 4230 cautione
1148 4182 1178 4230 11.
1198 4207 1229 4216 -
1255 4184 1299 4231 21.
1320 4188 1377 4248 copi
1396 4187 1486 4235 alredi-

161 4261 249 4301 catum
267 4252 302 4301 Y:
334 4253 386 4301 coci
404 4265 448 4301 aco
466 4251 592 4298 dictatum
611 4249 646 4306 Z,
677 4251 774 4299 cociaco
794 4251 953 4299 dictaturam
971 4250 1013 4307 bl,
1043 4251 1146 4301 Caelata
1164 4253 1323 4304 dictaturam
1345 4257 1384 4312 11,
1405 4257 1486 4305 couci·

162 4331 219 4371 tare
236 4325 396 4371 dictaturam
413 4321 441 4380 1,
460 4322 575 4383 capitam
593 4320 753 4368 dictaturam
771 4325 880 4369 auctore
900 4320 1019 4369 Corrado
1039 4321 1068 4369 E.
1088 4347 1120 4353 —
1157 4321 1235 4386 {luere
1256 4323 1316 4372 xl:
1336 4326 1425 4387 [ruere
1443 4326 1484 4384 11,

161 4393 248 4456 {avere
273 4393 325 4444 111,
356 4398 411 4439 tum
434 4392 522 4453 [auare
548 4390 568 4438 E
594 4389 665 4449 (tum
693 4392 821 4439 remansit
844 4403 859 4439 o
887 4390 960 4439 Bosii
980 4391 1154 4440 coniectura:
1182 4396 1239 4458 aopi
1256 4388 1401 4465 ἀκηῦεἰᾳ,
1432 4404 1486 4445 tuat

162 4462 268 4528 flueret,
298 4463 384 4525 [urere
412 4461 542 4510 Victorius
569 4460 647 4508 1571.
683 4461 755 4509 Fort.
775 4474 860 4510 ruere.
880 4460 931 4511 0n.
962 4484 992 4495 -
1028 4463 1146 4510 iustitiae
1166 4460 1186 4510 l.
1210 4487 1236 4496 -
1276 4464 1383 4516 licentia
1402 4465 1484 4516 Codd.

164 4533 236 4581 llosii
256 4531 383 4581 etblltl:
412 4530 530 4580 liceuriae
549 4543 610 4578 curn
631 4530 781 4579 Victoriana
803 4531 888 4593 prima
908 4530 937 4578 Ε.
968 4553 998 4566 -
1034 4531 1079 4581 2⁸2.
1099 4534 1290 4582 coutentiouem
1308 4535 1328 4583 1Ι
1362 4562 1384 4570 -
1426 4536 1487 4586 sas·

162 4605 253 4651 manoe
273 4615 334 4650 cum
352 4601 406 4649 suis
425 4601 508 4649 Codri.
536 4606 562 4648 et
588 4613 641 4658 rna.
662 4600 802 4667 (Iratandri
822 4601 934 4649 Bosiust
963 4599 1128 4651 Seleucianae
1146 4601 1241 4651 1111111.
1263 4630 1293 4639 -
1333 4606 1378 4655 23.
1396 4609 1485 4657 uarias

162 4685 217 4733 ing.
245 4671 401 4722 Cratandri:
429 4672 579 4732 prouincias
606 4670 701 4719 1111111.
732 4694 762 4704 -
807 4671 851 4720 211.
879 4671 1012 4719 hibernam
1035 4671 1159 4735 lupianum
1187 4673 1260 4720 111111.
1312 4677 1486 4733 (sinendum

163 4739 324 4801 llrnestius.)
347 4765 377 4775 -
411 4741 572 4804 detipendum
591 4740 621 4787 11.
651 4763 683 4775 -
717 4740 761 4788 27.
781 4741 816 4788 ad
834 4754 874 4790 me
892 4740 922 4802 Q.
943 4740 1033 4788 scribit
1052 4742 1145 4790 ambr.
1167 4742 1200 4791 11
1218 4749 1243 4790 et
1266 4743 1433 4807 Lambinus,
1451 4747 1485 4796 ad

160 4824 201 4861 ms
218 4813 287 4876 quod
304 4812 392 4861 scribit
412 4811 433 4859 l·
456 4835 484 4845 -
513 4809 555 4857 3³.
574 4821 685 4871 mopsus
703 4822 736 4859 aa
752 4809 823 4859 illius
842 4809 863 4859 l.
884 4835 918 4844 -
953 4810 1080 4861 adventus
1097 4811 1157 4863 Mu.
1195 4812 1372 4871 (Emendavit
1388 4833 1403 4870 c
1421 4815 1482 4871 Cod.

163 4881 191 4931 in
228 4896 283 4945 mg.
313 4881 435 4944 Repetitt.
464 4879 558 4928 Lainb.
588 4879 704 4933 bosius.)
