3256 5400
584 249 715 311 uun.
758 250 1037 315 enotare.
1129 209 1130 213 ¹
1264 200 1269 210 s
1403 253 1464 314 aar

151 425 258 491 quarm
294 424 447 467 renovare
469 404 606 471 bonores
627 406 773 479 eosdem,
810 426 874 492 quo
896 407 997 471 minus
1027 418 1128 490 togam
1159 416 1348 492 praetextam
1376 421 1466 495 quot-

151 499 238 563 annis
259 499 439 583 interpolet,
462 498 692 565 decernendum
714 499 789 564 nibil
811 520 934 565 censeo.
972 506 1035 565 Vos
1057 509 1159 565 autem
1180 502 1321 567 homines
1336 503 1465 576 nobiles.

150 597 203 677 qui
226 599 411 656 Bostrenum
433 603 659 678 praetextatum
681 614 743 657 uon
764 592 930 665 serebatis,
952 597 1194 678 Commagenum
1217 596 1370 662 leretis‘t’'
1407 603 1467 664 Ge·

150 706 209 751 nus
229 685 317 750 vides
339 697 369 751 et
391 687 494 751 locum
516 688 648 755 iocandi.
690 688 785 753 Multa
807 687 873 752 dixi
894 687 926 750 in
948 685 1116 769 ignobilem
1138 709 1263 772 regem,
1285 690 1398 777 quibus
1421 703 1468 757 to-

150 788 200 844 tus
228 790 276 844 est
303 781 461 867 explosus.
512 786 584 859 Quo
613 803 728 867 genere
757 792 946 854 commotuS,
974 791 1008 844 ut
1036 780 1117 855 diri,
1147 784 1264 868 Appius
1290 794 1389 848 totum
1417 806 1490 852 men

149 874 355 958 amplexatur.
415 876 494 940 Nibil
526 889 571 941 est
593 877 676 940 enim
700 877 819 940 l'acilius
841 896 932 961 quam
954 874 1075 960 reliqua
1098 874 1262 941 discutere.
1321 878 1384 943 Sed
1405 901 1468 944 nou

149 967 275 1041 Iaciam,
312 969 454 1034 utillum
477 969 648 1043 offendam,
683 991 721 1033 ne
743 970 889 1055 imploret
919 966 1010 1032 tidem
1033 969 1115 1034 lovis
1136 971 1320 1055 Hospitalis,
1358 975 1469 1038 Graios

149 1083 259 1128 omnes
281 1074 445 1135 convocet,
469 1085 526 1149 per
547 1086 627 1149 quos
649 1085 770 1128 mecum
792 1063 823 1126 iu
849 1061 978 1148 gratiam
1001 1062 1103 1126 rediit.
1145 1066 1176 1127 4.
1198 1064 1400 1153 Theopompo
1422 1088 1471 1131 sa-

149 1155 348 1222 tisfaciemus.
390 1163 436 1221 Be
459 1162 591 1222 Caesare
613 1157 735 1242 iugarat
756 1178 806 1220 me
828 1155 867 1220 ad
889 1165 919 1219 te
941 1154 1090 1219 scribere.
1139 1155 1239 1221 Video
1261 1161 1362 1235 enim,
1391 1183 1469 1247 quas

150 1261 183 1316 tu
197 1251 314 1316 litteras
328 1252 528 1336 exspectaris.
578 1251 637 1317 Sed
662 1253 712 1317 ille
734 1250 857 1335 scripsit
878 1250 917 1313 ad
940 1248 1069 1314 Balbum
1092 1248 1271 1316 fasciculum
1294 1254 1381 1319 illum
1403 1255 1505 1340 epi-sn

149 1346 315 1419 stolarum,
338 1347 370 1411 in
392 1368 455 1432 quo
478 1345 579 1411 luerat
601 1355 632 1410 ct
653 1367 722 1410 mea
743 1355 774 1410 et
788 1342 891 1419 Balbi,
914 1354 1013 1409 totum
1035 1343 1096 1408 sibi
1117 1365 1196 1431 aqrra
1218 1346 1376 1411 madidum
1398 1347 1470 1412 red-

150 1437 248 1504 ditum
270 1461 358 1513 esse,
391 1448 425 1504 ut
447 1461 485 1503 ue
506 1439 583 1504 illud
606 1439 732 1526 quidem
754 1438 850 1510 sciat,
887 1459 988 1501 meam
1014 1437 1111 1502 luisse
1139 1439 1273 1525 aliquam
1296 1440 1468 1525 epistolam.

149 1532 210 1596 Sed
239 1554 279 1597 er
301 1532 387 1598 Balbi
417 1534 547 1620 epistola
577 1555 674 1620 pauca
701 1532 798 1597 verba
819 1532 1033 1606 intellexerat,
1066 1531 1104 1596 ad
1133 1554 1213 1617 quae
1239 1534 1401 1619 rescripsit
1422 1533 1469 1597 bis

150 1625 269 1692 verbis:
293 1633 363 1701 „Be
386 1627 534 1694 Cicerone
561 1636 590 1692 te
613 1628 706 1692 video
728 1624 875 1714 quiddam
897 1625 1074 1710 scripsisse,
1108 1627 1192 1711 quod
1214 1648 1274 1713 ego
1296 1648 1358 1691 non
1381 1627 1468 1690 intel·

148 1719 227 1796 lexi;
250 1731 397 1807 quantum
420 1734 523 1786 autem
545 1722 723 1787 coniectura
745 1717 978 1805 consequebar,
1002 1718 1033 1783 id
1055 1730 1122 1783 erat
1143 1721 1315 1796 eiusmodi,
1350 1731 1385 1786 ut
1406 1741 1506 1785 mais

148 1813 196 1898 gis
211 1815 381 1900 optandum
395 1837 487 1902 quam
503 1815 690 1901 sperandum
705 1817 875 1899 putarem.”
919 1819 948 1877 5.
963 1816 1070 1899 ltaque
1092 1824 1199 1898 postea
1214 1816 1284 1880 misi
1306 1815 1343 1880 ad
1361 1819 1470 1881 Caesa-

148 1927 216 1972 rem
232 1907 344 1973 eodem
358 1910 412 1973 illo
428 1910 573 1996 exemplo
589 1910 717 1973 litteras.
760 1913 865 1972 locum
882 1916 984 1972 autem
1000 1906 1082 1971 illius
1098 1906 1136 1971 de
1151 1930 1207 1973 sua
1222 1920 1358 1994 egestate
1373 1931 1412 1973 ne
1427 1909 1470 1973 sis

148 2013 340 2087 aspernatus.
394 2002 441 2066 al
462 2024 554 2089 quem
578 2024 637 2088 ego
658 2002 806 2087 rescripsi
829 2000 905 2066 nibil
928 2022 1014 2075 esse,
1042 2001 1127 2086 quod
1149 2003 1280 2088 posthac
1302 2023 1392 2068 arcae
1413 2022 1470 2066 no·

148 2103 230 2159 strae
258 2094 370 2160 fiducia
398 2095 614 2174 conturbaret;
644 2097 764 2183 lusique
791 2096 823 2160 in
851 2115 889 2160 eo
918 2115 1033 2179 genere
1060 2104 1091 2160 et
1118 2095 1313 2163 familiariter
1341 2107 1468 2160 etcum

148 2185 308 2272 dignitate.
350 2194 447 2254 Amor
468 2200 572 2255 autem
596 2196 663 2255 eius
686 2212 760 2277 erga
782 2211 839 2256 nos
861 2189 1020 2276 perfertur
1041 2189 1181 2254 omnium
1203 2191 1319 2255 nuntiis
1333 2190 1506 2276 singula-sn

148 2281 202 2346 ris.
245 2283 379 2347 Litterae
408 2283 534 2369 quidem
563 2285 670 2360 adid,
699 2285 783 2373 quod
806 2292 985 2371 exspectas,
1018 2281 1084 2347 lere
1106 2304 1176 2348 cum
1200 2296 1254 2349 tuo
1275 2285 1379 2349 reditu
1400 2284 1470 2348 iuu-

147 2385 276 2459 gcntur;
298 2376 419 2462 reliqua
440 2377 636 2463 singulorum
658 2378 779 2443 dierum
801 2376 974 2442 scribemus
995 2375 1035 2440 ad
1056 2385 1102 2452 te,
1125 2376 1153 2440 si
1174 2376 1269 2442 modo
1292 2376 1469 2441 tabellarios

147 2477 182 2534 tu
196 2468 372 2554 praebebis.
405 2473 600 2557 Quamquam
623 2471 776 2536 eiusmodi
798 2470 897 2555 Irigus
919 2467 1131 2554 impendebat,
1154 2480 1188 2534 ut
1208 2491 1365 2535 summum
1387 2473 1470 2554 peri-

147 2563 251 2628 culum
273 2574 371 2637 esset,
395 2587 433 2628 ne
454 2565 556 2650 Appio
578 2586 651 2631 suae
673 2567 767 2631 aedes
787 2571 965 2629 urerentur.

601 2708 687 2769 XIII.
731 2706 784 2783 (A.
811 2707 843 2768 II.
866 2707 898 2766 C.
921 2705 1007 2782 700.)
1479 2740 1506 2780 ,5
1609 2734 1615 2748 .

586 2829 740 2892 umens
758 2827 805 2922 ¹o.
833 2826 975 2888 raarnr
997 2827 1028 2888 s.

233 2946 261 3006 1.
283 2941 348 3008 Risi
382 2940 514 3015 „nivem
541 2948 639 3003 atram
648 2943 680 3011 '',
714 2948 807 3023 teque
840 2935 930 3001 bilari
960 2934 1065 3000 auimo
1094 2955 1162 3000 esse
1192 2947 1223 3002 et
1252 2947 1398 3023 prompto
1431 2935 1468 3000 ad

147 3033 312 3099 iocandum
338 3033 426 3099 valde
449 3055 499 3098 me
520 3038 614 3098 iuvat.
671 3037 716 3096 Be
739 3030 904 3116 Pompeio,
938 3032 1091 3093 assentior
1120 3028 1196 3103 tibi,
1233 3030 1282 3098 vel
1311 3041 1344 3095 tu
1364 3029 1470 3116 potius

146 3128 233 3194 mihi.
281 3133 377 3202 Nam,
406 3138 440 3193 ut
462 3127 536 3202 scis,
559 3125 741 3211 iampridem
764 3125 856 3188 istum
879 3132 970 3186 canto
992 3126 1166 3187 Caesarem.
1208 3123 1284 3188 Mihi
1307 3123 1414 3198 crede,
1438 3122 1469 3186 in

146 3222 216 3287 sinu
238 3231 305 3298 est;
334 3243 435 3307 neque
457 3242 516 3306 ego
539 3219 705 3303 discingor.
760 3223 789 3281 2.
813 3221 973 3300 Cognosce
995 3236 1077 3278 nunc
1098 3215 1182 3279 ldus.
1234 3215 1381 3280 Decimus
1402 3226 1470 3279 erat
1478 3234 1507 3276 ao

146 3316 252 3382 Caelio
274 3315 351 3381 dies.
408 3315 561 3381 Domitius
590 3312 709 3379 iudices
730 3310 769 3375 ad
793 3329 958 3374 numerum
988 3328 1049 3372 non
1078 3308 1195 3373 babuit.
1252 3315 1392 3384 Vereor,
1430 3331 1468 3373 ne
1546 3307 1550 3316 '

145 3407 241 3474 homo
263 3417 342 3473 teter
364 3420 395 3475 et
416 3409 516 3478 serus,
539 3407 612 3472 Pola
638 3405 781 3477 Servius,
804 3403 844 3467 ad
865 3402 1093 3466 accusationem
1108 3401 1220 3465 veniat.
1263 3406 1339 3467 llam
1363 3413 1469 3468 noster

146 3501 267 3566 Caelius
296 3501 385 3567 valde
412 3508 610 3587 oppugnatur
637 3519 654 3561 a
682 3507 773 3582 gente
803 3494 921 3561 Clodia.
980 3493 1064 3559 Certi
1085 3493 1161 3558 nibil
1186 3502 1233 3557 est
1254 3496 1374 3572 adbnc;
1412 3495 1468 3561 sed

145 3614 303 3659 veremur.
356 3593 475 3658 Eodem
496 3593 593 3677 igitur
614 3592 664 3657 die
686 3591 788 3677 'l'yriis
810 3601 856 3654 est
877 3599 1001 3653 senatus
1023 3588 1111 3652 datus
1135 3588 1298 3674 lnequens;
1321 3591 1469 3676 trequen-

145 3695 191 3752 tes
213 3697 320 3753 contra
348 3688 466 3775 Syriaci
496 3686 663 3772 publicani.
723 3684 930 3750 Vehementer
958 3693 1088 3747 vexatus
1117 3682 1284 3759 Gabinius3
1320 3683 1504 3768 exagitatiss

145 3790 248 3846 tamen
270 3804 287 3847 a
308 3783 447 3848 Domitio
469 3780 648 3867 publicani,
684 3776 768 3865 quod
792 3798 863 3842 eum
886 3785 990 3849 essent
1011 3798 1082 3839 cum
1104 3775 1193 3863 equis
1222 3782 1389 3861 prosecuti.
1435 3782 1467 3844 C.

145 3885 253 3941 noster
273 3877 379 3942 Lamia
399 3875 504 3962 paullo
525 3873 678 3947 ferocius,
706 3892 775 3936 cum
791 3868 947 3935 Domitius
961 3869 1107 3943 dixisset,
1130 3918 1148 3941 ,.
1159 3875 1270 3935 Vestra
1285 3870 1375 3955 culpa
1391 3871 1467 3935 baec

144 3969 341 4045 acciderunt,
364 3970 484 4056 equites
506 3966 654 4042 Romani;
678 3965 828 4030 dissolute
850 3966 932 4026 euim
954 3962 1134 4028 iudicatis’':
1161 3968 1253 4036 „Nos
1275 3963 1467 4036 iudicamus,
1584 3961 1589 3971 ’

144 4083 201 4128 vos
224 4063 395 4136 laudatis”,
418 4062 528 4148 inquit.
579 4067 691 4126 Actum
713 4069 760 4123 est
787 4079 827 4122 eo
849 4057 898 4121 die
920 4056 1015 4132 uibil;
1044 4078 1108 4120 nox
1129 4056 1266 4123 diremit.
1309 4063 1340 4121 3.
1363 4058 1466 4124 Comi·

213 4280 239 4328 2.
254 4281 370 4329 homines
381 4294 436 4329 orn·
450 4279 472 4328 l.
487 4303 515 4312 -
536 4279 562 4327 3.
577 4278 730 4327 Bostrenum
742 4273 874 4324 Orelltus:
894 4273 1049 4321 Bostrenum
1061 4271 1126 4321 Cod.
1140 4273 1227 4334 lunii,
1249 4275 1391 4324 Bosrenam
1404 4276 1464 4331 llll,
1580 4263 1587 4278 ⁹

143 4349 278 4399 basernam
296 4350 318 4405 l,
338 4351 515 4399 otattbenons
534 4348 564 4396 B·
586 4343 697 4408 -non]
717 4346 794 4394 modo
813 4344 890 4392 13.-
911 4343 955 4391 11.
974 4348 999 4391 et
1017 4348 1079 4391 ante
1097 4356 1154 4391 meo
1173 4357 1227 4392 om.
1248 4344 1285 4393 Μ.
1307 4368 1337 4379 -
1357 4345 1399 4393 12.
1415 4346 1464 4393 ott-

143 4435 220 4483 nnom
242 4434 295 4469 om.
318 4420 337 4470 l.
370 4445 396 4455 -
436 4419 479 4468 tt.
500 4425 524 4469 te
541 4417 615 4466 uideo
632 4416 699 4466 atu:
727 4415 800 4463 oldae
819 4420 842 4462 te
862 4412 905 4461 tlt.
938 4435 964 4445 -
1005 4413 1047 4460 15.
1067 4413 1192 4463 eiusmodi
1209 4413 1290 4463 Mill:
1319 4416 1466 4464 huiusmodi

143 4489 173 4540 lt.
210 4516 236 4525 -
275 4489 318 4539 18.
338 4485 425 4550 orcae]
443 4490 511 4538 nrts's
529 4488 550 4536 l.
581 4512 609 4524 -
648 4487 691 4535 21.
711 4485 824 4534 Litterae
842 4483 910 4532 MB:
941 4483 975 4530 Et
993 4481 1097 4530 litterae
1116 4482 1159 4530 lll.
1193 4507 1223 4518 -
1260 4484 1304 4533 23.
1322 4486 1466 4546 periculum

142 4573 196 4609 om.
219 4560 239 4608 l.
262 4583 291 4594 -
329 4560 372 4608 27.
393 4572 444 4608 esse
462 4573 517 4607 om.
539 4558 560 4606 l.
581 4582 609 4594 -
647 4556 692 4605 29.
711 4556 797 4603 istunc
814 4560 876 4602 astte
894 4553 1029 4602 Caesarem
1048 4551 1164 4613 Lipsius.
1186 4578 1213 4588 -
1244 4552 1288 4602 30.
1307 4568 1355 4618 epo
1374 4555 1465 4603 dtsts'rs-

141 4642 190 4693 ρον
210 4643 251 4692 pr.
271 4629 311 4687 bi,
340 4642 386 4694 epo
404 4629 536 4693 disctnper
554 4639 625 4676 corr.
643 4626 688 4680 31,
719 4625 786 4674 enim
810 4624 956 4685 distringor
981 4634 1061 4683 supra
1085 4635 1191 4671 versum
1211 4622 1248 4672 bl.
1280 4649 1308 4659 -
1346 4625 1464 4673 dommus

141 4698 205 4756 tta,
236 4700 321 4748 decios
339 4699 367 4760 l,
398 4700 482 4748 dictus
501 4698 619 4747 varietas
638 4695 700 4745 Ald.
730 4718 761 4730 -
796 4693 839 4743 31.
859 4693 954 4741 iudices
976 4692 1012 4740 cd
1029 4706 1164 4742 numeram
1180 4693 1248 4742 tta:
1277 4693 1313 4743 od
1330 4707 1464 4742 numerum

140 4769 234 4819 tods'ces
253 4769 295 4820 lB.
318 4795 349 4805 —
386 4769 430 4819 at.
450 4776 538 4832 tprrrss
556 4781 595 4829 pr.
615 4765 660 4826 Μ,
680 4765 764 4828 Syrir's
784 4763 794 4812 Ι
814 4769 840 4812 et
858 4775 928 4812 corr.
947 4761 994 4821 Μ,
1015 4763 1093 4825 tyrits
1111 4775 1166 4824 mg.
1186 4763 1222 4812 Μ.
1242 4787 1276 4797 -
1306 4763 1349 4813 33.
1371 4758 1462 4824 C.]1..

140 4837 287 4889 Mareotius.

223 4946 296 4987 cem
310 4944 330 4986 r.
351 4945 384 4986 ιιι.
1210 4910 1252 4971 22
