3256 5400
541 260 614 322 Llli.
635 259 660 322 1.
701 259 760 322 lte.
783 257 814 320 9.
856 255 890 320 C.
914 257 942 318 1.
964 257 994 319 S.
1365 258 1427 320 919

108 438 240 504 quarum
262 416 357 480 altera
380 425 425 479 est
448 415 487 480 de
510 416 681 481 Dlaudeuio
704 411 857 485 Zeuxide,
888 433 982 497 quem
1005 413 1115 478 scribis
1137 414 1344 480 certissimum
1366 436 1432 479 ma-

108 511 250 576 tricidam
273 509 373 575 tibia
402 530 452 574 me
482 510 590 574 intime
618 505 840 574 commendari.
893 508 963 583 Qua
991 506 1031 570 de
1059 529 1101 586 re*
1120 519 1152 572 el
1173 508 1213 573 de
1235 509 1294 575 boc
1315 531 1431 596 genere

107 617 191 677 tolo,
214 625 253 668 ne
275 602 357 668 sorte
379 624 428 669 me
450 604 482 668 in
505 609 641 670 Graecos
664 612 726 666 tam
748 597 948 664 ambitiosum
969 597 1084 663 lactum
1099 621 1169 667 esse
1183 603 1310 678 mirere,
1332 626 1429 690 pauca

107 719 270 784 cognosce.
314 702 380 781 ligo
403 719 474 763 cum
502 703 695 764 Graecorum
725 693 869 780 querelas
901 691 1031 757 nimium
1062 695 1167 760 valere
1188 697 1336 763 sentirem
1357 720 1431 784 pro-

107 804 177 878 pter
205 791 367 856 bominum
397 791 520 875 ingenia
549 791 589 856 ad
618 789 787 856 fallendum
815 795 940 872 parata,
977 808 1181 876 quoscunque
1211 791 1250 856 de
1277 803 1308 857 te
1340 795 1454 880 queri·

108 886 227 957 audivi,
260 904 444 969 quacunque
466 886 553 970 potui
575 885 697 950 ratione
724 881 856 968 placavi.
910 880 1048 944 Primum
1070 882 1342 971 Dionysopolitas,
1377 889 1430 974 qui

109 990 197 1045 erant
228 978 455 1050 inimicissimi,
487 979 600 1057 lenivi3
636 997 772 1065 quorum
800 974 972 1059 principem
1001 976 1207 1062 Hermippum
1237 999 1299 1043 non
1329 980 1430 1045 solum

109 1092 255 1138 sermone
277 1093 348 1136 meo
370 1071 425 1136 sed
447 1072 540 1136 eliam
563 1072 770 1137 familiaritate
793 1068 930 1133 devinxi.
975 1073 1041 1153 Ego
1063 1075 1266 1154 Apamensem
1289 1075 1432 1158 Hephae-

110 1180 210 1240 stum,
239 1186 300 1249 ego
321 1165 511 1230 levissimum
541 1166 717 1239 bominem,
751 1162 953 1248 Megaristum
976 1162 1197 1237 Antandrium,
1228 1187 1288 1251 ego
1314 1168 1430 1233 Niciam

111 1265 335 1346 Smyrnaeum,
372 1278 431 1340 ego
460 1280 558 1343 nugas
586 1258 738 1323 maximas
767 1255 853 1320 omni
880 1276 949 1319 mea
970 1255 1115 1320 comitate
1137 1260 1320 1346 complexus
1342 1284 1410 1327 sum
1423 1312 1430 1334 ,
1444 1276 1470 1325 su

110 1352 337 1441 Nymphontem
359 1351 452 1415 etiam
475 1351 713 1437 Colophonium.
759 1352 848 1426 Quae
870 1349 931 1413 leci
952 1349 1072 1422 omnia,
1095 1372 1158 1415 non
1180 1372 1244 1437 quo
1268 1376 1317 1417 me
1339 1366 1392 1419 aut
1408 1357 1431 1421 ii

110 1447 251 1511 bomines
272 1453 325 1508 aul
345 1454 410 1509 tola
433 1445 516 1510 natio
538 1445 719 1521 delectaret;
749 1452 926 1530 pertaesum
948 1454 995 1509 est
1016 1443 1172 1520 levitatis,
1205 1448 1432 1528 assentationis,

110 1540 286 1604 animorum
309 1558 371 1602 non
395 1537 507 1602 officiis
528 1538 585 1603 sed
605 1537 798 1625 temporibus
826 1536 1039 1602 servientium.
1083 1544 1112 1603 5.
1136 1539 1211 1614 Sed,
1237 1549 1272 1605 al
1293 1541 1332 1605 ad
1355 1536 1433 1606 Zea-

112 1634 175 1697 xim
196 1642 352 1696 revertar:
376 1651 447 1695 cum
469 1636 495 1696 is
516 1632 555 1697 de
570 1637 610 1697 M.
626 1632 764 1699 Cascellii
779 1651 1043 1697 sermonesecum
1059 1631 1175 1708 babitu,
1198 1655 1279 1719 quae
1300 1646 1334 1699 tu
1356 1637 1434 1700 scria

111 1726 171 1799 bis,
207 1748 243 1791 ea
272 1726 339 1813 ipsa
360 1726 565 1811 loqueretur,
599 1725 705 1791 obstiti
737 1725 804 1789 eius
826 1725 963 1789 sermoni
986 1733 1017 1789 et
1038 1726 1196 1791 bominem
1218 1727 1250 1792 in
1273 1728 1471 1794 familiari-n

111 1832 203 1886 tatem
227 1821 342 1906 recepi.
385 1826 450 1885 Tua
472 1829 575 1884 autem
598 1841 677 1906 quae
698 1818 794 1884 fuerit
814 1818 966 1903 cupiditas
986 1828 1083 1893 muta,
1105 1822 1233 1896 nescio,
1256 1823 1343 1909 quod
1356 1824 1433 1889 scri-

111 1914 159 1978 bis
180 1913 303 2000 cupisse
325 1921 370 1988 te,
393 1914 542 1998 quoniam
564 1917 714 2001 Smyrnae
735 1912 816 1978 duos
831 1917 935 2000 Mysos
954 1914 1103 1979 insuisses
1119 1914 1150 1978 iu
1165 1914 1307 1989 culeum,
1331 1917 1433 1982 simile

111 2008 143 2075 in
176 2005 340 2092 superiore
376 2014 464 2091 parte
497 2006 676 2090 provinciae
704 2006 799 2072 edere
827 2008 1007 2092 exemplum
1040 2009 1213 2073 severitatis
1240 2017 1312 2074 tuae
1334 2018 1365 2073 et
1385 2009 1433 2075 id-

112 2102 197 2166 circo
227 2104 357 2165 Zeuxim
392 2099 505 2164 elicere
534 2099 620 2165 omni
649 2100 771 2166 ratione
802 2101 960 2166 voluisse:
994 2123 1087 2188 quem
1110 2102 1275 2168 adductum
1299 2105 1330 2168 in
1352 2103 1432 2169 iudi·

112 2195 195 2259 cium
216 2192 348 2258 sortasse
369 2191 483 2257 dimitti
504 2213 568 2257 non
589 2203 791 2279 oportuerat,
814 2194 958 2278 conquiri
979 2215 1056 2259 vero
1078 2206 1109 2260 el
1131 2197 1200 2260 elici
1222 2197 1377 2262 blanditiis
1392 2220 1471 2257 -so

112 2296 147 2352 ul
169 2295 202 2352 tu
228 2284 339 2350 scribis
361 2319 400 2331 —
423 2284 462 2349 ad
485 2285 650 2361 iudicium,
686 2309 814 2354 necesse
839 2309 901 2353 non
923 2287 997 2363 suit;
1034 2310 1105 2353 eam
1128 2291 1311 2375 praesertim
1334 2291 1434 2355 bomi-

113 2401 200 2453 nem,
232 2401 325 2466 quem
359 2399 418 2464 ego
448 2389 480 2443 et
507 2401 548 2444 ex
576 2380 641 2445 suis
668 2381 787 2446 civibus
815 2389 847 2444 et
873 2401 913 2444 ex
940 2380 1045 2444 multis
1072 2382 1141 2446 aliis
1167 2382 1306 2468 quotidie
1335 2383 1434 2466 magis

113 2494 269 2558 cognosco
284 2472 473 2538 nobiliorem
484 2493 553 2538 esse
564 2494 664 2559 prope
678 2496 770 2560 quam
786 2474 943 2538 civitatem
958 2495 1055 2538 suam.
1078 2479 1108 2538 6.
1130 2511 1170 2521 -
1185 2481 1223 2539 At
1239 2476 1320 2538 enim
1338 2480 1434 2540 Grae-

114 2567 157 2631 cis
179 2566 253 2631 solis
285 2566 444 2650 indulgeo.
467 2604 507 2613 -
530 2567 635 2646 Quid?
667 2572 702 2632 Ι..
725 2567 892 2633 Caecilium
913 2587 1017 2631 nonne
1039 2569 1125 2631 omni
1146 2569 1268 2633 ratione
1291 2569 1433 2653 placavit

114 2681 207 2746 quem
229 2659 404 2725 bominem!
438 2682 500 2747 qua
525 2662 601 2749 irai
624 2682 687 2746 quo
717 2661 845 2745 spiritui
890 2663 991 2737 Quem
1017 2660 1154 2747 denique
1175 2672 1300 2747 praeter
1321 2668 1473 2726 Tusce-se

115 2755 216 2826 nium,
246 2753 333 2818 cuias
360 2774 452 2818 causa
480 2754 582 2818 sanari
611 2773 674 2818 non
694 2761 810 2838 polest,
845 2773 908 2816 non
929 2752 1096 2836 mitigavit
1125 2759 1204 2818 Ecce
1226 2776 1319 2840 supra
1342 2769 1436 2841 caput

116 2848 209 2913 borno
230 2848 308 2912 levis
330 2868 366 2911 ac
386 2847 554 2922 sordidus,
583 2847 640 2911 sed
666 2857 768 2912 tamen
799 2846 937 2932 equestri
958 2866 1074 2919 ceusu,
1109 2848 1269 2927 Catienus;
1292 2850 1384 2914 etiam
1408 2851 1434 2915 is

116 2941 259 3006 lenietur.
310 2940 404 3006 Cuius
437 2949 471 3005 tu
501 2941 534 3004 in
561 2950 682 3024 patrem
714 2938 801 3026 quod
821 2939 908 3004 luisti
937 2944 1099 3025 asperior,
1136 2961 1199 3005 non
1221 2944 1435 3028 reprebendo;

115 3044 203 3100 certo
235 3033 302 3100 acio
330 3042 359 3098 te
391 3036 502 3114 'scum
528 3035 639 3099 secisse
667 3055 738 3099 cam
766 3055 870 3098 causa.
918 3033 979 3098 Sed
1001 3034 1077 3120 quid
1098 3056 1177 3121 opus
1199 3036 1259 3101 luit
1280 3037 1434 3103 eiusmodi

117 3129 240 3204 litteris,
276 3150 355 3214 quas
376 3128 415 3192 ad
436 3129 539 3213 ipsum
561 3128 697 3193 misisti?
732 3127 845 3202 „illum
874 3146 999 3192 crucem
1022 3126 1081 3192 sibi
1103 3133 1205 3213 ipsum
1227 3131 1474 3205 constituere,n

117 3245 156 3288 ex
178 3245 239 3310 qua
261 3234 295 3289 tu
317 3245 390 3289 eum
411 3233 482 3288 aute
504 3223 712 3300 detraxisses;
737 3229 990 3295 tarantarum,
1013 3221 1101 3286 sumo
1123 3234 1157 3288 ul
1178 3223 1434 3297 combureretur,

116 3317 281 3403 plaudente
309 3327 373 3383 tola
405 3318 594 3402 provincia.’'
637 3316 719 3395 Quid
746 3335 824 3379 vero
852 3315 892 3379 ad
917 3319 950 3381 C.
972 3314 1101 3381 Fabium
1122 3317 1229 3381 nescio
1251 3324 1369 3412 quemi
1396 3349 1434 3360 -
1474 3372 1481 3388 ,

118 3432 187 3475 nam
220 3431 289 3474 eam
322 3431 448 3497 quoque
480 3410 641 3497 epistolam
674 3414 708 3473 T.
736 3408 880 3473 Catienus
903 3408 1121 3492 circumgestat
1142 3431 1201 3474 —:
1235 3409 1448 3483 „renuntiari

118 3503 171 3568 libi
194 3504 347 3568 Licinium
369 3503 554 3589 plagiarium
577 3523 646 3566 cum
669 3522 727 3566 suo
748 3501 834 3586 pullo
856 3501 987 3566 miluino
1005 3501 1118 3567 tributa
1134 3502 1289 3587 exigere‘*
1316 3502 1437 3567 Deinde

117 3617 211 3681 rogas
240 3596 383 3670 Fabium,
417 3606 480 3668 „ut
505 3605 535 3659 et
563 3606 683 3680 patrem
706 3594 854 3659 etlilium
876 3594 964 3659 vivos
985 3593 1164 3669 comburat,
1187 3597 1214 3661 si
1235 3597 1351 3682 possit;
1388 3597 1476 3662 sinn

118 3692 235 3765 minus,
258 3691 297 3755 ad
320 3702 350 3755 le
372 3691 485 3762 miliat,
519 3689 563 3755 uti
585 3687 702 3753 iudicio
723 3686 976 3752 comburantur.''
1018 3692 1085 3752 llae
1107 3689 1228 3753 litterae
1250 3688 1305 3754 abs
1328 3702 1366 3754 le·
1379 3711 1438 3774 per

120 3783 222 3847 iocum
245 3785 358 3848 missae
380 3784 418 3849 ad
442 3789 474 3849 C.
496 3781 642 3855 Fabium,
665 3781 691 3845 si
713 3781 808 3845 modo
830 3791 901 3846 sunl
922 3791 1013 3854 luae,
1035 3802 1106 3846 cum
1121 3782 1282 3867 legantur,
1305 3783 1440 3849 invidie·

189 3988 213 4033 1.
235 3983 345 4033 Dionide
360 3983 421 4032 MR.
443 4007 472 4018 -
510 3982 613 4031 teuaide
631 3981 673 4039 bl,
694 3981 809 4030 Deueide
827 3981 847 4029 1.
868 3991 899 4017 ·-
937 3979 964 4030 6.
986 3981 1199 4044 Dionysopolitas
1218 3982 1348 4032 Ursinus:
1378 3984 1441 4033 Dio·

120 4056 221 4114 sepsitas
245 4054 327 4112 11111,
354 4052 562 4115 Dionysipolilas
590 4050 620 4100 ll.
653 4076 686 4084 -
742 4051 768 4099 7.
803 4052 975 4100 inimicissimi
1003 4051 1158 4101 Manutius:
1189 4054 1361 4102 inimicissimi
1390 4055 1441 4103 mei
1506 4096 1510 4101 ,

121 4124 215 4172 1111111.
246 4149 275 4159 -
313 4123 339 4172 9.
365 4122 553 4184 Apponiensem
572 4123 611 4180 R,
643 4123 810 4182 Apamensem
828 4127 852 4170 et
872 4120 892 4168 l.
925 4143 955 4153 —-
991 4122 1130 4184 liplsestum
1157 4121 1200 4181 tlt,
1227 4123 1363 4184 presium
1384 4124 1439 4182 111,

122 4194 269 4255 iiplsestium
287 4192 444 4242 Lambinus.
482 4193 552 4240 Fert.
573 4191 766 4253 Hephaestiam.
787 4189 838 4240 Os.
860 4214 889 4225 -
925 4190 952 4240 9.
972 4192 1104 4240 bantinum
1123 4205 1177 4253 mg.
1198 4191 1236 4241 11.
1260 4216 1291 4226 -
1311 4195 1353 4243 16.
1373 4207 1441 4242 eem-

120 4264 211 4324 pleeus
228 4276 285 4312 sum
302 4263 369 4313 ran:
390 4276 447 4312 sum
465 4262 611 4324 complexus
630 4260 674 4310 ill.
695 4283 725 4294 -
763 4261 806 4310 11.
824 4267 849 4310 et
870 4260 1058 4322 eoloptontum
1076 4261 1099 4310 l.
1118 4286 1152 4294 —
1189 4261 1231 4309 te.
1251 4259 1299 4325 est]
1318 4270 1355 4313 est
1373 4266 1441 4313 enim

123 4334 143 4380 1.
166 4358 193 4368 -
233 4332 276 4382 19.
295 4333 395 4382 Zeuxin
414 4333 453 4392 11,
475 4333 582 4381 Teueim
600 4332 638 4386 (in
658 4342 713 4390 mg.
732 4328 850 4392 Zeusim)
868 4330 906 4380 11.
933 4355 962 4365 -
1002 4331 1043 4381 tt.
1063 4333 1142 4380 isdem
1161 4331 1331 4393 Cascellibl,
1351 4335 1441 4383 lisdem

122 4404 228 4452 Gemelli
248 4402 280 4461 l,
301 4406 324 4451 is
341 4404 371 4452 de
390 4402 497 4451 Cascelli
516 4402 547 4449 11.
577 4424 607 4435 -
645 4400 688 4449 15.
707 4401 761 4461 ipse
779 4400 801 4448 l.
820 4425 852 4435 -
890 4400 932 4449 17.
955 4402 1019 4449 duos
1038 4400 1120 4450 Mur:
1145 4402 1198 4449 desa
1217 4401 1246 4450 li.
1269 4426 1298 4437 -
1335 4405 1442 4453 smirses

121 4473 165 4528 11,
186 4474 231 4536 qui
253 4473 279 4520 ln
299 4485 353 4534 mg.
372 4485 458 4534 mpscs
476 4471 592 4520 deletum
612 4475 639 4519 et
655 4471 779 4518 smirneas
798 4470 969 4519 substitutum
988 4471 1078 4520 babet.
1108 4494 1138 4505 -
1177 4471 1219 4520 19.
1239 4472 1339 4521 Zeuein
1357 4473 1388 4522 11.
1410 4497 1440 4508 -

121 4542 212 4605 eligere
230 4542 274 4591 111.
294 4566 327 4575 -
345 4542 465 4591 uoluisse.
504 4541 580 4590 littra
598 4554 670 4603 auem
689 4539 731 4594 bl,
753 4539 862 4588 uoluisse
879 4540 959 4598 uitro,
973 4554 1046 4602 quem
1058 4541 1089 4588 tt.
1119 4541 1190 4589 Fert.
1202 4540 1264 4592 latet
1278 4543 1304 4590 ln
1314 4542 1356 4592 bis
1367 4555 1440 4592 nom.

123 4626 164 4674 pr.
183 4612 234 4663 On.
251 4635 281 4646 -
300 4612 344 4661 20.
363 4613 474 4676 fortune
493 4625 529 4659 an
546 4611 645 4659 dimitti
664 4610 685 4657 1.
708 4633 737 4644 -
759 4616 911 4671 oportuerat
929 4609 973 4658 bl:
994 4612 1138 4671 oportuerit
1152 4609 1213 4669 1111,
1231 4615 1347 4673 potuerit
1365 4612 1387 4660 1.
1407 4637 1441 4646 -

122 4682 166 4731 ta.
188 4683 357 4731 Tuscennium
375 4682 407 4730 11.
423 4706 452 4716 -
474 4680 518 4729 27.
538 4677 580 4743 ae]
599 4687 624 4730 et
637 4679 668 4728 11.
688 4703 720 4713 -
739 4680 850 4741 equestri
867 4680 966 4728 incessu
977 4678 1051 4728 Mill.
1067 4703 1097 4713 -
1128 4679 1173 4729 29.
1192 4685 1331 4730 certeseia
1350 4690 1373 4732 te
1385 4695 1443 4732 eum

121 4753 209 4816 {etism
226 4751 272 4802 bl:
300 4758 373 4800 certa
398 4752 451 4800 seio
478 4758 502 4800 te
518 4752 586 4799 enim
603 4750 691 4815 fecisse
709 4747 740 4809 11,
759 4755 828 4798 certo
847 4748 925 4809 (certe
945 4746 968 4811 l)
987 4751 1054 4799 enim
1070 4750 1123 4797 seio
1140 4756 1164 4798 te
1180 4749 1268 4812 fecisse
1286 4751 1330 4801 lll.
1367 4754 1440 4802 Fert.

122 4822 263 4871 certeseia
281 4826 306 4869 te
327 4834 399 4870 resim
420 4821 516 4885 fecisse.
542 4818 592 4870 01·
614 4843 644 4855 -
673 4817 717 4868 91.
744 4819 823 4882 [urna
848 4818 970 4868 Ursinus.
990 4843 1024 4854 -
1050 4818 1093 4868 39.
1119 4824 1177 4868 tcta
1199 4819 1341 4880 plaudente
1365 4822 1387 4873 l.
1408 4847 1442 4858 -

123 4890 167 4941 99.
186 4892 339 4941 renuntiare
356 4890 401 4951 Μ,
414 4891 568 4941 rmuueiase
586 4889 608 4938 1.
629 4912 659 4924 -
679 4886 723 4938 tt.
744 4888 810 4938 Dein
827 4888 858 4939 11.
877 4912 909 4923 -
929 4888 973 4939 96.
991 4885 1043 4953 sin]
1062 4890 1085 4938 si
1101 4888 1162 4940 119.
1183 4910 1214 4923 -
1250 4889 1293 4940 96.
1314 4889 1391 4955 abela
1408 4891 1441 4945 lt.
