3256 5400
518 233 591 294 LlB.
614 231 682 296 XV.
725 232 785 294 ΕΡ.
807 232 859 294 23.
881 231 933 294 ei.
956 231 1007 298 25.
1029 231 1081 293 26.
1399 236 1461 298 ’129

138 379 176 457 b.
199 391 344 456 Pisonem
374 389 453 454 velle
475 389 565 453 exire
586 388 722 471 legatum
744 389 983 472 ψευδεγγράφῳ
1009 395 1132 452 senatus
1154 388 1305 454 consulto.
1360 391 1461 457 Velim

141 486 237 557 scire,
269 480 344 567 quid
370 487 420 547 sit.
461 480 656 546 'l'abellarius
684 481 754 555 ille,
786 503 878 568 quem
909 480 964 546 tibi
987 480 1129 545 dixeram
1157 501 1174 544 a
1198 501 1247 545 me
1268 480 1309 546 ad
1330 487 1461 548 Brutum

141 599 210 643 esse
240 577 367 640 missum
393 575 425 639 in
448 575 657 658 Anagninum,
689 573 727 639 ad
750 594 800 637 me
822 574 909 638 venit
929 595 966 638 ea
987 584 1094 646 nocte,
1123 594 1203 658 quae
1225 574 1368 659 proxima
1389 585 1461 641 ante

141 671 208 738 llal.
230 670 303 743 fuit,
326 668 506 754 litterasque
527 667 567 732 ad
588 687 639 731 me
660 665 778 738 attulit,
800 665 962 752 inquibus
984 688 1082 731 unum
1104 666 1240 731 alienum
1262 690 1383 734 summa
1405 692 1461 734 sua

141 763 321 851 prudentia,
343 761 426 826 idem
449 760 542 834 illud,
564 768 599 824 ut
618 768 754 845 spectem
775 758 866 824 ludos
880 781 965 825 suos.
1008 761 1164 846 Rescripsi
1186 761 1304 827 scilicet
1324 764 1483 848 primumi

141 880 192 923 me
213 858 275 921 iam
296 854 488 940 proiectum,
518 862 554 917 ut
580 873 644 917 non
664 851 821 936 integrum
842 854 898 930 sit;
927 853 1016 928 dein,
1045 854 1255 920 ἀτοπώτατον
1277 877 1362 930 esse,
1393 879 1458 932 me,

142 952 196 1037 qui
218 957 347 1015 Romam
369 948 497 1012 omnino
518 952 589 1030 post
611 944 687 1008 hacc
708 964 794 1008 arma
817 967 879 1010 non
895 948 1094 1023 accesserim,
1117 969 1219 1034 neque
1241 948 1273 1014 id
1295 959 1356 1014 tam
1379 953 1463 1036 peri·

142 1046 203 1110 culi
232 1044 294 1109 mei
323 1062 414 1106 causa
444 1040 572 1105 fecerim
601 1058 693 1123 quam
723 1037 895 1122 dignitatis,
925 1039 1030 1107 subito
1057 1041 1095 1106 ad
1117 1041 1208 1107 ludos
1233 1043 1352 1107 venire.
1396 1045 1463 1110 Tali

143 1138 224 1202 enim
248 1146 388 1221 tempore
410 1133 501 1199 ludos
523 1132 627 1196 lacere
649 1129 693 1194 illi
716 1129 879 1197 honestum
901 1143 963 1208 est,
993 1134 1043 1198 cui
1065 1155 1192 1198 necesse
1213 1145 1274 1213 cst;
1306 1147 1461 1222 spectare,

143 1230 219 1294 mibi
250 1238 284 1292 ut
312 1249 375 1293 non
404 1237 450 1292 est
471 1247 614 1298 necesse,
644 1223 689 1286 sic
710 1243 750 1286 ne
775 1225 939 1290 honestum
961 1227 1087 1312 quidem
1110 1238 1167 1297 est.
1220 1227 1372 1314 Equidem
1393 1230 1500 1296 illasio

143 1320 295 1386 celebrari
317 1329 348 1385 et
369 1342 437 1386 esse
459 1341 551 1406 qnam
574 1314 767 1402 gratissimos
789 1318 973 1384 mirabiliter
994 1321 1103 1406 cupi0;
1132 1321 1228 1406 idque
1258 1322 1299 1387 ita
1321 1322 1462 1388 futurum
1562 1323 1565 1330 ⁴

143 1437 211 1480 esse
233 1415 372 1488 confido,
394 1423 426 1479 et
447 1423 549 1478 tecum
572 1432 647 1495 ago,
671 1417 705 1473 ui
727 1409 787 1474 iam
810 1412 849 1477 ab
871 1414 938 1498 ipsa
959 1415 1178 1480 commissione
1200 1415 1239 1480 ad
1261 1437 1328 1490 me,
1355 1438 1464 1501 quem-

143 1507 309 1572 admodum
332 1508 523 1594 accipiantur
544 1506 567 1570 ii
588 1503 671 1580 ludi;
694 1501 807 1570 deinde
828 1506 933 1572 omnia
954 1508 1151 1594 reliquorum
1173 1509 1319 1575 ludorum
1342 1511 1374 1576 in
1396 1511 1463 1577 dies

142 1601 281 1684 singulos
309 1621 509 1687 persequare.
553 1600 614 1665 Sed
636 1597 676 1661 de
697 1601 778 1666 ludis
799 1600 957 1666 hactenus.
1000 1606 1031 1670 2.
1059 1603 1190 1688 Reliqua
1211 1623 1284 1688 pars
1313 1605 1462 1690 epistolae

143 1707 190 1761 est
211 1695 262 1761 illa
284 1696 410 1781 quidem
433 1695 464 1758 in
486 1704 651 1778 utramque
672 1707 808 1781 partem,
831 1694 885 1759 scd
900 1706 1003 1760 tamen
1026 1696 1191 1763 nonnullos
1213 1696 1369 1763 interdum
1391 1697 1462 1762 iacit
1470 1707 1497 1751 ¹⁵

143 1790 294 1872 igniculos
317 1790 438 1866 virilcs;
467 1788 552 1874 quod
574 1789 664 1873 quale
687 1788 743 1854 tibi
765 1787 941 1862 videretur,
970 1800 1006 1855 ut
1026 1809 1134 1874 posses
1155 1790 1371 1876 interpretari,
1393 1790 1463 1856 misi

143 1882 183 1946 ad
212 1893 243 1947 te
277 1883 455 1967 exemplum
488 1883 649 1968 epistolae.
708 1886 903 1968 Quamquam
933 1883 1010 1948 mibi
1042 1882 1221 1950 tabellarius
1242 1887 1349 1950 noster
1376 1883 1465 1949 dixe·

144 1986 193 2040 rat
226 1975 282 2041 tibi
311 1996 438 2063 quoque
468 1997 501 2040 se
523 1977 662 2041 attulisse
684 1977 800 2041 litteras
827 1997 845 2040 a
866 1981 964 2041 Bruto
991 1998 1105 2061 easque
1131 1976 1170 2042 ad
1191 1988 1222 2042 te
1250 1977 1464 2043 eTusculano

144 2090 212 2134 esse
234 2070 361 2135 delatas.
404 2075 433 2140 3.
454 2074 521 2154 Ego
543 2070 655 2136 itinera
676 2071 722 2135 sic
743 2090 994 2156 composueram,
1017 2081 1052 2134 ut
1071 2070 1167 2134 Nonis
1190 2071 1312 2148 Quinct.
1327 2070 1464 2135 Puteolis

144 2184 254 2227 essem.
297 2164 395 2229 Valde
417 2163 500 2228 enim
522 2163 651 2240 lestin0;
675 2165 718 2230 ita
733 2176 850 2237 tamen,
872 2172 922 2236 ut,
945 2172 1094 2248 qnantum
1116 2164 1212 2228 bomo
1232 2163 1347 2249 possit,
1370 2173 1501 2248 quami

144 2256 320 2321 cautissime
342 2259 495 2342 navigem.
537 2261 568 2322 4.
596 2262 636 2322 Μ.
659 2258 780 2323 delium
803 2278 877 2321 cura
899 2255 1062 2321 liberabis:
1094 2261 1120 2320 is
1142 2277 1193 2320 me
1214 2277 1330 2342 paucos
1352 2277 1464 2341 specus

145 2351 174 2414 iu
204 2361 346 2414 extremo
368 2349 482 2424 lunda,
513 2362 543 2414 et
565 2372 620 2416 eos
642 2351 768 2436 quidem
789 2350 1026 2427 subterraneos;
1056 2350 1214 2415 servitutis
1235 2359 1323 2435 putat
1346 2349 1465 2435 aliquid

144 2442 319 2508 babituros:
343 2444 374 2509 id
397 2466 446 2508 me
469 2445 594 2508 iamiam
616 2444 699 2509 nolle
721 2466 822 2530 neque
845 2444 922 2509 mihi
944 2443 1113 2531 quidquam
1135 2465 1204 2508 esse
1223 2449 1313 2521 tanti;
1336 2441 1407 2517 sed,
1430 2451 1465 2508 ut

145 2536 219 2601 mibi
235 2537 372 2610 dicebas,
397 2559 488 2623 quam
511 2538 685 2611 lenissime,
708 2538 813 2623 potius
834 2549 870 2602 ut
884 2558 958 2602 cura
979 2536 1146 2609 liberetur,
1169 2558 1261 2623 quam
1284 2546 1318 2602 nt
1331 2558 1382 2599 me
1395 2557 1466 2601 suc·

144 2651 273 2694 censere
295 2631 414 2714 aliquid
436 2632 621 2717 suspicetur.
672 2637 750 2696 ltem
772 2632 811 2696 de
827 2631 887 2696 illo
910 2630 1050 2696 'lolliano
1073 2631 1172 2716 capite
1195 2630 1293 2695 libere
1315 2650 1385 2695 cum
1408 2632 1501 2695 ila-²³

145 2723 253 2787 scellio
275 2723 415 2809 loquare.
458 2730 556 2790 Parva
577 2746 630 2789 res
652 2734 712 2802 est;
735 2724 788 2790 sed
812 2735 844 2790 tu
858 2723 937 2789 bene
959 2723 1131 2789 attendisti:
1154 2725 1246 2789 nimis
1260 2723 1370 2789 callide
1392 2742 1465 2807 age·

143 2815 246 2880 batur.
288 2820 356 2901 Ego
378 2827 497 2893 autem,
525 2823 551 2883 si
572 2817 649 2882 mibi
672 2818 873 2903 imposuisset
893 2817 1026 2903 aliquid,
1056 2816 1142 2903 quod
1165 2838 1264 2900 paene
1285 2816 1373 2890 sccii,
1403 2814 1464 2880 nisi

144 2921 196 2974 tua
219 2910 334 2975 malitia
355 2911 509 2986 affuisset,
532 2912 637 2976 animo
651 2912 760 2998 iniquo
784 2911 932 2977 tulissem.
967 2915 1090 2998 ltaque,
1113 2910 1293 2984 ululatii,
1315 2930 1385 2975 rem
1406 2909 1464 2974 im·

215 3186 239 3233 1.
258 3185 348 3233 uellem
366 3185 440 3235 bllll.
479 3182 567 3249 (Corr-
588 3187 705 3239 Baetae.)
732 3210 762 3222 -
800 3188 869 3236 cairi
887 3187 909 3235 1.
935 3213 967 3223 -
1006 3181 1465 3249 Quintumdecimum

144 3253 315 3324 δεγγραφώς
335 3269 389 3316 mg·
410 3256 454 3313 Μ,
482 3256 696 3324 ψευδογραφον
714 3255 745 3305 ll.
779 3279 805 3290 -
844 3257 1084 3309 senatusconsulto
1102 3269 1157 3304 om.
1178 3256 1224 3305 lll.
1253 3276 1285 3290 -
1321 3254 1348 3304 2.
1371 3267 1389 3302 a
1407 3266 1463 3304 om.

144 3324 181 3374 Μ.
211 3348 239 3358 -
277 3325 302 3374 3.
323 3337 448 3374 caecam.
469 3327 490 3375 1.
513 3351 533 3361 -
571 3326 726 3374 Ananiaam
744 3326 785 3385 Μ,
804 3326 919 3375 Atrinum
938 3326 960 3376 l.
989 3355 1018 3364 -
1056 3325 1083 3375 b.
1102 3322 1151 3387 me]
1171 3329 1195 3374 te
1212 3323 1263 3373 itt.
1284 3344 1316 3358 -
1352 3325 1378 3374 b.
1398 3325 1466 3373 idem

144 3394 201 3443 llll:
220 3395 249 3443 id
261 3403 298 3444 eet
317 3396 354 3454 ll,
375 3392 473 3458 [idest]
494 3397 524 3445 li.
546 3419 576 3430 -
600 3399 706 3457 spetiem
725 3410 765 3457 pr.
779 3394 821 3456 Μ,
840 3399 949 3457 speeiem
967 3397 989 3446 l.
1017 3394 1136 3459 (spectem
1154 3409 1225 3444 corr.
1239 3394 1288 3447 Μ.)
1306 3418 1340 3429 ·-
1363 3394 1391 3443 6.
1409 3406 1466 3443 aaa

144 3464 287 3514 amblltl.
325 3465 581 3522 (Corallictortus.)
600 3492 628 3502 —
668 3464 741 3529 dein]
761 3465 939 3517 demebllll·
977 3464 1174 3525 (cumidem.)
1195 3490 1224 3501 -
1261 3477 1300 3512 me
1318 3463 1462 3514 euedlbl.

146 3532 233 3594 (Corn.
248 3534 346 3597 idem.)
365 3560 392 3570 -
425 3536 451 3584 ’1.
470 3537 519 3585 bac
537 3551 576 3598 pr.
596 3536 641 3596 Μ,
661 3539 704 3586 bec
723 3550 793 3586 corr.
811 3536 848 3587 Μ.
870 3558 901 3570 ··
933 3536 959 3586 8.
978 3539 1093 3585 ventrem
1110 3534 1147 3594 lt,
1166 3536 1267 3583 veniret
1285 3533 1307 3582 l.
1329 3557 1358 3570 -
1394 3530 1465 3597 Tali]

58 3648 61 3654 .
145 3603 200 3651 alia
218 3601 269 3653 ΜΙ.
297 3629 329 3638 -
367 3606 409 3655 10.
428 3608 607 3656 ricaemiaem
625 3608 732 3666 aebll,
752 3608 790 3654 sic
808 3606 994 3656 uenirenell.
1032 3604 1120 3668 (Corr-
1141 3599 1301 3665 Manutius.)
1322 3628 1351 3639 -
1388 3603 1466 3653 bene

144 3679 224 3722 atum.
256 3675 303 3723 Eat
320 3675 422 3736 quidem
450 3676 472 3724 1.
503 3701 530 3712 -
570 3677 612 3726 11.
639 3677 767 3726 celebrare
783 3676 834 3727 ΜΙ.
864 3700 897 3710 -
932 3673 982 3738 ita]
1000 3677 1054 3725 ista
1072 3689 1113 3737 pr.
1132 3674 1170 3725 Μ.
1199 3698 1230 3710 ·-
1267 3674 1311 3723 12.
1338 3670 1401 3736 apa]
1419 3686 1466 3738 eqo

144 3742 195 3792 ΜΙ.
225 3768 258 3778 -
294 3741 337 3793 13.
366 3746 532 3805 accipiantur
548 3747 569 3794 ii
586 3746 621 3795 lbi
639 3744 677 3808 Μ)
698 3747 768 3800 iudi:
794 3746 886 3795 dando
902 3745 969 3797 llll:
996 3747 1023 3795 bi
1041 3746 1096 3794 ludi
1113 3745 1298 3806 accipiantur:
1324 3743 1417 3793 danda
1436 3743 1464 3802 l,

144 3812 326 3872 accipiantur:
352 3814 445 3863 danda
462 3819 524 3873 tom.
546 3816 567 3864 ii
584 3812 664 3875 ludil‘
677 3817 800 3866 Munatio
818 3821 928 3864 auctore
946 3816 976 3865 ll.
1008 3841 1039 3852 -
1075 3815 1165 3863 omnia
1182 3813 1262 3864 lllRla
1284 3815 1391 3863 omniuo
1410 3813 1467 3865 Μι-

145 3883 221 3931 nutio
240 3889 349 3932 auctore
375 3885 405 3933 li.
436 3910 464 3920 -
503 3886 664 3949 reliquorum
681 3886 803 3935 ludorum
821 3889 851 3934 ia
868 3886 922 3934 diet
946 3885 1094 3935 Lambinus
1113 3886 1140 3933 ln
1160 3883 1238 3934 Curis
1256 3897 1328 3933 ecc-2
1356 3884 1467 3946 reliquo·

145 3965 205 4000 ram
217 3951 339 4007 ludorum
351 3953 405 4003 dier
419 3955 493 4013 ΜΒῙ,
508 3957 668 4018 reliquarum
680 3957 736 4006 dies
749 3954 815 4018 (om.
832 3952 966 4017 ludorum)
981 3955 1101 4004 Munatio
1114 3961 1224 4004 auctore
1238 3954 1312 4003 11.-
1332 3953 1374 4003 14.
1389 3953 1464 4014 epist.

146 4021 195 4070 illa
212 4035 323 4084 namque
340 4025 368 4071 in
384 4031 532 4086 utramque.
558 4025 608 4074 Sed
625 4025 698 4074 ntfll.
728 4026 777 4082 (lix
796 4026 837 4074 KZ
857 4029 883 4074 et
900 4038 954 4088 mg.
975 4023 1046 4074 Crat.
1066 4021 1270 4085 carmlloeiue.)
1291 4049 1323 4059 -
1362 4025 1405 4074 15.
1426 4027 1466 4072 ta·

145 4087 215 4153 men]
235 4097 290 4140 tum
308 4093 378 4141 enim
395 4093 496 4144 Μ1.-
524 4095 611 4145 nutias
629 4094 651 4144 1.
673 4120 703 4131 -
741 4097 783 4145 16.
800 4098 886 4158 porris
904 4094 924 4142 1.
946 4118 976 4129 -
1013 4095 1057 4145 18.
1075 4107 1170 4157 eaeque
1187 4109 1204 4144 a
1225 4092 1371 4143 Tusculano
1389 4092 1465 4143 unt.

147 4158 484 4226 (uinearumque.)
505 4189 536 4200 —
567 4165 609 4215 tu.
631 4163 733 4215 Puteoli
750 4165 782 4215 ll.
803 4190 834 4201 —
862 4166 905 4214 20.
922 4167 1007 4225 poerit
1023 4166 1099 4215 bomo
1116 4166 1240 4228 quoniam
1258 4164 1289 4212 ll.
1312 4188 1341 4199 -
1373 4163 1417 4217 21.
1436 4163 1467 4212 li·

146 4230 248 4279 beroeis
266 4231 326 4293 tric)
345 4246 385 4282 me
400 4247 500 4295 paucas
516 4247 606 4295 spicue
622 4237 652 4282 ia
670 4235 705 4293 Z,
733 4235 857 4284 liberabis
874 4248 914 4284 me
928 4248 1031 4296 paucae
1047 4249 1090 4296 epe
1106 4237 1136 4283 lei
1154 4249 1193 4296 pr.
1213 4234 1256 4292 Μ,
1284 4232 1408 4282 liberabis
1424 4245 1466 4282 me

144 4313 235 4362 pauca
253 4314 298 4364 epe
315 4305 344 4351 in
362 4316 432 4354 corr.
451 4304 495 4363 Μ,
520 4304 604 4354 libera
620 4305 663 4352 via
679 4317 721 4352 me
735 4319 826 4366 pauca
844 4318 887 4366 epe
904 4307 934 4354 ia
952 4306 988 4361 ll,
1011 4305 1148 4354 liberaris:
1167 4318 1256 4368 meque
1270 4315 1360 4363 pauca
1376 4316 1420 4364 ape
1437 4304 1468 4352 ia

147 4369 169 4419 l.
208 4369 255 4432 (lix
274 4372 298 4421 X
316 4386 386 4422 corr.
408 4373 527 4423 ueniunt
557 4399 588 4411 -
625 4373 668 4422 22.
693 4379 775 4436 putat
792 4371 904 4438 aliquid]
924 4374 998 4436 apud
1015 4375 1077 4424 talia
1094 4374 1160 4438 qaia
1177 4374 1215 4433 X,
1241 4372 1313 4434 apud
1331 4373 1384 4422 tale
1402 4372 1468 4435 qaid

146 4438 222 4489 Mill.
240 4439 375 4502 illinus,
397 4444 451 4493 lac.
466 4440 641 4504 Gronovius.)
662 4469 690 4480 -
720 4444 764 4494 23.
783 4446 893 4493 iamiam
910 4444 989 4495 lllll:
1011 4447 1066 4494 iam
1084 4459 1146 4494 cum
1166 4445 1220 4494 lec.
1235 4443 1372 4494 Gronoeio
1390 4443 1421 4492 ll.
1434 4466 1465 4479 -

146 4507 300 4573 quidquam]
314 4526 392 4575 qaam
410 4514 461 4574 bil,
481 4528 544 4564 nam
563 4516 593 4564 ll.
622 4511 713 4576 (Corn.
732 4515 888 4570 Victorius.)
908 4539 943 4552 -
961 4515 1005 4565 25.
1025 4516 1090 4564 ltem
1107 4515 1258 4566 Manutius:
1279 4515 1350 4564 idem
1367 4512 1463 4565 blltlll.

148 4605 178 4614 -
211 4579 251 4642 de]
271 4589 301 4630 at
319 4582 351 4630 de
369 4583 390 4631 l.
416 4588 468 4620 -’
487 4587 574 4647 eapite
591 4580 680 4647 iibere]
699 4585 792 4646 capide
810 4585 890 4635 libere
912 4585 953 4642 x,
981 4586 1075 4647 capide
1092 4585 1175 4634 libero
1196 4585 1270 4636 ntltl.
1308 4582 1395 4640 (Gerr.
1415 4583 1466 4634 lio-

147 4647 225 4712 sins.)
252 4675 286 4686 -
324 4653 449 4702 Cascellio
475 4654 501 4703 1:
533 4655 648 4705 Caecilia
666 4655 750 4705 ΜΜΕ.
779 4679 810 4692 -
845 4656 888 4706 tto.
917 4655 1009 4706 blalim
1027 4655 1139 4718 loquere.
1168 4655 1218 4706 On.
1248 4679 1275 4690 -
1314 4652 1387 4717 bene]
1404 4666 1466 4703 vere

147 4720 214 4800 ¹cod.
235 4721 263 4770 in
282 4723 459 4841 mgqqnepeu'
479 4725 573 4775 bamb.
597 4749 626 4761 -
657 4725 742 4775 calide
759 4726 796 4778 Μ.
817 4752 848 4763 -
884 4725 926 4774 27.
945 4723 1007 4788 aiei]
1026 4726 1072 4775 abt
1088 4739 1160 4777 corr.
1179 4725 1215 4777 Μ.
1237 4751 1267 4763 -
1298 4720 1465 4788 2311131140]

147 4805 244 4853 inquo
263 4806 303 4854 pr.
351 4825 357 4838 .
