3256 5400
615 240 889 304 EPISTOLARURI
911 242 963 303 Al)
984 242 1075 304 ΕΔΜ.

629 399 751 461 rrvu.
796 395 844 478 (A.
871 400 902 461 o.
926 400 957 461 e.
981 397 1065 479 ros.)

500 523 541 584 Μ.
566 520 707 584 CICERO
730 521 762 581 P.
786 520 969 582 SERVILIO
992 520 1130 582 PROPR.
1153 521 1184 582 S.

270 643 298 702 t.
320 640 367 699 Ex
386 630 546 719 provincia
570 651 636 694 mea
667 629 841 702 Ciliciensi,
874 629 923 692 cui
956 628 1016 693 scis
1047 644 1128 712 τρεῖς
1158 632 1332 709 διοικήσεις
1359 632 1509 697 Asiaticas

184 729 348 796 attributas
368 726 481 798 luisse,
513 724 599 788 nullo
625 744 694 787 sum
719 723 904 787 familiarius
925 744 999 787 usus
1029 745 1121 808 quam
1144 723 1306 796 Androne,
1330 728 1508 791 Artemonis

161 825 268 897 stilio,
291 819 486 891 Laodicensi,
510 838 643 903 eumque
666 815 760 881 habui
782 817 815 879 in
837 837 873 879 ea
895 816 1020 880 civitate
1043 838 1114 881 cum
1137 815 1309 902 hospitem,
1333 827 1398 883 tum
1415 820 1510 885 vehe-

184 927 304 981 menter
325 913 362 978 ad
386 934 473 977 meae
496 912 576 976 vitae
598 910 751 974 rationem
774 922 805 976 et
827 910 1082 974 consuetudinem
1101 911 1389 991 accommodatum
1414 936 1507 1000 quem

183 1009 309 1096 quidem
339 1008 437 1072 multo
466 1005 558 1068 etiam
588 1004 686 1089 pluris
707 1012 832 1088 postca,
871 1024 963 1087 quarn
983 1003 1117 1074 decessi,
1151 1003 1254 1068 lacere
1277 1006 1383 1090 coepi,
1422 1007 1507 1092 quod

183 1103 289 1170 multis
311 1100 405 1167 rebus
428 1107 576 1183 expertus
606 1118 675 1160 sum
698 1108 819 1180 gratum
844 1095 1001 1159 hominem
1024 1096 1150 1182 meique
1173 1118 1356 1164 memorem.
1400 1106 1508 1186 ltaque

184 1219 255 1264 cum
285 1203 401 1262 Romae
434 1189 647 1257 lubentissime
671 1189 745 1253 vidI.
787 1194 856 1253 Non
878 1198 908 1252 te
931 1190 1012 1253 enim
1036 1190 1128 1274 sugit,
1153 1190 1207 1275 qui
1230 1191 1373 1276 plurimis
1394 1194 1426 1258 in
1448 1195 1508 1258 ista

149 1289 342 1377 toprovincia
372 1286 506 1369 benigne
535 1283 651 1356 l'ecisti,
688 1303 783 1368 quam
811 1283 898 1347 multi
921 1284 1001 1366 grati
1023 1284 1230 1368 reperiantur.
1274 1288 1304 1349 2.
1326 1290 1410 1350 llaec
1432 1306 1506 1372 pr0.

183 1396 290 1471 pterea
313 1381 440 1466 scripsi,
477 1387 512 1442 ut
533 1387 563 1439 et
584 1397 634 1439 me
657 1397 719 1439 non
742 1377 808 1439 sine
839 1397 930 1440 causa
953 1376 1097 1441 laborare
1119 1377 1310 1460 intelligeres
1332 1387 1362 1443 et
1384 1379 1508 1465 tuipse

183 1501 255 1544 eum
278 1477 404 1561 dignum
429 1470 565 1556 hospitio
587 1479 642 1533 tuo
664 1469 830 1534 iudicares.
873 1470 996 1533 Feceris
1018 1471 1113 1554 igitur
1134 1470 1212 1534 mihi
1233 1471 1457 1555 gratissimum,
1481 1476 1506 1537 si

183 1573 212 1637 ei
235 1569 423 1639 declararis,
447 1563 554 1650 quanti
576 1585 626 1626 me
648 1562 763 1637 iacias,
785 1563 817 1627 id
840 1572 904 1626 est.
929 1565 955 1626 si
976 1564 1134 1648 receperis
1157 1585 1230 1629 eum
1252 1565 1285 1628 in
1307 1564 1399 1629 fidem
1422 1575 1506 1630 tuam

183 1678 230 1740 et,
253 1662 491 1751 quibuscunque
512 1655 607 1720 rebus
630 1656 759 1721 honeste
781 1678 816 1719 ao
839 1657 906 1720 sine
927 1656 1068 1721 molestia
1092 1666 1143 1722 tua
1166 1657 1300 1743 poteris,
1339 1657 1507 1723 adiuveris.

150 1762 251 1823 uilloc
283 1755 358 1820 mihi
391 1752 451 1815 erit
483 1748 684 1815 vehementer
717 1759 857 1835 gratum,
892 1749 987 1835 idque
1016 1760 1050 1815 ut
1077 1749 1190 1823 iacias,
1221 1759 1252 1814 te
1284 1751 1385 1841 etiam
1413 1765 1506 1838 atque

184 1851 277 1916 etiam
299 1868 389 1932 rogo.

615 1986 755 2048 LXVIII.
798 1985 851 2063 (A.
877 1986 910 2048 tt
933 1987 964 2048 C.
986 1986 1076 2066 708.)

182 2116 223 2176 Μ.
252 2112 413 2176 TULLIUS
444 2108 585 2173 CICERO
615 2109 647 2169 P.
682 2107 865 2170 SERVILIO
895 2107 1075 2172 ISAbRICO
1103 2108 1268 2172 PROCOS.
1297 2109 1505 2175 cottEGtE

710 2212 742 2271 S.
764 2211 976 2273 PLL‘RIMAII.

145 2356 173 2392 n·
268 2330 296 2388 1.
321 2328 433 2388 Gratae
456 2318 532 2385 mihi
553 2319 754 2383 vehementer
776 2330 848 2384 tuae
870 2319 991 2384 litterae
1013 2319 1155 2398 luerunt3
1179 2341 1220 2384 ex
1241 2319 1356 2406 quibus
1371 2321 1505 2406 cognovi

182 2439 293 2483 cursus
315 2414 545 2498 navigationum
564 2421 697 2476 tuarum.
741 2412 941 2495 Signilicabas
964 2415 1045 2479 enim
1068 2414 1251 2479 memoriam
1274 2423 1357 2478 tuam
1379 2423 1505 2479 nostrae

182 2509 433 2580 necessitudinis,
467 2527 529 2592 qna
557 2504 632 2569 mihi
663 2505 739 2570 nihil
764 2517 887 2591 poterat
909 2528 977 2572 esse
1000 2508 1175 2573 iucundius.
1233 2508 1326 2585 Quod
1347 2508 1503 2595 reliquum

183 2616 245 2680 est,
268 2604 366 2669 multo
389 2607 481 2666 etiam
504 2599 564 2662 erit
585 2599 718 2682 gratius,
748 2600 774 2664 si
796 2600 834 2664 ad
858 2623 907 2665 me
929 2602 968 2666 de
990 2601 1186 2687 republica,
1221 2600 1339 2674 idest,
1362 2601 1401 2666 de
1424 2611 1504 2667 statu

182 2698 378 2785 provinciae,
416 2693 455 2757 de
485 2692 632 2756 institutis
659 2693 719 2756 tuis
748 2692 943 2758 familiariter
968 2694 1097 2759 scribes.
1141 2698 1229 2772 Quae
1255 2716 1442 2781 quamquam
1465 2717 1504 2759 ex

144 2819 173 2858 es
183 2794 288 2859 multis
305 2812 364 2877 pro
385 2798 436 2852 tua
458 2786 597 2850 claritate
612 2785 750 2859 audiam,
774 2796 876 2851 tamen
891 2787 1104 2854 lubentissime
1125 2811 1164 2853 ex
1184 2789 1245 2853 tuis
1262 2789 1372 2853 litteris
1389 2809 1505 2872 cogno-

182 2907 275 2951 scam.
319 2888 349 2948 2.
385 2887 451 2966 Ego
477 2880 515 2944 ad
538 2889 587 2952 te,
626 2878 664 2944 de
690 2900 727 2942 re
753 2878 875 2964 publica
897 2903 1017 2946 summa
1051 2882 1125 2968 quid
1147 2883 1293 2955 sentiam,
1326 2903 1389 2946 uon
1411 2901 1505 2966 saepe

182 2978 317 3045 scribam
342 2985 472 3061 propter
503 2972 678 3058 periculum
712 2973 867 3038 eiusmodi
893 2975 1079 3039 litterarum.
1137 2975 1219 3053 Quid
1246 2984 1358 3059 agatur
1379 2983 1504 3047 autem,

182 3072 314 3138 scribam
336 3069 470 3154 saepius.
529 3071 664 3151 Sperare
684 3075 787 3131 tamen
804 3067 934 3143 videor,
958 3069 1099 3143 Caesari,
1123 3069 1260 3154 collegae
1286 3077 1411 3142 nostro,
1434 3068 1505 3132 lore

183 3186 276 3230 curae
299 3174 330 3229 et
351 3185 435 3236 esse,
457 3171 492 3226 ut
509 3159 679 3225 habeamus
700 3161 835 3245 aliquam
853 3183 919 3226 rem
938 3161 1112 3248 publicam;
1135 3162 1222 3227 cuins
1241 3163 1378 3227 consiliis
1399 3162 1503 3246 magui

145 3288 171 3322 n·
182 3258 340 3324 referebat
362 3267 391 3321 te
414 3257 575 3320 interesse.
621 3253 698 3326 Sed,
722 3254 748 3317 si
770 3254 826 3319 tibi
848 3256 956 3320 utilius
978 3267 1045 3327 est,
1067 3255 1099 3320 id
1123 3266 1183 3329 est,
1206 3257 1390 3340 gloriosius,
1412 3256 1504 3319 asiae

182 3373 327 3438 praeesse
349 3360 381 3414 et
401 3350 490 3414 istam
512 3358 632 3433 partem
654 3348 701 3412 rei
723 3349 866 3433 publicae
888 3349 968 3413 male
990 3349 1131 3413 allectam
1154 3350 1253 3424 tueri,
1277 3349 1353 3415 mihi
1376 3370 1504 3434 quoque

182 3445 282 3519 idem,
318 3441 403 3529 quod
439 3441 495 3505 tihi
522 3451 554 3505 et
582 3440 664 3505 laudi
699 3451 770 3505 tuae
802 3442 1003 3527 profuturum
1037 3452 1102 3516 est,
1137 3444 1272 3528 optatius
1300 3442 1393 3508 debet
1425 3464 1504 3506 esse.

182 3543 212 3603 3.
234 3543 316 3621 Ego,
354 3556 434 3621 quae
466 3535 505 3599 ad
534 3546 617 3600 tuam
640 3534 820 3618 dignitatem
848 3537 1006 3622 pertinere
1028 3534 1221 3610 arbitrabor,
1255 3558 1378 3602 summo
1400 3536 1504 3601 studio

182 3630 403 3715 diligentiaque
425 3627 560 3702 curabo,
583 3629 614 3691 in
637 3628 808 3714 primisque
830 3629 943 3695 tuebor
971 3635 1055 3695 omni
1078 3627 1276 3694 observantia
1298 3630 1503 3695 clarissimum

146 3726 301 3798 astirum,
324 3734 444 3809 patrem
467 3732 572 3797 tuum;
601 3721 687 3805 quod
710 3731 741 3785 et
762 3742 821 3806 pro
843 3734 996 3788 vetustate
1018 3723 1255 3789 necessitudinis
1277 3732 1308 3788 et
1328 3743 1387 3809 pro
1409 3721 1505 3787 bene·

183 3817 260 3882 liciis
281 3817 393 3882 vestris
416 3825 446 3881 et
468 3835 527 3900 pro
549 3813 697 3898 dignitate
719 3815 818 3899 ipsius
840 3816 944 3881 lacere
966 3815 1077 3882 debeo.

632 3956 740 4017 sris.
784 3955 833 4039 (A.
859 3959 891 4020 n.
914 3960 945 4021 o.
967 3956 1053 4041 vos.)

382 4078 524 4143 CICERO
546 4080 579 4139 P.
602 4078 784 4141 SERVILIO
808 4080 1015 4144 COLLEGAE
1037 4083 1068 4144 S.
1090 4082 1303 4145 PLURIMAM.

268 4195 295 4255 1.
329 4193 362 4256 C.
395 4188 519 4254 Curtius
549 4186 678 4251 Mithres
705 4196 752 4251 est
780 4188 830 4252 ille
855 4189 997 4274 quidem,
1021 4200 1055 4255 ut
1075 4190 1152 4264 scis,
1185 4189 1316 4255 libertus
1336 4191 1503 4262 Postumii,

144 4323 172 4368 m
181 4283 415 4348 familiarissimi
444 4281 522 4357 mei;
560 4281 614 4345 sed
640 4303 689 4344 me
715 4281 789 4345 colit
812 4292 843 4346 et
865 4283 1011 4347 observat
1040 4304 1139 4370 aeque
1167 4295 1260 4369 atque
1292 4284 1379 4349 illum
1402 4285 1504 4370 ipsum

181 4387 348 4463 patronum
371 4397 472 4439 suum.
516 4374 606 4460 Apud
628 4397 699 4438 cum
722 4395 781 4458 ego
804 4376 848 4440 sic
869 4377 983 4462 Ephesi
1009 4377 1071 4451 lui,
1094 4378 1341 4464 quotiescunque
1356 4379 1412 4452 lui,
1428 4387 1505 4442 taur-

182 4492 274 4556 quam
293 4469 378 4533 domi
401 4489 506 4543 meae;
531 4468 688 4553 multaque
710 4469 904 4544 acciderunt,
927 4469 1093 4556 inquibus
1118 4480 1149 4534 et
1170 4470 1416 4537 benevolentiam
1436 4472 1505 4536 eius

181 4585 256 4648 erga
279 4584 329 4627 me
358 4561 523 4645 experirer
554 4571 585 4624 et
606 4560 708 4624 iidem.
751 4567 860 4649 ltaque
883 4564 1006 4649 siquid
1028 4574 1082 4628 aut
1101 4564 1179 4629 mihi
1200 4574 1253 4628 aut
1274 4587 1417 4630 meorum
1439 4564 1506 4630 cui·

250 4811 293 4861 1³.
326 4806 478 4871 cunaldum
510 4810 546 4859 M.
577 4834 606 4844 -
644 4810 687 4860 tt.
706 4812 835 4872 pomam
854 4811 971 4860 malebat
989 4811 1190 4862 Emestius.-
1227 4811 1270 4860 26.
1289 4810 1439 4874 republica
1457 4811 1503 4862 at:

181 4881 337 4944 reipublicae
356 4880 386 4929 li.
407 4904 441 4913 --
476 4881 519 4931 39.
540 4879 621 4929 Gaius
640 4881 748 4930 Curtius
765 4881 802 4932 II.
822 4906 854 4914 —
892 4881 1019 4932 Postumis·
1035 4881 1081 4931 N:
1099 4881 1216 4932 Postumi
1232 4881 1291 4932 ΜΕ.
