3256 5400
182 223 245 290 Ι978
609 220 883 286 urisrohhnhit
905 225 957 285 hu
979 224 1070 287 rhu.

182 382 359 451 arbitrabar
378 381 500 446 lucilius
519 397 570 444 me
594 377 669 453 tihi,
702 399 783 466 quae
806 378 937 453 vellem,
964 377 1182 464 probaturum.
1225 383 1256 446 2.
1280 384 1358 447 Cum
1380 381 1412 445 iu
1430 400 1504 466 pro-

182 481 313 546 vinciam
336 474 437 562 pridie
458 474 525 539 Kal.
549 477 634 539 Sext.
656 474 812 538 venissem
834 483 866 537 et
886 483 1016 560 propter
1038 473 1110 538 anni
1134 483 1255 561 tempus
1277 475 1317 540 ad
1331 477 1504 541 exercitum

181 574 259 640 mihi
284 569 446 638 confestim
475 588 544 633 esse
581 567 717 633 eundum
746 567 898 642 viderem,
935 567 1065 633 biduum
1092 569 1264 635 Laodiceae
1292 568 1354 644 lui.
1391 570 1505 636 deinde

181 673 335 754 Apameae
357 660 573 751 quatriduum,
602 662 743 728 triduum
765 659 934 747 Synnadis,
957 660 1087 727 totidem
1109 661 1176 726 dies
1198 661 1383 731 Philomelii.
1428 663 1507 739 Qui·

159 758 239 825 ihus
267 759 299 823 in
331 755 455 842 oppidis
477 775 548 820 cum
569 755 672 841 magni
693 764 863 820 conventus
884 753 1036 828 fuissent,
1071 756 1182 820 multas
1204 757 1344 822 civitates
1365 756 1506 822 acerbis·

180 852 267 919 simis
298 850 423 916 tributis
444 861 474 915 et
496 849 687 936 gravissimis
720 848 827 913 usuris
847 857 879 913 et
899 847 978 913 falso
1000 869 1073 913 aere
1094 850 1197 914 alieno
1218 849 1359 916 liberavi.
1414 854 1507 916 Cum·

179 968 241 1034 que
270 955 340 1010 ante
366 943 532 1011 adventum
565 965 669 1008 meum
700 942 853 1008 seditione
874 941 1008 1028 quadam
1032 943 1191 1008 exercitus
1215 953 1297 1009 esset
1319 943 1504 1030 dissipatus.

180 1042 318 1130 quinque
340 1039 485 1105 cohortes
508 1038 575 1103 sine
601 1038 719 1122 legato,
752 1035 819 1100 siue
845 1035 971 1100 tribuno
993 1036 1141 1112 militum.
1164 1037 1299 1123 denique
1322 1039 1416 1103 etiam
1437 1038 1505 1103 sine

179 1135 361 1202 centurione
382 1132 447 1198 ullo
468 1131 550 1218 apud
575 1130 790 1196 Philomelium
812 1128 1039 1204 consedissent,
1072 1132 1212 1218 reliquus
1244 1132 1401 1196 exercitus
1423 1142 1506 1196 esset

144 1230 213 1295 ¹⁰iu
244 1227 417 1318 Lycaonia:
447 1230 488 1290 M.
516 1225 637 1290 hnneio
661 1224 763 1309 legato
786 1221 956 1308 imperavi,
994 1233 1028 1288 ut
1049 1245 1101 1288 eas
1124 1225 1262 1311 quinque
1295 1224 1441 1290 cohortes
1464 1225 1504 1290 ad

179 1323 336 1410 reliquum
369 1321 542 1385 exercitum
575 1319 704 1383 duceret
731 1326 902 1403 coactoque
933 1316 966 1380 in
994 1339 1090 1381 unum
1113 1318 1216 1383 locum
1239 1320 1381 1384 exercitu
1403 1328 1504 1384 eastra

180 1419 212 1483 in
233 1415 387 1506 Lycaonia
408 1413 490 1498 apud
512 1413 651 1479 leonium
673 1412 799 1477 laceret.
842 1416 871 1475 3.
895 1408 988 1488 Quod
1010 1430 1080 1476 cum
1103 1411 1142 1477 ab
1164 1412 1218 1477 illo
1237 1412 1402 1497 diligenter
1422 1424 1505 1478 esset
1606 1432 1610 1444 ·

180 1519 297 1584 actum,
331 1528 391 1593 ego
413 1509 445 1572 in
466 1516 565 1572 castra
587 1527 615 1571 a.
637 1505 667 1570 d.
690 1525 752 1570 vn.
776 1503 846 1574 Kal.
871 1503 1046 1590 Septemhr.
1070 1505 1155 1581 veni,
1178 1526 1249 1570 curn
1271 1507 1389 1571 interea
1412 1528 1504 1593 supe-

179 1602 319 1670 rioribus
345 1600 455 1666 diebus
481 1623 522 1665 ex
551 1610 675 1665 senatus
705 1598 847 1664 consulto
876 1606 908 1662 et
936 1607 1139 1664 evocatorum
1167 1598 1288 1664 firmam
1316 1621 1442 1665 manum
1474 1610 1506 1666 et

145 1697 350 1784 nequinum
377 1716 451 1760 sane
482 1693 633 1759 idoneum
666 1702 698 1758 et
733 1691 923 1778 populorum
954 1691 1127 1758 liberorum
1149 1714 1323 1782 regumque
1345 1694 1504 1759 sociorum

180 1791 296 1856 auxilia
318 1788 492 1855 voluntaria
514 1787 786 1874 comparavissem.
830 1786 958 1850 Interim
979 1794 1065 1858 cuni,
1088 1787 1229 1852 exercitu
1258 1788 1413 1863 lustrato,
1442 1788 1505 1853 iter

179 1886 211 1950 in
238 1884 376 1950 Ciliciam
399 1882 500 1946 facere
528 1881 716 1967 coepissem,
753 1878 819 1943 Kal.
843 1878 1018 1964 Septomhr.
1041 1881 1132 1965 legati
1155 1902 1173 1945 a
1195 1900 1270 1965 rege
1294 1884 1504 1965 Commageno

180 1977 218 2043 ad
240 1998 290 2041 me
312 1975 398 2041 missi
421 1975 686 2061 pertumultuose,
718 1993 819 2058 neque
843 1982 1031 2038 tamennon
1064 1995 1154 2049 vere,
1177 1973 1306 2039 Parthos
1328 1975 1359 2038 in
1383 1975 1505 2063 Syriam

182 2070 327 2135 transisse
348 2069 576 2136 nuntiaverunt
626 2071 656 2133 4.
680 2069 752 2144 Quo
775 2067 897 2140 audito,
920 2066 1123 2132 vehementer
1143 2089 1213 2133 sum
1237 2081 1411 2135 commotus
1433 2088 1504 2133 cum

142 2163 220 2229 ‘²⁰de
242 2164 351 2252 Syria,
385 2171 450 2228 tum
472 2161 603 2227 demea
625 2160 802 2247 provincia,
832 2159 871 2225 de
892 2160 1014 2247 reliqua
1035 2159 1172 2248 denique
1194 2163 1277 2228 Asia.
1318 2167 1426 2249 ltaque
1449 2183 1504 2226 ex·

182 2259 314 2324 ercitum
344 2255 419 2321 mihi
448 2254 624 2320 ducendum
647 2274 705 2341 per
727 2254 940 2340 Cappadociae
960 2255 1123 2338 regionem
1145 2277 1229 2330 eam.
1263 2276 1343 2343 quae
1366 2255 1505 2321 Ciliciam

180 2352 362 2436 attingeret,
385 2349 501 2435 putavi.
543 2353 620 2413 Nam
642 2348 669 2414 si
692 2369 742 2414 me
764 2348 797 2412 iu
816 2347 954 2414 Cilicium
981 2346 1194 2424 demisissem,
1217 2348 1355 2415 Ciliciam
1376 2349 1503 2436 quidem

181 2445 280 2532 ipsam
301 2451 432 2530 propter
453 2443 568 2507 montis
588 2443 698 2507 hmani
720 2451 863 2507 naturam
885 2440 975 2506 sacile
990 2442 1160 2507 tenuissem
1183 2476 1222 2489 -
1245 2442 1308 2508 duo
1330 2454 1402 2508 suut
1420 2443 1505 2508 enim

181 2538 283 2604 aditus
310 2537 342 2601 iu
372 2535 509 2602 Ciliciam
532 2557 573 2602 ex
601 2536 706 2624 Syria,
743 2556 879 2622 quorum
900 2544 1034 2621 uterque
1058 2535 1165 2621 parvis
1186 2534 1353 2621 praesidiis
1374 2548 1506 2622 propter

144 2631 338 2717 mangustias
358 2630 524 2696 intercludi
544 2638 662 2716 potest,
690 2650 747 2714 uec
767 2637 814 2693 est
829 2627 999 2714 quidquam
1015 2628 1121 2695 Cilicia
1144 2639 1252 2694 contra
1268 2630 1388 2717 Syriam
1404 2631 1506 2695 muni-

182 2726 243 2792 tius
266 2747 322 2802 -;
344 2723 399 2789 sed
423 2744 475 2788 me
497 2722 691 2810 Cappadocia
713 2720 881 2797 movebat,
903 2743 984 2808 quae
1005 2732 1121 2808 pateta
1141 2723 1230 2811 Syria
1244 2744 1398 2810 regesque
1411 2724 1505 2791 hahet

183 2818 347 2892 finitimos,
385 2817 439 2905 qui
467 2817 587 2882 etiamsi
619 2825 691 2882 sunt
722 2816 816 2880 etiam
847 2816 940 2881 amici
967 2814 1074 2889 nobis,
1113 2827 1217 2883 tamen
1246 2827 1352 2903 aperte
1383 2817 1505 2884 Parthis

184 2911 300 2978 inimici
329 2931 398 2976 esse
426 2931 489 2975 non
523 2909 649 2978 audent.
700 2914 808 2997 Itaque
838 2910 870 2974 in
904 2909 1098 2995 Cappadocia
1124 2921 1266 2975 extrema
1287 2932 1350 2977 uon
1372 2912 1504 2997 longea

182 3009 288 3071 'lauro
307 3004 390 3092 apud
413 3003 563 3090 oppidum
585 3002 725 3092 Cybistra
747 3013 847 3068 castra
869 3002 946 3077 leci,
975 3013 1009 3068 ut
1031 3011 1062 3067 et
1083 3005 1223 3071 Ciliciam
1245 3014 1353 3069 tuerer
1374 3015 1405 3070 et
1427 3009 1506 3091 Cap-

147 3099 346 3186 npadociam
368 3108 476 3163 tenens
497 3118 578 3162 nova
599 3096 802 3162 finitimorum
824 3096 952 3160 consilia
974 3096 1170 3182 impedirem.
1214 3103 1242 3163 5.
1266 3103 1388 3164 lnterea
1402 3098 1505 3166 inhoc

183 3201 269 3258 tanto
287 3201 374 3258 motu
403 3199 548 3277 tantaque
570 3191 802 3277 exspectatione
823 3189 952 3256 maximi
973 3188 1047 3255 belli
1069 3213 1125 3255 rex
1148 3192 1334 3268 Deiotarus,
1370 3192 1422 3257 cui
1441 3213 1505 3257 non

184 3286 252 3353 sine
272 3307 364 3352 causa
388 3286 559 3372 plurimum
586 3306 711 3371 semper
736 3293 767 3349 et
787 3306 860 3349 meo
883 3294 913 3349 et
939 3294 994 3349 tuo
1017 3294 1048 3350 et
1066 3293 1190 3350 senatus
1213 3285 1328 3352 iudicio
1353 3284 1505 3351 tributum

185 3389 246 3455 est,
267 3380 319 3446 vir
339 3401 410 3445 cum
429 3378 647 3444 benevolentia
663 3389 693 3444 et
710 3378 770 3444 fide
790 3399 865 3463 erga
889 3379 1040 3465 populum
1060 3385 1233 3445 Romanum
1253 3380 1417 3464 singulari.
1439 3388 1504 3445 tum

185 3475 378 3561 praesentia,
400 3473 614 3560 magnitudine
635 3483 666 3539 et
684 3474 780 3539 animi
802 3484 833 3539 et
852 3473 989 3547 consilii.
1012 3474 1129 3559 legatos
1151 3474 1258 3540 adme
1278 3475 1362 3540 misit
1381 3496 1417 3539 se
1434 3495 1505 3539 cum

150 3568 331 3634 esomnibus
356 3569 420 3634 suis
444 3568 543 3654 copiis
560 3572 591 3633 iu
606 3589 674 3633 mea
688 3572 789 3634 ca'stra
811 3590 879 3634 esse
900 3577 1078 3634 venturum.
1121 3567 1217 3633 Cuius
1232 3589 1292 3650 ego
1312 3567 1416 3633 studio
1438 3568 1506 3633 offi-

185 3664 296 3749 cioque
319 3671 494 3727 commotus
512 3660 563 3745 egi
583 3661 611 3725 ei
633 3682 691 3747 per
718 3663 837 3728 litteras
855 3663 986 3747 gratias.
1009 3661 1105 3747 idque
1131 3672 1166 3727 ut
1191 3672 1377 3736 maturaret,
1401 3661 1507 3726 horta-

186 3766 333 3821 iussum.
378 3759 408 3820 6.
431 3759 509 3821 Cum
526 3763 630 3819 autom
652 3752 691 3818 ad
709 3753 848 3842 Cybistra
868 3766 998 3841 propter
1014 3756 1168 3819 rationem
1189 3753 1263 3820 belli
1285 3755 1422 3841 quinque
1439 3754 1506 3819 dies

187 3871 287 3915 essem
307 3859 461 3932 moratus,
484 3868 592 3932 regem
613 3845 871 3922 Ariobarzanem,
893 3849 982 3912 cuius
1004 3849 1135 3913 salutem
1157 3869 1175 3912 a
1197 3858 1304 3913 senatu
1329 3857 1358 3912 te
1377 3858 1506 3914 auctore

187 3942 435 4009 commendatam
468 3939 641 4016 habebam,
679 3939 895 4026 praesentibus
930 3941 1051 4006 insidiis
1091 3941 1327 4027 necopinantem
1358 3941 1505 4018 liberavi;

149 4052 179 4096 ⁴⁰
189 4057 291 4124 neque
307 4035 408 4100 solum
431 4035 572 4100 eisaluti
589 4033 654 4108 lui.
691 4034 746 4099 sed
768 4035 861 4098 etiam
883 4035 1009 4109 curavi,
1040 4044 1075 4100 ut
1096 4055 1166 4098 cum
1189 4034 1372 4100 auctoritate
1394 4055 1507 4119 regna-

188 4141 246 4199 ret
301 4135 431 4195 Metram
461 4137 492 4193 et
515 4149 607 4202 eum,
640 4149 735 4214 quem
768 4138 803 4194 tu
828 4128 903 4193 mihi
929 4128 1094 4213 diligenter
1125 4127 1379 4205 commendares,
1414 4127 1508 4193 Athe-

189 4244 319 4295 naeum,
355 4222 588 4308 importunitate
609 4221 788 4287 Athenaidis
810 4221 922 4287 exsilio
945 4222 1105 4298 multatos,
1139 4222 1275 4286 maxima
1297 4221 1379 4307 apud
1399 4241 1507 4306 regem

190 4315 373 4382 auctoritate
397 4321 558 4399 gratiaque
580 4315 737 4381 constitui.
785 4320 924 4403 Cumque
945 4336 1091 4400 magnum
1114 4314 1231 4381 bellum
1253 4320 1285 4380 in
1312 4313 1507 4401 Cappadocia

260 4525 286 4576 3.
307 4526 434 4575 laodiciae
451 4525 488 4575 Μ.
523 4549 550 4560 -
585 4523 612 4573 4.
631 4523 777 4574 Philomelii
795 4525 930 4576 Orelliue:
949 4525 1084 4576 Philomeli
1109 4523 1169 4575 his.
1201 4550 1236 4559 —
1270 4525 1297 4575 u.
1329 4525 1507 4575 Philomelium

192 4594 288 4646 [trend.
321 4597 431 4646 tertius:
462 4593 630 4644 Philomelam
658 4594 718 4644 hili.
748 4620 778 4631 -
816 4599 858 4647 11).
889 4611 924 4647 m.
951 4596 1071 4646 maneto
1090 4595 1127 4644 hl.
1159 4621 1193 4631 —
1230 4593 1273 4644 14.
1301 4596 1378 4661 hema
1406 4595 1443 4646 hl.
1472 4618 1507 4627 -

193 4666 237 4716 15.
255 4679 409 4731 regnumque
427 4665 464 4716 hl.
484 4688 518 4698 -·
553 4663 597 4713 17.
616 4676 660 4712 nr.
680 4665 743 4714 Kal.
762 4665 907 4717 Manutius.
928 4691 962 4701 -
997 4666 1041 4715 27.
1060 4671 1121 4714 eunt
1139 4669 1219 4718 etiam
1236 4664 1506 4715 timuissent.

192 4742 253 4786 mm
270 4736 346 4786 clum-
367 4737 416 4787 01.
448 4757 478 4770 -
514 4732 557 4784 34.
576 4736 725 4796 praesentia
748 4738 926 4799 magnitudine
944 4736 990 4787 hi:
1016 4738 1160 4799 praesentia
1176 4737 1356 4801 magnitudine
1374 4734 1409 4793 E.
1427 4748 1508 4797 prae-

171 4800 277 4856 ‘untiu
304 4820 336 4857 ec
363 4804 543 4870 meqnitudine
560 4803 779 4854 Luenemuunus.
814 4831 843 4841 —
880 4807 924 4858 36.
944 4802 977 4870 ei]
996 4814 1019 4856 et
1034 4807 1070 4857 hi.
1093 4829 1123 4840 -
1159 4808 1204 4859 41.
1222 4807 1285 4856 mihi
1302 4805 1439 4872 diligenter
1456 4804 1506 4856 hi:

192 4875 328 4942 diligenter
344 4877 408 4927 mihi
427 4875 456 4924 ii.
476 4897 509 4909 —
544 4873 587 4924 te.
608 4874 715 4924 coneilio
733 4890 772 4939 pr.
793 4876 831 4926 hl.
