3256 5400
179 219 241 281 262
608 217 883 281 EPISTOLARUII
904 218 956 279 AI)
979 218 1069 280 ΕΔΜ.

177 375 296 450 omnia,
333 393 414 459 quae
442 382 494 436 lua
525 370 601 436 fides
628 381 809 456 pateretur,
847 373 922 437 mibi
950 371 1106 441 cumulate
1138 376 1302 457 recepisse.
1346 370 1501 458 Equidem

177 468 324 532 existimo
346 465 460 530 habere
481 476 512 531 ta
532 485 675 550 magnam
700 465 877 531 facultatem
899 500 939 512 -
963 463 1019 530 sed
1041 463 1101 530 boc
1121 465 1168 530 tui
1190 474 1237 530 est
1258 464 1379 530 consilii
1402 477 1434 529 ct
1453 465 1501 530 iu·

177 561 251 627 dicii
277 599 318 610 -
347 580 386 623 ex
416 580 455 624 eo
481 559 790 632 senatusconsulto,
824 559 910 645 quod
931 559 964 623 in
986 557 1118 623 heredes
1140 562 1173 625 C.
1205 558 1363 624 Vennonii
1384 557 1502 623 factum

176 664 238 728 est,
261 651 429 720 Caerelliae
450 652 677 717 commodandi.
720 652 755 716 Id
776 662 900 717 senatus
922 652 1099 717 consultum
1119 661 1154 717 tu
1177 650 1426 737 interpretabere
1440 672 1501 737 pro

152 757 227 814 stna
248 747 409 833 sapientia.
452 746 524 811 Scio
546 745 628 810 enim
649 746 717 811 eius
738 745 858 811 ordinis
877 747 1093 811 auctoritatem
1107 766 1233 832 semper
1247 746 1331 832 apud
1347 754 1378 809 te
1393 745 1501 831 magni

174 841 281 907 fuisse.
334 839 428 918 Quod
460 840 616 926 reliquum
639 850 701 914 est,
738 840 782 904 sic
804 838 896 903 velim
918 839 1097 914 existimes,
1133 840 1372 926 quibuscunque
1403 838 1501 905 rebus

173 933 344 1000 Caerelliae
365 932 500 1018 benigne
520 933 651 1007 feceris,
673 933 750 998 mibi
772 943 803 999 ta
825 933 1036 1018 gratissimum
1056 954 1126 998 esse
1146 933 1314 999 facturum.

595 1095 737 1156 annii.
780 1092 834 1172 (A.
861 1094 892 1156 u.
916 1094 948 1156 c.
970 1093 1060 1173 τοο.)

474 1218 514 1279 Μ.
538 1216 679 1279 CICERO
702 1216 741 1291 Q.
763 1214 945 1277 PHILIPPO
966 1214 1132 1278 PROCOS.
1156 1216 1187 1278 S.

140 1353 165 1393 is
260 1332 288 1392 1.
312 1326 459 1393 Gratulor
489 1325 563 1399 tibi,
600 1323 684 1410 qnod
713 1345 752 1389 cr
787 1323 948 1410 provincia
973 1324 1093 1389 salvum
1122 1333 1153 1388 te
1179 1323 1219 1388 ad
1240 1332 1312 1390 tuos
1333 1325 1499 1412 recepisti,

172 1421 322 1486 incolumi
345 1420 426 1485 fama
459 1428 489 1484 et
517 1439 553 1483 re
580 1417 714 1504 publica.
758 1417 915 1497 †Quodsi
936 1424 1073 1483 Romae:
1102 1417 1303 1484 te·vidissem
1327 1440 1500 1505 coramque

173 1516 287 1599 gratias
319 1514 469 1598 egissem,
506 1511 591 1599 quod
619 1511 674 1576 tibi
701 1517 735 1576 L.
758 1511 922 1596 Egnatius,
959 1511 1220 1577 familiarissimus
1251 1534 1339 1579 meus
1370 1512 1498 1589 absens,

172 1614 207 1673 L.
231 1608 351 1693 Oppius
372 1626 520 1693 praesens
543 1627 637 1670 curae
658 1604 777 1670 finisset.
829 1609 859 1670 2.
895 1609 972 1671 Cum
993 1605 1157 1691 Antipatro
1179 1605 1315 1671 Derbete
1336 1606 1412 1672 mibi
1436 1628 1499 1672 non

173 1702 276 1767 solum
308 1701 493 1786 hospitium,
526 1719 636 1764 verum
664 1700 757 1762 etiam
787 1720 908 1763 summa
943 1697 1138 1764 familiaritas
1168 1698 1342 1765 intercedit.
1403 1700 1440 1763 Ei
1468 1711 1499 1764 te

139 1794 374 1860 ssvcbementer
393 1793 607 1858 succensuisse
629 1792 733 1857 audivi
755 1801 786 1857 et
808 1793 938 1857 moleste
959 1793 1027 1858 tuli.
1076 1798 1122 1857 Da
1144 1814 1180 1857 re
1202 1792 1279 1857 nibil
1299 1813 1429 1879 possum
1451 1794 1500 1858 iu·

173 1888 293 1964 dicare;
322 1888 381 1952 nisi
403 1886 480 1952 illud
501 1885 578 1950 mibi
599 1884 789 1971 persuadeo,
817 1895 863 1960 te,
886 1887 979 1951 talem
1000 1887 1120 1961 virum,
1144 1885 1221 1951 nibil
1238 1897 1356 1951 temere
1376 1886 1498 1952 fecisse.

172 1989 198 2047 ,t
218 1992 250 2047 te
271 1991 375 2046 autem
397 2003 456 2067 pro
485 1992 591 2046 vetere
613 1990 719 2046 nostra
742 1980 971 2046 necessitudine
994 1981 1087 2045 etiam
1110 1989 1203 2066 atque
1228 1981 1320 2045 etiam
1342 1989 1434 2066 peto,
1463 1991 1499 2047 ut

171 2075 239 2140 eius
261 2074 357 2149 lilios,
390 2079 443 2162 qui
472 2079 577 2140 intua
605 2082 757 2160 potestate
779 2085 866 2148 sunt,
902 2074 978 2138 mibi
998 2074 1196 2159 potissimum
1220 2073 1400 2152 condones;
1438 2075 1499 2141 nisi

171 2167 246 2256 quid
269 2168 428 2233 existimas
449 2168 482 2232 in
504 2189 541 2233 ea
562 2189 598 2232 re
619 2167 733 2233 violari
755 2167 1016 2232 existimationem
1039 2176 1135 2232 tuam.
1180 2166 1274 2244 Quod
1297 2187 1357 2249 ego
1372 2168 1400 2232 si
1414 2167 1499 2232 arbi-

133 2274 287 2335 mirarer,
321 2283 480 2348 nunquam
503 2269 534 2326 le
555 2282 718 2347 rogarem,
755 2261 899 2348 mibique
920 2271 974 2327 tua
995 2260 1076 2325 fama
1097 2261 1197 2326 multo
1219 2261 1378 2347 antiquior
1399 2271 1497 2337 esset,

171 2376 264 2442 quam
291 2356 342 2421 illa
370 2355 568 2421 necessitudo
601 2366 657 2421 est.
712 2355 773 2420 Sed
795 2354 872 2420 mibi
893 2359 935 2420 ita
956 2354 1132 2440 persuadeo
1155 2387 1194 2399 -
1217 2364 1320 2441 potest
1341 2353 1427 2426 lieri,
1463 2365 1499 2419 ut

169 2449 261 2514 fallar
283 2484 339 2522 -,
372 2471 441 2514 eam
468 2464 538 2514 rem
567 2449 651 2514 laudi
678 2448 737 2513 tibi
764 2449 869 2535 potius
904 2470 998 2534 mam
1030 2448 1253 2534 vituperationi
1283 2447 1362 2513 lore.
1414 2446 1497 2525 Quid

170 2542 238 2607 lieri
267 2543 366 2628 possit
397 2556 426 2608 et
456 2543 531 2630 quid
553 2564 622 2608 mea
644 2564 737 2608 causa
757 2542 862 2608 facere
883 2543 986 2628 possis
1008 2578 1049 2590 -
1071 2564 1158 2617 nam,
1195 2541 1270 2629 quin
1303 2542 1395 2615 velis,
1433 2561 1496 2606 non

171 2635 281 2702 dubito
307 2673 357 2710 —,
380 2637 490 2711 velim,
512 2637 539 2702 si
561 2636 619 2702 tibi
640 2657 735 2721 grave
757 2658 821 2702 non
842 2637 918 2709 erit,
941 2636 1111 2701 certiorem
1133 2657 1182 2701 me
1204 2636 1309 2701 facias.

67 2838 72 2844 .
132 2782 162 2820 2³
606 2780 742 2842 rann
786 2778 835 2861 (A.
861 2780 893 2841 u.
917 2781 949 2842 c.
972 2777 1058 2862 aaa.)

472 2903 513 2964 Μ.
537 2901 679 2966 CICERO
703 2901 741 2976 Q.
763 2900 946 2963 PHILIPPO
967 2899 1136 2965 PROCOS.
1159 2901 1190 2963 S.
1234 2917 1239 2929 ⁴

252 3011 318 3076 Etsi
348 3032 410 3076 non
437 3010 547 3077 dubito
575 3022 634 3097 pro
666 3020 718 3076 tua
739 3011 771 3074 in
794 3032 844 3074 me
866 3009 1066 3075 observantia
1087 3030 1210 3096 proque
1232 3016 1340 3074 nostra
1360 3010 1497 3075 necessi·

169 3102 293 3180 tudine,
316 3105 392 3190 quin
408 3104 711 3170 commendationem
725 3125 826 3169 meam
842 3104 994 3168 memoria
1009 3112 1132 3176 teneas,
1160 3112 1263 3167 tamen
1280 3107 1373 3168 etiam
1401 3113 1496 3191 atque

169 3196 261 3261 ctiam
298 3198 432 3263 eundem
461 3198 518 3263 tibi
547 3204 582 3264 L.
616 3199 766 3285 Oppium,
803 3197 988 3262 familiarem
1017 3217 1123 3262 meum
1150 3207 1361 3282 praesentem,
1399 3207 1431 3263 et
1460 3204 1496 3263 L.

131 3291 305 3375 suEgnatii,
327 3289 563 3357 familiarissimi
585 3293 661 3368 mei,
685 3291 822 3356 absenIIs
837 3293 963 3376 negotia
977 3289 1173 3356 commendo.
1216 3296 1313 3355 Tanta
1327 3291 1405 3356 mihi
1424 3312 1496 3358 cum

169 3402 208 3446 eo
230 3384 427 3451 necessitudo
449 3396 496 3451 est
517 3385 789 3472 familiaritasque,
812 3393 861 3461 nt,
883 3385 910 3449 si
932 3406 1002 3450 mea
1024 3405 1074 3449 res
1097 3392 1192 3460 esset,
1215 3405 1278 3449 non
1294 3389 1391 3470 magis
1407 3384 1496 3450 labo·

167 3497 283 3541 rarem.
326 3480 528 3565 Quapropter
548 3479 760 3564 gratissimum
782 3478 858 3543 mibi
879 3477 1007 3549 feceris,
1031 3482 1056 3543 si
1076 3478 1214 3552 curaris,
1237 3486 1273 3542 ut
1294 3477 1321 3542 is
1343 3478 1496 3563 intelligat

169 3591 219 3635 me
240 3592 259 3634 a
280 3580 310 3636 te
333 3581 451 3637 tantum
474 3574 587 3645 amari,
612 3583 761 3659 mantum
783 3572 851 3657 ipse
873 3572 1031 3637 existimo.
1073 3575 1142 3637 Iloc
1163 3571 1241 3636 mihi
1256 3576 1375 3655 gratius
1389 3570 1496 3636 facere

169 3663 246 3729 nibil
267 3673 372 3750 potes;
396 3666 490 3747 idque
512 3675 546 3731 nt
566 3664 674 3740 facias,
698 3675 729 3732 te
751 3665 953 3730 vehementer
973 3685 1063 3751 rogo.

131 3830 160 3873 s
616 3808 737 3870 rnna.
779 3802 831 3885 (I.
857 3808 889 3870 u.
912 3809 944 3870 c.
966 3808 1056 3883 roas

428 3931 469 3991 Μ.
492 3928 635 3992 CICERO
657 3931 692 3992 T.
714 3928 821 3992 TITIO
844 3931 879 3992 T.
900 3931 934 3992 F.
955 3928 1115 3993 LEGATO
1137 3929 1169 3991 S.
1191 3931 1229 3991 1).

254 4042 282 4102 1.
315 4039 381 4103 Etsi
407 4059 471 4103 non
500 4036 624 4112 dubito,
656 4037 732 4124 quin
762 4037 845 4123 apud
873 4049 904 4104 te
933 4058 1003 4102 mea
1031 4037 1261 4103 commendatio
1291 4037 1393 4123 prima
1420 4041 1495 4102 satis

168 4130 282 4205 valeat,
305 4139 408 4195 mmen
432 4131 591 4217 obsequor
611 4130 731 4196 bomini
752 4130 1011 4204 familiarissimo,
1045 4133 1078 4197 C.
1101 4130 1233 4196 Avianio
1254 4131 1380 4205 Flacco,
1405 4131 1495 4196 cuius

167 4243 260 4289 causa
282 4225 387 4289 omnia
407 4245 479 4290 cum
501 4225 609 4310 cupio,
638 4234 705 4290 tum
726 4224 904 4290 mehercule
927 4225 1022 4290 etiam
1043 4222 1155 4289 debeo.
1196 4229 1243 4288 De
1269 4245 1332 4310 quo
1351 4234 1383 4288 et
1401 4244 1496 4309 prae·

239 4443 266 4493 2.
291 4445 330 4493 tui
347 4450 385 4493 est
403 4443 449 4493 lla
475 4450 513 4493 est
531 4446 571 4494 tus'
590 4444 620 4493 E.
651 4468 681 4478 -
718 4443 745 4493 d.
764 4443 962 4493 commendandi
986 4443 1025 4494 Μ.
1054 4466 1085 4480 -
1121 4445 1165 4494 11.
1186 4438 1284 4506 Quodsi
1302 4445 1398 4494 Romae
1415 4451 1439 4494 ta
1456 4445 1495 4493 ui·

168 4512 262 4563 dlasem
287 4527 425 4576 coronaque
442 4513 490 4562 M:
522 4515 620 4575 Quodsi
647 4515 742 4564 Romae
771 4521 801 4576 te¹
823 4514 959 4573 diducens,
989 4527 1080 4563 corum
1098 4513 1134 4574 Ii,
1162 4513 1260 4576 Quodsi
1279 4515 1374 4564 Romae
1391 4515 1496 4578 fuissem

170 4579 275 4644 (malim
293 4585 442 4648 adfuissem.
462 4583 541 4642 On),
561 4591 585 4633 te
602 4585 722 4634 vidissem
740 4597 877 4646 corumque
895 4584 990 4633 Drasd.
1010 4584 1115 4633 tertios·
1135 4609 1165 4619 -
1204 4584 1246 4633 ld.
1271 4586 1323 4632 saiss'
1341 4585 1410 4647 quod
1427 4584 1495 4633 illud

169 4659 280 4704 auctore
311 4654 433 4703 Ernestio
460 4653 659 4703 Sebinnus·
696 4654 841 4716 persuadeo
859 4653 904 4703 M:
936 4660 1003 4704 certe
1023 4654 1170 4716 persuadeo
1188 4652 1220 4702 E.
1253 4677 1283 4687 -
1329 4655 1372 4703 17.
1397 4657 1491 4705 Aom.

169 4723 206 4774 Μ.
225 4749 257 4760 -
293 4724 337 4773 22.
357 4725 557 4785 vituperationis
574 4724 611 4774 Μ.
631 4744 664 4759 -
700 4724 745 4774 23.
761 4719 857 4786 possis]
875 4731 963 4785 posset
980 4723 1018 4773 Μ.
1039 4746 1069 4758 -
1091 4719 1164 4787 quin]
1183 4724 1245 4787 quid
1263 4723 1300 4773 Μ.
1320 4749 1352 4758 -
1390 4723 1433 4774 33.
1453 4725 1494 4774 id·

167 4806 217 4856 qus
233 4793 277 4842 M:
298 4795 388 4856 Itaque
401 4793 515 4843 Ernestii
526 4807 635 4857 operes.
658 4817 686 4829 -
707 4794 751 4844 38.
772 4794 884 4844 Aedonia
901 4792 947 4844 ld:
967 4794 1069 4844 Aulam
1087 4793 1117 4843 E.
1133 4795 1196 4842 itam
1210 4805 1237 4856 p.
1251 4792 1312 4843 233.
1332 4809 1357 4844 r.
1377 4795 1404 4845 5.
1414 4793 1441 4844 8.
1459 4817 1492 4829 -

168 4861 212 4914 32.
232 4875 289 4911 mem
308 4863 353 4914 II:
374 4870 429 4912 tum
447 4863 476 4913 li.
