3256 5400
193 229 257 292 496
657 226 716 290 ΕΡ.
738 227 791 289 ΔΙ)
813 225 987 290 ,effluunt

193 405 245 450 res
266 382 385 449 incidit.
428 387 464 447 ln
486 381 535 446 his
555 381 699 447 inventae
721 390 793 446 snut
814 381 952 468 quinque
982 379 1207 467 planguncnlae
1228 392 1460 456 matronarum,
1482 381 1516 447 in

194 475 308 563 quibus
336 495 397 540 una
426 474 546 541 sororis
572 473 664 539 amici
692 473 754 548 tui,
791 473 927 541 hominis
956 473 1069 550 „bruti
1078 479 1110 548 ”,
1147 472 1202 559 qui
1236 471 1297 538 hoc
1323 486 1446 554 utatur;
1485 487 1518 541 et

193 568 278 634 illius
298 567 460 653 „lepidi”,
483 567 538 654 qni
559 566 637 632 haec
657 575 720 633 tam
741 567 935 653 negligenter
956 567 1046 633 ierat.
1089 571 1175 632 llaec
1194 574 1226 632 te
1247 566 1333 631 volni
1355 595 1518 650 παριστο·

194 667 307 746 ρῆσαι.
358 666 471 727 Sumus
504 661 587 726 euim
609 660 702 726 amba
723 659 806 725 belle
828 661 956 726 curiosi.
998 664 1049 725 26.
1077 663 1176 726 Unum
1198 659 1292 724 etiam
1313 660 1407 726 velim
1430 663 1519 747 cogi·

171 765 250 821 ates.
292 754 395 821 Audio
416 756 551 842 Appium
574 756 779 839 προπύλαιον
806 753 951 819 Eleusine
972 747 1087 818 facere.
1130 757 1210 819 Num
1231 753 1328 838 inepti
1349 755 1519 831 fuerimus,

194 850 221 914 si
253 871 311 916 nos
339 869 467 936 qunque
498 849 682 916 Academiae
708 847 898 915 fecerimus?
931 852 1028 920 Puto,
1062 847 1196 933 inquies.
1249 852 1333 931 Ergo
1355 847 1389 912 id
1409 848 1518 934 ipsum

194 942 312 1009 scribes
341 941 380 1008 ad
405 964 467 1009 me.
515 942 669 1028 Equidem
690 942 781 1007 valde
802 942 886 1028 ipsas
907 940 1042 1007 Athenas
1069 961 1152 1005 amo.
1194 940 1275 1007 Volo
1297 961 1365 1007 esse
1387 941 1520 1028 aliquod

194 1043 440 1102 monumentum.
491 1036 550 1102 Odi
577 1036 671 1102 falsas
700 1035 919 1122 inscriptiones
951 1044 1125 1100 statuarum
1158 1033 1340 1100 alienarum.
1389 1035 1454 1102 Sed
1483 1046 1520 1102 ut

195 1127 253 1193 tibi
273 1126 422 1213 placebit;
460 1129 618 1216 faciesque
647 1150 714 1205 me,
746 1129 781 1194 in
802 1149 896 1215 quem
924 1126 1007 1194 mem
1030 1134 1168 1195 Romana
1190 1127 1328 1193 incidant
1348 1129 1519 1215 mysteria,

161 1222 361 1307 incertiorem
400 1232 431 1289 et
460 1223 620 1310 quomodo
648 1222 806 1289 hiemaris.
861 1226 942 1290 Cura
981 1232 1016 1287 ut
1050 1221 1163 1288 valeas.
1216 1224 1290 1286 Post
1319 1222 1517 1288 Leuctricam

195 1336 331 1402 pugnam
352 1316 403 1383 die
424 1318 701 1405 septingentesimo
723 1316 920 1401 sexagesimo
943 1317 1062 1403 quinto.

678 1527 721 1594 η.
763 1521 812 1607 (a
838 1525 869 1588 a.
893 1526 1037 1608 c.·1na.)

679 1666 822 1730 arcano
842 1666 986 1730 eruco
1008 1666 1040 1729 ε.

283 1811 312 1871 1.
334 1809 411 1872 Cum
432 1802 631 1888 Philogenes,
654 1802 783 1870 libertus
805 1812 894 1878 tuus,
916 1802 1101 1868 Laodiceam
1130 1803 1170 1867 ad
1190 1825 1241 1869 me
1256 1803 1407 1869 salutandi
1423 1824 1523 1870 causa

162 1899 334 1974 invenisset
354 1908 384 1962 et
406 1919 439 1963 se
460 1898 563 1962 statim
585 1896 625 1961 ad
647 1906 677 1961 te
698 1897 914 1983 navigaturum
937 1919 1005 1962 esse
1020 1896 1154 1971 diceret,
1178 1897 1233 1962 has
1247 1897 1274 1962 ei
1294 1898 1410 1963 litteras
1426 1899 1521 1971 dedi:

183 1991 311 2079 'quibus
333 1992 371 2056 ad
394 2012 447 2056 eas
468 1990 632 2076 rescripsi,
654 2010 731 2077 quas
753 2011 934 2077 acceperam
956 2011 972 2055 a
996 1992 1084 2058 Bruti
1107 1991 1280 2056 tabellario.
1324 1997 1362 2056 Et
1383 2011 1520 2076 respon·

198 2085 280 2151 debe
302 2085 436 2171 primum
458 2094 635 2170 postremae
658 2094 728 2149 tuae
749 2088 890 2171 paginae,
912 2105 992 2171 quae
1013 2085 1089 2150 milri
1105 2105 1235 2170 magnae
1257 2084 1418 2150 molestiae
1442 2084 1521 2158 tuin

198 2177 283 2264 quod
305 2176 343 2241 ad
371 2187 401 2242 te
421 2177 572 2262 scriptum
593 2187 641 2242 est
661 2199 679 2242 a
702 2179 807 2244 Cincio
830 2179 869 2244 de
897 2179 984 2244 Statii
1007 2199 1169 2250 sermone,
1197 2180 1231 2243 in
1252 2198 1315 2263 qno
1337 2178 1398 2243 hoc
1419 2178 1523 2242 mole·

199 2271 367 2336 stissimum
390 2279 452 2346 est,
475 2271 605 2336 Statium
627 2271 732 2336 dicere
753 2294 771 2337 a
793 2294 844 2338 me
867 2292 992 2359 quoque
1014 2272 1047 2336 id
1065 2273 1229 2338 consilium
1249 2270 1386 2358 probari.
1440 2275 1522 2335 Pro-

161 2397 190 2442 20
199 2363 269 2429 bari
290 2370 416 2429 antemi
448 2370 495 2429 De
517 2364 576 2429 isto
599 2364 757 2430 hactenus.
812 2365 952 2431 Dixerim
986 2385 1036 2428 me
1065 2365 1114 2429 vel
1136 2364 1269 2451 plurima
1290 2365 1390 2430 vincla
1413 2375 1521 2429 tecum

198 2479 337 2523 summae
359 2458 585 2523 coniunctionis
607 2467 734 2544 optare,
757 2459 815 2524 etsi
837 2468 909 2524 sunt
929 2459 1047 2523 amoris
1069 2458 1239 2536 artissima;
1267 2467 1385 2523 tanturn
1407 2455 1519 2531 abest,

92 2543 96 2555 ’
198 2562 233 2618 ut
250 2573 312 2636 ego
334 2573 374 2616 ex
396 2572 451 2624 eo,
474 2573 537 2637 quo
559 2550 699 2616 adstricti
714 2574 838 2625 sumus,
861 2553 960 2617 laxari
975 2550 1093 2639 aliquid
1111 2551 1214 2616 velim.
1257 2556 1287 2616 2.
1309 2551 1399 2616 lllum
1414 2563 1520 2617 autem

199 2646 295 2710 multa
323 2645 362 2711 de
391 2645 458 2710 istis
484 2643 580 2709 rebus
607 2645 749 2730 asperius
779 2646 882 2711 solere
903 2644 991 2731 loqui
1018 2664 1112 2730 saepe
1133 2665 1202 2709 snm
1225 2654 1390 2730 expertus,
1423 2665 1519 2730 saepe

200 2740 293 2804 etiam
315 2738 410 2803 lenivi
429 2739 554 2807 iratum.
598 2737 633 2803 ld
654 2739 735 2804 scire
757 2747 787 2804 te
808 2739 956 2804 arbitror.
999 2742 1034 2803 ln
1062 2738 1119 2803 lrac
1139 2748 1243 2803 eutem
1265 2737 1519 2824 peregrinatione

162 2833 350 2906 nemilitiave
373 2841 479 2897 nostra
502 2852 595 2917 saepe
616 2832 777 2896 incensum
799 2833 847 2897 ira
868 2831 946 2905 ridi,
971 2852 1063 2916 saepe
1085 2832 1250 2916 placatum.
1295 2830 1378 2909 Quid
1394 2830 1433 2895 ad
1449 2835 1521 2895 Sta·

200 2926 277 2991 tium
306 2926 479 3012 scripserit,
509 2926 625 2990 nescio.
684 2924 842 3012 Quidquid
871 2934 997 2989 acturus
1017 2923 1056 2988 de
1079 2925 1132 2988 tali
1154 2945 1190 2989 re
1211 2924 1287 2996 fuit,
1316 2921 1520 2988 scribendum

199 3029 301 3083 tamen
323 3018 363 3083 ad
390 3018 536 3084 libertum
557 3040 621 3084 non
642 3018 711 3085 suit.
761 3019 837 3084 llihi
858 3028 961 3083 autem
984 3018 1046 3082 erit
1067 3019 1221 3083 maximae
1244 3039 1356 3092 curae,
1380 3016 1520 3102 nequid

199 3113 253 3177 liat
273 3133 377 3186 secus,
414 3135 506 3199 quam
529 3113 673 3178 volumus
695 3133 850 3198 quamque
873 3121 1009 3198 oportet.
1062 3116 1124 3176 Nec
1145 3111 1218 3176 satis
1240 3112 1341 3176 estin
1363 3110 1519 3177 eiusmodi

199 3226 236 3272 re
257 3227 291 3270 se
313 3227 468 3293 quemque
497 3218 670 3293 praestare;
707 3206 765 3290 {acl
796 3206 950 3271 maximae
976 3215 1079 3291 partes
1107 3205 1197 3270 istius
1218 3204 1311 3270 officii
1333 3216 1405 3269 suut
1426 3204 1520 3290 pueri

167 3300 361 3367 noCiceronis
388 3300 454 3365 sive
484 3301 546 3366 iarn
568 3300 788 3377 adolescentis;
819 3298 1051 3386 quodquidam
1074 3298 1160 3363 illum
1182 3299 1270 3363 soleo
1292 3297 1422 3363 hortari.
1475 3306 1521 3362 Ac

202 3396 278 3459 mihi
306 3395 430 3461 videtur
458 3404 590 3461 matrem
618 3393 723 3468 valde,
761 3403 796 3458 ut
818 3392 927 3464 debet.
961 3413 1067 3456 amare
1090 3403 1182 3479 teque
1203 3391 1343 3456 mirifice.
1387 3391 1448 3456 Sed
1472 3400 1521 3456 est

200 3508 346 3572 magnum
369 3487 445 3553 illud
466 3488 603 3573 quidem,
629 3498 843 3552 verumtamen
866 3486 1029 3573 multiplex
1049 3487 1141 3572 pueri
1159 3486 1333 3569 ingenium
1356 3485 1442 3572 quod
1458 3506 1520 3570 ego

202 3581 339 3665 regendo
362 3580 462 3645 habeo
485 3582 601 3666 negotii
622 3586 705 3645 satis.
749 3587 779 3645 3.
802 3580 959 3658 Quoniam
981 3580 1130 3666 respondi
1151 3590 1326 3664 postremae
1346 3591 1417 3644 tuae
1433 3580 1521 3664 pagi-

202 3694 260 3737 nae
281 3675 383 3758 prima
404 3694 488 3746 mea,
518 3695 599 3739 nunc
632 3673 670 3738 ad
692 3675 825 3760 primam
848 3682 990 3738 revertar
1011 3684 1106 3739 tuam.
1149 3673 1391 3757 Peloponnesias
1412 3673 1522 3736 civita-

167 3776 248 3843 ates
271 3786 379 3831 omnes
401 3767 572 3833 maritimas
594 3789 679 3843 esse,
712 3767 845 3832 hominis
866 3788 931 3833 non
953 3786 1102 3853 nequam,
1133 3765 1188 3831 sed
1210 3765 1303 3830 etiam
1325 3774 1379 3830 tuo
1401 3764 1520 3830 iudicio

1359 3910 1520 3920 ...p-.—

256 3999 282 4047 1.
302 3992 423 4061 quinque]
442 3998 569 4060 quaedam
587 3997 609 4046 l.
633 4021 659 4030 -
682 3997 854 4060 langunculoe
871 3996 907 4046 lll
925 4002 951 4046 et
971 4010 1012 4059 pr.
1026 3996 1068 4057 Μ,
1089 3997 1242 4060 lagunculae
1261 4009 1332 4045 corr.
1351 3994 1389 4046 Μ.
1409 3993 1522 4050 (limen-

202 4068 276 4118 davit
288 4067 405 4120 Rosius.)
422 4092 450 4103 -
471 4068 498 4116 2.
509 4069 716 4129 Bruti-lepidi
727 4069 755 4117 ll.
769 4094 795 4103 -
819 4069 845 4116 3.
859 4064 930 4130 laec]
946 4066 993 4116 lac
1009 4069 1040 4119 lt.
1055 4090 1084 4102 -
1104 4068 1129 4116 5.
1150 4065 1279 4132 :spaniae
1289 4066 1326 4125 Μ,
1339 4063 1522 4134 apostalavit

203 4144 230 4188 et
239 4132 482 4199 mgni-tamti]
495 4138 523 4186 ln
537 4138 615 4198 Epiro
631 4136 704 4187 lllll.
725 4138 869 4197 (Beroalda
879 4143 989 4187 anctore
1003 4135 1213 4196 correrltl'ius.)
1230 4158 1260 4168 -
1280 4135 1306 4185 fl.
1320 4135 1419 4184 aramis
1429 4146 1469 4196 pr.
1480 4133 1520 4191 Μ.

203 4209 334 4258 academie
352 4212 378 4256 et
395 4219 477 4255 acone
496 4221 565 4256 cerr.
586 4206 623 4256 Μ.
646 4232 673 4241 -
695 4208 720 4256 ’1.
740 4207 853 4257 Athenas
871 4211 943 4269 r'ptat
962 4206 983 4256 l.
1002 4212 1074 4260 Fort.
1094 4208 1158 4256 istas
1176 4203 1268 4266 (tuas).
1289 4206 1339 4256 On.
1362 4227 1389 4239 ·-
1410 4204 1436 4253 9.
1455 4203 1522 4252 iaci-
1603 4242 1607 4258 ,

202 4279 268 4327 duat
287 4276 308 4326 l.
330 4303 358 4314 -
397 4277 439 4326 to.
460 4277 590 4326 lectricem
608 4277 644 4326 ll.
665 4301 696 4312 -
735 4277 776 4327 11.
795 4278 984 4341 septuagesimo
1002 4291 1080 4329 arra.
1120 4276 1192 4326 Vale.
1213 4277 1243 4325 ll.
1266 4303 1292 4312 -
1333 4274 1376 4324 18.
1396 4273 1429 4322 ab
1448 4273 1521 4322 1.·-

204 4349 247 4399 la.
267 4346 404 4395 consilium
428 4346 538 4408 probari
563 4353 649 4395 autem
679 4346 709 4397 de
738 4348 790 4395 isto
814 4346 858 4406 M,
889 4348 1024 4398 annalium
1051 4347 1172 4410 probari.
1215 4345 1267 4395 Aut
1298 4347 1329 4394 de
1355 4346 1406 4394 isto
1432 4342 1454 4390 l.
1491 4368 1518 4378 -

203 4420 247 4468 20.
265 4418 346 4480 plura
371 4415 489 4464 malebat
514 4417 661 4466 Ernestius.
694 4440 721 4450 -
759 4417 803 4465 21.
828 4417 875 4466 etat'
901 4415 971 4480 sant]
997 4428 1022 4470 et
1044 4423 1104 4468 sant
1123 4416 1178 4472 Μ1,
1204 4424 1227 4465 et
1246 4419 1300 4465 tint
1318 4417 1348 4465 ll.
1387 4413 1523 4468 (Correxit

203 4488 290 4545 Pius.)
323 4509 353 4520 -
390 4489 476 4534 amors·
502 4487 538 4536 Μ.
571 4511 599 4525 -·
638 4487 681 4536 26.
706 4487 872 4548 adscripserit
890 4487 926 4537 ill
953 4492 980 4537 et
1005 4504 1045 4552 pr.
1066 4489 1104 4538 Μ.
1134 4512 1165 4522 -
1213 4485 1256 4534 27.
1288 4486 1419 4534 maa-imae
1439 4482 1519 4531 Pius:

203 4559 317 4607 maxima
334 4555 431 4607 llllllli.
452 4582 482 4592 ·-
507 4558 550 4606 29.
569 4571 600 4605 ac
615 4557 668 4605 del.
691 4556 844 4616 craesum,
864 4570 913 4606 nos
935 4557 1105 4609 seclusimus.
1128 4578 1157 4592 -
1185 4557 1297 4604 mantne
1315 4555 1389 4606 niul.
1411 4552 1522 4614 (Emen-

205 4629 296 4677 datnm
315 4632 355 4676 est
374 4627 400 4675 ln
420 4628 481 4675 Asc.
502 4624 553 4689 pr.)
570 4650 598 4661 -
615 4623 699 4688 pueri]
718 4629 769 4675 oiri
789 4627 824 4687 u,
844 4629 899 4676 ueri
917 4626 938 4675 1.
957 4650 984 4660 -
1006 4630 1048 4679 31.
1068 4634 1178 4676 matrem
1195 4632 1224 4674 at
1243 4626 1317 4674 valde
1336 4625 1426 4673 deleat
1444 4622 1520 4673 llllll.

204 4699 337 4753 (Correxit
354 4695 513 4757 Manutius.)
535 4720 562 4731 -
601 4695 644 4744 32.
665 4698 733 4758 qnod
751 4697 831 4745 lllll:
852 4710 902 4760 qao
926 4711 987 4747 cum
1010 4701 1071 4750 Aac.
1099 4697 1187 4760 pall,
1218 4696 1247 4743 in
1270 4709 1320 4759 qao
1340 4709 1392 4756 mg.
1414 4693 1521 4754 llepett.

204 4768 310 4826 lamb„
330 4767 401 4831 quod
421 4766 536 4817 coniecit
553 4764 633 4812 etiam
653 4766 799 4814 Ernestius.
818 4791 851 4800 —
888 4768 932 4817 33.
949 4776 1097 4830 postremae
1114 4781 1169 4817 cm.
1190 4765 1211 4813 1.
1231 4789 1258 4801 -
1284 4765 1329 4816 al.
1346 4764 1523 4828 peloponnen-

203 4841 257 4889 n'as
275 4838 312 4888 Μ.
331 4859 364 4875 ·-
383 4836 426 4887 ³5.
444 4849 497 4885 aaa
514 4831 633 4897 nequam]
652 4849 706 4884 non
723 4849 778 4885 men
797 4843 899 4888 tantam
919 4838 1036 4890 malebat
1058 4837 1208 4889 Ernestins.
