3256 5400
142 222 193 283 uxi

142 375 349 447 emendatum
372 398 405 466 p.
419 375 530 465 eosq
549 375 728 464 interdum,
751 384 841 464 quae
856 378 1040 446 afferuntur
1057 371 1219 446 scotice
1240 375 1372 466 Ursini,
1394 377 1468 445 ma.

142 480 267 548 ntiesto
299 486 378 549 aunt
407 481 471 549 Pii.
492 482 674 549 Praeterea
701 480 790 547 baud
817 500 945 568 paucae
974 483 1138 549 lectiones
1166 480 1229 547 Ed.
1250 482 1465 549 victorianae

142 586 267 670 primae
296 589 330 653 et
358 584 529 675 Marginis
556 585 805 672 liepettitonum
834 586 986 669 Lambb.,
1024 603 1160 671 quarum
1188 586 1283 675 origo
1313 589 1392 651 ante
1413 604 1465 652 me

141 689 307 776 latuerat,
329 688 442 756 itidem
463 689 560 756 aPio
575 690 780 775 repetendae
794 693 882 755 sunt.
924 689 1065 775 Aliquot
1080 687 1329 755 emendationes
1343 689 1466 756 tectio-

142 811 219 860 num
246 795 449 859 anteriorum
482 794 671 860 etiamnunc
700 793 742 859 ab
774 795 923 859 omnibus
953 798 1124 874 retentae,
1159 811 1269 858 merae
1301 795 1379 857 sunt
1414 792 1464 858 Pit

141 897 370 985 coniecturam
392 895 589 964 audaciores
608 916 690 963 vero
705 896 883 982 plerasque
901 901 1132 983 etperversas
1147 896 1328 962 eliminavit
1349 914 1465 961 rursus

141 997 325 1067 Victorius:
354 1000 564 1066 nibilominus
584 1001 628 1067 ad
649 1002 771 1090 viginti
793 1004 928 1085 repperi
951 1018 1023 1067 cum
1046 1002 1079 1065 in
1101 1002 1173 1095 etus
1194 1002 1370 1083 contextu,
1398 1007 1465 1064 tum

140 1104 175 1169 in
197 1107 450 1189 commentario,
482 1123 567 1190 qnae
596 1107 654 1170 aut
680 1121 785 1169 verae
805 1107 884 1170 sunt
907 1106 1039 1169 omnino
1060 1107 1118 1168 aut
1141 1102 1281 1193 dignae,
1316 1121 1402 1189 quae
1423 1103 1466 1168 ab

142 1205 327 1273 editoribus
341 1212 571 1274 memorentur.
613 1206 685 1273 Nec
699 1226 783 1272 vero
798 1208 831 1270 in
848 1225 888 1273 eo
901 1207 1105 1289 falsussum,
1128 1206 1215 1292 qnod
1230 1209 1293 1271 tam
1306 1208 1339 1271 tn
1356 1208 1466 1290 priora

141 1309 298 1377 Editionc
320 1329 511 1378 censueram
537 1311 783 1400 llervagianam
805 1308 849 1375 ad
866 1309 951 1376 banc
965 1312 1168 1396 potissimum
1185 1328 1260 1374 esse
1275 1310 1467 1376 conforma-

145 1419 222 1480 tam.
264 1413 421 1482 Ascensii
445 1411 574 1501 quidem
597 1414 708 1479 nutiae
729 1413 801 1479 tere
814 1418 893 1478 sunt
910 1418 1025 1499 partes
1040 1414 1072 1477 in
1087 1413 1151 1479 bac
1164 1413 1227 1496 Ed.
1242 1413 1321 1478 anni
1338 1410 1467 1498 1⁶3¹,

87 1535 94 1544 ’
142 1519 205 1584 nist
229 1516 317 1604 quod
339 1519 502 1584 refutauit
523 1519 650 1604 aliquot
671 1515 723 1583 Pit
747 1518 971 1598 coniecturas,
1001 1516 1105 1601 atlas,
1137 1516 1197 1582 sed
1220 1534 1362 1602 paucas,
1394 1517 1466 1601 ipsa

143 1624 361 1711 excogitavit.
404 1618 492 1704 Quid
515 1621 682 1687 llanaesio
706 1619 885 1702 debeatur,
920 1638 1082 1707 nusquam
1103 1625 1253 1706 apparet.
1296 1617 1335 1685 ld
1357 1623 1466 1685 autem

142 1729 270 1792 certam
300 1729 366 1807 est,
399 1742 461 1791 nec
493 1725 606 1809 Pium,
638 1743 745 1811 neque
770 1723 988 1803 Ascensinm,
1020 1739 1128 1810 neque
1150 1723 1350 1788 llanaestnm
1371 1741 1466 1789 usum

142 1847 218 1894 esse
240 1826 345 1895 Codd.
363 1828 506 1894 familiae
528 1828 731 1895 Gallicanae.
1452 1826 1456 1835 '

226 1931 297 1997 lam
319 1950 401 1998 vero
423 1950 495 1999 cum
517 1931 734 2022 llerragiana
760 1927 874 1998 1⁶:34.
892 1948 1131 2017 saepenumero
1146 1927 1305 1996 deserens
1319 1924 1466 1996 Cratan-

142 2033 237 2100 drum
267 2035 324 2099 ret
345 2035 388 2100 ad
423 2035 503 2101 Asc.
528 2053 595 2102 sec.
616 2036 790 2102 tectionem
824 2033 959 2118 redeat,
993 2034 1049 2099 vei
1080 2035 1234 2100 inanibus
1265 2034 1467 2101 coniecturis

141 2141 270 2224 potius,
306 2141 344 2202 ut
371 2137 522 2226 videtur,
560 2157 654 2224 quam
684 2137 840 2205 Codicum
871 2157 936 2224 ope
962 2140 1105 2224 priorum
1127 2137 1322 2203 vulneribus
1343 2135 1466 2203 mederi

140 2241 294 2323 studeat,
321 2244 551 2327 praeterquam
575 2240 664 2328 quod
684 2245 763 2307 anie
786 2243 903 2308 oculos
923 2240 1039 2307 babuit
1061 2241 1302 2306 Ascensianam
1323 2244 1465 2326 tertiam,

141 2346 301 2411 nonnulis
322 2348 491 2430 recepisse
513 2344 647 2410 videtur
669 2363 688 2411 a
710 2342 1109 2429 codd.1mticts,mtque
1130 2343 1358 2429 interpolatis,
1381 2362 1466 2428 quo-

141 2467 212 2516 rum
245 2450 407 2514 tentiones
440 2451 619 2534 acceperat
647 2466 668 2513 a
697 2447 810 2537 Vigilo
839 2446 1032 2514 Zutchemo.
1075 2445 1216 2515 Omnino
1238 2446 1341 2536 longe
1361 2448 1468 2512 minor

144 2550 241 2618 huius
262 2551 429 2617 Editionis
450 2555 503 2618 est
524 2552 724 2639 auctoritas,
747 2569 841 2636 quam
864 2547 1118 2616 Cratandrinae.

225 2654 368 2721 Multum
391 2656 424 2720 in
448 2653 662 2720 emendandis
684 2654 849 2738 Epistotis
869 2651 913 2718 ad
937 2654 1084 2719 Atticum
1107 2655 1169 2718 iam
1188 2656 1267 2719 ante
1284 2653 1467 2720 Victoriam

142 2759 330 2825 elaboravit
352 2756 558 2823 Benedictus
579 2757 757 2823 Accoitns:
781 2755 822 2821 de
843 2758 938 2823 cuius
960 2775 1040 2822 cura
1062 2755 1146 2822 baec
1161 2755 1263 2821 tradit
1284 2758 1333 2823 lo.
1347 2757 1466 2824 Frane.

141 2861 263 2928 Eiftlus
284 2862 317 2925 in
333 2860 486 2946 Epistola
502 2859 545 2925 ad
559 2860 741 2926 Victoriam
757 2859 872 2924 missa:
894 2851 1015 2938 (Olor.
1034 2856 1116 2925 itai.
1134 2866 1170 2926 et
1194 2857 1362 2929 Gemma.
1374 2859 1467 2948 Epp.

143 2966 192 3034 ad
210 2962 253 3031 P.
284 2962 475 3030 Victoriam
496 2963 573 3030 Vol.
590 2964 617 3029 l.
640 2982 671 3048 p.
697 2954 755 3044 1.)
789 2961 951 3028 «Thomas
976 2966 1115 3047 lancta,
1146 2964 1257 3048 quiin
1279 2962 1467 3054 purgandis

142 3070 240 3136 bonta
260 3068 471 3151 auctoribus,
505 3087 590 3154 quos
611 3065 844 3152 imprimendos
864 3069 975 3146 curat,
1005 3066 1067 3130 sibi
1089 3068 1153 3152 ipsi
1175 3085 1341 3152 nunquam
1362 3070 1467 3132 satis-

142 3173 243 3255 facit,
276 3174 354 3257 post
382 3173 593 3237 novissimam
623 3170 848 3258 Epistotarum
872 3169 914 3236 ad
940 3171 1089 3237 Atticum
1112 3175 1169 3235 tuo
1192 3173 1323 3236 nomine
1345 3170 1467 3237 editam

142 3278 408 3362 impressionem,
436 3279 556 3341 nactus
578 3273 756 3341 earundem
776 3275 1001 3360 Epistularum
1024 3275 1196 3353 volumen,
1226 3279 1384 3341 accurate
1406 3292 1468 3357 per

141 3372 451 3446 reverendissimum
473 3378 751 3445 Benedictum
774 3377 1008 3453 Accoitum,
1039 3376 1225 3443 Ravennae
1247 3377 1466 3463 cardinalem,

142 3485 359 3572 castigatum,
381 3500 432 3547 me
454 3483 597 3567 impulit,
619 3486 673 3569 nt,
695 3499 780 3567 qnae
804 3485 836 3546 in
859 3499 899 3546 eo
922 3479 1057 3546 diversa
1078 3499 1098 3545 a
1120 3485 1178 3545 tua
1199 3480 1343 3547 tectione
1364 3500 1468 3567 repe-

141 3589 258 3672 rirem,
279 3587 453 3664 volumini,
485 3584 572 3671 quod
593 3603 659 3650 una
681 3602 753 3650 cum
776 3584 828 3649 his
849 3585 970 3649 titteris
990 3582 1034 3648 ad
1056 3587 1090 3647 tc
1112 3585 1199 3671 mist,
1229 3582 1466 3650 adscriberem:

146 3688 233 3776 quod
256 3708 298 3757 ea
319 3691 396 3779 iege
411 3689 561 3776 suscepi,
582 3692 701 3754 utnon
716 3686 855 3773 iudicio,
876 3685 937 3752 sed
952 3687 1078 3753 calamo
1094 3687 1297 3772 laborarem,
1319 3691 1467 3753 tantum-

144 3811 208 3880 que
234 3794 348 3879 abest,
379 3795 417 3856 ut
445 3797 604 3857 mutatum
632 3790 755 3876 aliquid
784 3789 826 3857 de
854 3795 910 3855 tua
933 3791 1076 3857 tectione
1097 3792 1213 3871 veiim,
1245 3796 1282 3856 ut
1304 3790 1346 3856 de
1368 3809 1408 3856 ea
1429 3809 1467 3857 ra

143 3897 313 3986 cogitare,
347 3895 465 3961 nedum
488 3895 634 3962 indicare
656 3895 826 3960 noluerim.
869 3890 1038 3978 Suscepta
1060 3912 1199 3980 namque
1220 3896 1309 3961 iliius
1331 3894 1468 3978 codicis,

143 4019 211 4066 non
240 4002 404 4085 perpetua
432 4000 635 4088 singularum
667 3998 890 4081 Epistularum
923 3998 1084 4079 tectione,
1116 3998 1175 4063 sed
1205 3998 1278 4063 sota
1305 3998 1467 4064 tinearum

142 4103 349 4177 adfectatum
372 4105 530 4168 camisio
553 4107 610 4166 tuo
634 4101 831 4185 collatione,
858 4100 945 4186 quod
969 4120 1035 4165 non
1057 4102 1297 4188 responderet,
1316 4104 1467 4186 apposui.

144 4207 248 4275 'l’uunr
276 4223 366 4272 nunc
393 4208 456 4270 erit
486 4208 520 4271 et
546 4204 679 4291 singula
709 4203 917 4289 perpendere
945 4211 978 4268 et
1008 4222 1172 4294 congrua,
1208 4207 1236 4270 st
1266 4223 1331 4291 qua
1352 4208 1466 4287 erunt,

143 4310 350 4396 approbare,
372 4308 471 4394 idque
486 4311 529 4373 ut
551 4305 751 4374 commodius
774 4312 948 4391 praestare
970 4311 1095 4394 poesia,
1117 4310 1271 4392 noveris,
1292 4309 1383 4374 illum
1404 4327 1468 4376 ca-

143 4415 302 4502 stigatum
323 4410 470 4479 codicem
492 4409 637 4477 Aldinae
659 4413 885 4495 impressionis
906 4431 981 4477 esse
1002 4431 1091 4477 anno
1112 4409 1283 4476 Mnxxi.
1305 4430 1467 4497 excusae3

144 4521 179 4586 at
201 4518 443 4607 castigationes
472 4516 506 4580 in
537 4533 577 4580 eo
606 4515 780 4601 appositas
806 4516 877 4580 lere
899 4533 1012 4580 omnes
1033 4517 1091 4580 ant
1112 4516 1239 4579 vetusti
1261 4514 1386 4582 codicis
1407 4519 1466 4581 aut

144 4619 184 4688 P.
196 4621 315 4686 literae
336 4623 417 4685 nota
439 4636 514 4685 esse
538 4621 778 4704 praemunitas3
811 4621 845 4683 et
867 4637 909 4682 ne
930 4624 972 4683 te·
987 4617 1150 4684 tractenns
1170 4618 1318 4702 suscepti
1341 4618 1466 4685 laboris

144 4725 341 4811 poeniteat,
355 4724 453 4788 etiam
474 4721 555 4786 iliud
577 4722 677 4794 scito,
700 4741 751 4787 me
766 4723 866 4786 mutto
882 4722 976 4806 ptura
992 4723 1026 4786 in
1041 4739 1080 4786 eo
1096 4724 1265 4803 correcta,
1287 4740 1372 4806 qnae
1387 4727 1465 4788 tuae

143 4827 280 4897 wtiont
300 4829 382 4895 sunt
400 4843 568 4918 congrua,
599 4826 783 4906 invenisse,
814 4843 910 4912 quam
932 4843 1017 4911 qnae
1039 4841 1127 4891 nunc
1147 4824 1203 4889 isti
1224 4825 1382 4890 volumini
1404 4843 1467 4911 per
