<?xml version="1.0" encoding="UTF-8"?>
<!DOCTYPE html PUBLIC "-//W3C//DTD XHTML 1.0 Transitional//EN"
    "http://www.w3.org/TR/xhtml1/DTD/xhtml1-transitional.dtd">
<html xmlns="http://www.w3.org/1999/xhtml" xml:lang="en" lang="en">
 <head>
  <title>
</title>
<meta http-equiv="Content-Type" content="text/html;charset=utf-8" />
  <meta name='ocr-system' content='tesseract 3.04.00' />
  <meta name='ocr-capabilities' content='ocr_page ocr_carea ocr_par ocr_line ocrx_word'/>
</head>
<body>
  <div class='ocr_page' id='page_1' title='image "./operaquaesupers06halmgoog_0621.png"; bbox 0 0 3256 5400; ppageno 0'>
   <div class='ocr_carea' id='block_1_1' title="bbox 648 219 1465 285">
    <p class='ocr_par' dir='ltr' id='par_1_1' title="bbox 648 219 1465 285">
     <span class='ocr_line' id='line_1_1' title="bbox 648 219 1465 285; baseline 0 -2"><span class='ocrx_word' id='word_1_1' title='bbox 648 220 723 283; x_wconf 88' lang='lat' dir='ltr'><strong>LlB.</strong></span> <span class='ocrx_word' id='word_1_2' title='bbox 745 220 824 285; x_wconf 86' lang='lat' dir='ltr'><strong>vlss.</strong></span> <span class='ocrx_word' id='word_1_3' title='bbox 866 220 926 281; x_wconf 82' lang='grc' dir='ltr'><strong>ΕΡ.</strong></span> <span class='ocrx_word' id='word_1_4' title='bbox 950 219 999 282; x_wconf 75' lang='lat'><strong>12.</strong></span> <span class='ocrx_word' id='word_1_5' title='bbox 1409 224 1465 285; x_wconf 82' lang='grc'><strong>551</strong></span> 
     </span>
    </p>
   </div>
   <div class='ocr_carea' id='block_1_2' title="bbox 151 373 1507 2052">
    <p class='ocr_par' dir='ltr' id='par_1_2' title="bbox 151 373 1507 2052">
     <span class='ocr_line' id='line_1_2' title="bbox 157 373 1469 462; baseline 0 -20"><span class='ocrx_word' id='word_1_6' title='bbox 157 374 320 462; x_wconf 76' lang='lat' dir='ltr'><strong>sperabam</strong></span> <span class='ocrx_word' id='word_1_7' title='bbox 342 395 399 442; x_wconf 92' lang='lat' dir='ltr'><strong>uos</strong></span> <span class='ocrx_word' id='word_1_8' title='bbox 420 373 602 449; x_wconf 89' lang='lat' dir='ltr'><strong>babituros,</strong></span> <span class='ocrx_word' id='word_1_9' title='bbox 634 385 685 450; x_wconf 93' lang='lat' dir='ltr'><strong>ut,</strong></span> <span class='ocrx_word' id='word_1_10' title='bbox 713 374 742 441; x_wconf 94' lang='lat' dir='ltr'><strong>si</strong></span> <span class='ocrx_word' id='word_1_11' title='bbox 769 373 861 442; x_wconf 86' lang='lat' dir='ltr'><strong>vobis</strong></span> <span class='ocrx_word' id='word_1_12' title='bbox 883 375 1063 451; x_wconf 86' lang='lat' dir='ltr'><strong>videretur,</strong></span> <span class='ocrx_word' id='word_1_13' title='bbox 1099 377 1250 442; x_wconf 70' lang='lat' dir='ltr'>alteruter</span> <span class='ocrx_word' id='word_1_14' title='bbox 1270 382 1409 444; x_wconf 83' lang='lat' dir='ltr'><strong>vestrum</strong></span> <span class='ocrx_word' id='word_1_15' title='bbox 1430 378 1469 442; x_wconf 93' lang='lat' dir='ltr'><strong>ad</strong></span> 
     </span>
     <span class='ocr_line' id='line_1_3' title="bbox 155 468 1468 558; baseline 0.002 -24"><span class='ocrx_word' id='word_1_16' title='bbox 155 491 207 534; x_wconf 91' lang='lat' dir='ltr'><strong>me</strong></span> <span class='ocrx_word' id='word_1_17' title='bbox 233 470 369 546; x_wconf 82' lang='lat' dir='ltr'><strong>veniret;</strong></span> <span class='ocrx_word' id='word_1_18' title='bbox 403 468 482 535; x_wconf 89' lang='lat' dir='ltr'><strong>alter</strong></span> <span class='ocrx_word' id='word_1_19' title='bbox 506 469 540 535; x_wconf 91' lang='lat' dir='ltr'><strong>in</strong></span> <span class='ocrx_word' id='word_1_20' title='bbox 570 468 708 535; x_wconf 86' lang='lat' dir='ltr'><strong>Siciliam</strong></span> <span class='ocrx_word' id='word_1_21' title='bbox 736 489 808 535; x_wconf 92' lang='lat' dir='ltr'><strong>cum</strong></span> <span class='ocrx_word' id='word_1_22' title='bbox 836 489 874 532; x_wconf 89' lang='lat' dir='ltr'><strong>ea</strong></span> <span class='ocrx_word' id='word_1_23' title='bbox 903 468 1005 553; x_wconf 88' lang='lat' dir='ltr'><strong>copia,</strong></span> <span class='ocrx_word' id='word_1_24' title='bbox 1035 490 1128 554; x_wconf 86' lang='lat' dir='ltr'><strong>quam</strong></span> <span class='ocrx_word' id='word_1_25' title='bbox 1155 474 1279 558; x_wconf 80' lang='lat' dir='ltr'><strong>Capuae</strong></span> <span class='ocrx_word' id='word_1_26' title='bbox 1300 479 1332 536; x_wconf 91' lang='lat' dir='ltr'><strong>et</strong></span> <span class='ocrx_word' id='word_1_27' title='bbox 1352 472 1468 538; x_wconf 87' lang='lat' dir='ltr'><strong>circum</strong></span> 
     </span>
     <span class='ocr_line' id='line_1_4' title="bbox 157 559 1469 651; baseline 0 -22"><span class='ocrx_word' id='word_1_28' title='bbox 157 569 294 649; x_wconf 86' lang='lat' dir='ltr'><strong>Capuam</strong></span> <span class='ocrx_word' id='word_1_29' title='bbox 314 561 534 648; x_wconf 71' lang='lat' dir='ltr'><strong>comparastis,</strong></span> <span class='ocrx_word' id='word_1_30' title='bbox 570 571 602 627; x_wconf 89' lang='lat' dir='ltr'><strong>et</strong></span> <span class='ocrx_word' id='word_1_31' title='bbox 622 583 694 628; x_wconf 93' lang='lat' dir='ltr'><strong>cum</strong></span> <span class='ocrx_word' id='word_1_32' title='bbox 714 561 754 626; x_wconf 89' lang='lat' dir='ltr'><strong>iis</strong></span> <span class='ocrx_word' id='word_1_33' title='bbox 774 559 942 635; x_wconf 89' lang='lat' dir='ltr'><strong>militibus,</strong></span> <span class='ocrx_word' id='word_1_34' title='bbox 972 583 1052 647; x_wconf 89' lang='lat' dir='ltr'><strong>quos</strong></span> <span class='ocrx_word' id='word_1_35' title='bbox 1074 568 1203 630; x_wconf 75' lang='lat' dir='ltr'><strong>Faustus</strong></span> <span class='ocrx_word' id='word_1_36' title='bbox 1234 565 1324 650; x_wconf 81' lang='lat' dir='ltr'><strong>legit,</strong></span> <span class='ocrx_word' id='word_1_37' title='bbox 1346 565 1469 651; x_wconf 81' lang='lat' dir='ltr'><strong>profici·</strong></span> 
     </span>
     <span class='ocr_line' id='line_1_5' title="bbox 155 654 1469 743; baseline 0.002 -22"><span class='ocrx_word' id='word_1_38' title='bbox 155 655 488 732; x_wconf 86' lang='lat' dir='ltr'><strong>secretur,·D0mitius</strong></span> <span class='ocrx_word' id='word_1_39' title='bbox 515 676 586 721; x_wconf 90' lang='lat' dir='ltr'><strong>cum</strong></span> <span class='ocrx_word' id='word_1_40' title='bbox 614 655 763 721; x_wconf 74' lang='lat' dir='ltr'><strong>nunonis</strong></span> <span class='ocrx_word' id='word_1_41' title='bbox 791 654 973 720; x_wconf 71' lang='lat' dir='ltr'><strong>cohortibus</strong></span> <span class='ocrx_word' id='word_1_42' title='bbox 995 656 1108 721; x_wconf 90' lang='lat' dir='ltr'><strong>eodem</strong></span> <span class='ocrx_word' id='word_1_43' title='bbox 1129 657 1369 743; x_wconf 84' lang='lat' dir='ltr'><strong>adiungeretur,</strong></span> <span class='ocrx_word' id='word_1_44' title='bbox 1396 660 1469 724; x_wconf 89' lang='lat' dir='ltr'><strong>reli·</strong></span> 
     </span>
     <span class='ocr_line' id='line_1_6' title="bbox 155 748 1491 839; baseline 0.002 -24"><span class='ocrx_word' id='word_1_45' title='bbox 155 772 234 836; x_wconf 89' lang='lat' dir='ltr'><strong>quae</strong></span> <span class='ocrx_word' id='word_1_46' title='bbox 254 750 364 836; x_wconf 89' lang='lat' dir='ltr'><strong>copiae</strong></span> <span class='ocrx_word' id='word_1_47' title='bbox 384 769 493 815; x_wconf 88' lang='lat' dir='ltr'><strong>omnes</strong></span> <span class='ocrx_word' id='word_1_48' title='bbox 513 748 715 815; x_wconf 77' lang='lat' dir='ltr'><strong>Brundisium</strong></span> <span class='ocrx_word' id='word_1_49' title='bbox 740 758 930 833; x_wconf 76' lang='lat' dir='ltr'><strong>cogerentur</strong></span> <span class='ocrx_word' id='word_1_50' title='bbox 951 758 982 813; x_wconf 90' lang='lat' dir='ltr'><strong>et</strong></span> <span class='ocrx_word' id='word_1_51' title='bbox 1004 748 1076 813; x_wconf 88' lang='lat' dir='ltr'><strong>inde</strong></span> <span class='ocrx_word' id='word_1_52' title='bbox 1095 749 1227 815; x_wconf 88' lang='lat' dir='ltr'><strong>navibus</strong></span> <span class='ocrx_word' id='word_1_53' title='bbox 1242 752 1491 839; x_wconf 63' lang='lat' dir='ltr'><strong>Dyrrhachium⁵</strong></span> 
     </span>
     <span class='ocr_line' id='line_1_7' title="bbox 155 842 1469 932; baseline 0.002 -23"><span class='ocrx_word' id='word_1_54' title='bbox 155 852 450 929; x_wconf 69' lang='lat' dir='ltr'><strong>transponerentur.</strong></span> <span class='ocrx_word' id='word_1_55' title='bbox 503 848 607 917; x_wconf 89' lang='lat' dir='ltr'><strong>Nunc,</strong></span> <span class='ocrx_word' id='word_1_56' title='bbox 640 863 711 909; x_wconf 91' lang='lat' dir='ltr'><strong>cum</strong></span> <span class='ocrx_word' id='word_1_57' title='bbox 733 842 793 907; x_wconf 92' lang='lat' dir='ltr'><strong>hoc</strong></span> <span class='ocrx_word' id='word_1_58' title='bbox 815 853 956 928; x_wconf 89' lang='lat' dir='ltr'><strong>tempore</strong></span> <span class='ocrx_word' id='word_1_59' title='bbox 977 842 1075 907; x_wconf 87' lang='lat' dir='ltr'><strong>nihilo</strong></span> <span class='ocrx_word' id='word_1_60' title='bbox 1097 843 1195 928; x_wconf 76' lang='lat' dir='ltr'><strong>magis</strong></span> <span class='ocrx_word' id='word_1_61' title='bbox 1217 865 1277 929; x_wconf 80' lang='lat' dir='ltr'><strong>ego</strong></span> <span class='ocrx_word' id='word_1_62' title='bbox 1299 868 1391 932; x_wconf 89' lang='lat' dir='ltr'><strong>quam</strong></span> <span class='ocrx_word' id='word_1_63' title='bbox 1413 867 1469 911; x_wconf 86' lang='lat' dir='ltr'><strong>vos</strong></span> 
     </span>
     <span class='ocr_line' id='line_1_8' title="bbox 154 936 1470 1022; baseline 0.002 -21"><span class='ocrx_word' id='word_1_64' title='bbox 154 936 294 1003; x_wconf 90' lang='lat' dir='ltr'><strong>subsidio</strong></span> <span class='ocrx_word' id='word_1_65' title='bbox 314 936 452 1003; x_wconf 86' lang='lat' dir='ltr'><strong>Domitio</strong></span> <span class='ocrx_word' id='word_1_66' title='bbox 474 936 522 1002; x_wconf 86' lang='lat' dir='ltr'><strong>irc</strong></span> <span class='ocrx_word' id='word_1_67' title='bbox 543 937 678 1022; x_wconf 88' lang='lat' dir='ltr'><strong>possim,</strong></span> <span class='ocrx_word' id='word_1_68' title='bbox 701 941 784 1000; x_wconf 69' lang='lat' dir='ltr'><strong>“se</strong></span> <span class='ocrx_word' id='word_1_69' title='bbox 806 958 864 1022; x_wconf 93' lang='lat' dir='ltr'><strong>per</strong></span> <span class='ocrx_word' id='word_1_70' title='bbox 885 945 1005 1000; x_wconf 92' lang='lat' dir='ltr'><strong>montes</strong></span> <span class='ocrx_word' id='word_1_71' title='bbox 1028 937 1183 1022; x_wconf 85' lang='lat' dir='ltr'><strong>explicare</strong></span> <span class='ocrx_word' id='word_1_72' title='bbox 1192 946 1204 1013; x_wconf 87' lang='lat'><strong>&#39;;</strong></span> <span class='ocrx_word' id='word_1_73' title='bbox 1227 959 1290 1003; x_wconf 92' lang='lat' dir='ltr'><strong>non</strong></span> <span class='ocrx_word' id='word_1_74' title='bbox 1312 948 1358 1004; x_wconf 90' lang='lat' dir='ltr'><strong>est</strong></span> <span class='ocrx_word' id='word_1_75' title='bbox 1379 938 1470 1004; x_wconf 86' lang='lat' dir='ltr'><strong>nobis</strong></span> 
     </span>
     <span class='ocr_line' id='line_1_9' title="bbox 153 1029 1468 1115; baseline 0.002 -20"><span class='ocrx_word' id='word_1_76' title='bbox 153 1030 422 1109; x_wconf 90' lang='lat' dir='ltr'><strong>committendum,</strong></span> <span class='ocrx_word' id='word_1_77' title='bbox 453 1040 487 1096; x_wconf 90' lang='lat' dir='ltr'><strong>ut</strong></span> <span class='ocrx_word' id='word_1_78' title='bbox 511 1029 552 1096; x_wconf 92' lang='lat' dir='ltr'><strong>ad</strong></span> <span class='ocrx_word' id='word_1_79' title='bbox 573 1031 627 1095; x_wconf 92' lang='lat' dir='ltr'><strong>has</strong></span> <span class='ocrx_word' id='word_1_80' title='bbox 648 1051 721 1097; x_wconf 75' lang='lat' dir='ltr'><strong>nr.</strong></span> <span class='ocrx_word' id='word_1_81' title='bbox 743 1030 904 1104; x_wconf 86' lang='lat' dir='ltr'><strong>cobortes,</strong></span> <span class='ocrx_word' id='word_1_82' title='bbox 927 1051 1003 1115; x_wconf 89' lang='lat' dir='ltr'><strong>quas</strong></span> <span class='ocrx_word' id='word_1_83' title='bbox 1026 1050 1085 1114; x_wconf 84' lang='lat' dir='ltr'><strong>ego</strong></span> <span class='ocrx_word' id='word_1_84' title='bbox 1107 1029 1204 1094; x_wconf 92' lang='lat' dir='ltr'><strong>dubio</strong></span> <span class='ocrx_word' id='word_1_85' title='bbox 1226 1032 1331 1098; x_wconf 87' lang='lat' dir='ltr'><strong>animo</strong></span> <span class='ocrx_word' id='word_1_86' title='bbox 1353 1033 1468 1106; x_wconf 89' lang='lat' dir='ltr'><strong>habeo,</strong></span> 
     </span>
     <span class='ocr_line' id='line_1_10' title="bbox 155 1123 1469 1211; baseline 0.001 -23"><span class='ocrx_word' id='word_1_87' title='bbox 155 1123 251 1189; x_wconf 88' lang='lat' dir='ltr'><strong>bostis</strong></span> <span class='ocrx_word' id='word_1_88' title='bbox 272 1125 421 1190; x_wconf 89' lang='lat' dir='ltr'><strong>accedere</strong></span> <span class='ocrx_word' id='word_1_89' title='bbox 442 1136 496 1192; x_wconf 87' lang='lat' dir='ltr'><strong>aut</strong></span> <span class='ocrx_word' id='word_1_90' title='bbox 517 1126 548 1190; x_wconf 91' lang='lat' dir='ltr'><strong>in</strong></span> <span class='ocrx_word' id='word_1_91' title='bbox 570 1125 681 1190; x_wconf 90' lang='lat' dir='ltr'><strong>itinere</strong></span> <span class='ocrx_word' id='word_1_92' title='bbox 702 1145 753 1188; x_wconf 90' lang='lat' dir='ltr'><strong>me</strong></span> <span class='ocrx_word' id='word_1_93' title='bbox 775 1123 926 1209; x_wconf 88' lang='lat' dir='ltr'><strong>consequi</strong></span> <span class='ocrx_word' id='word_1_94' title='bbox 948 1124 1055 1208; x_wconf 90' lang='lat' dir='ltr'><strong>possit.</strong></span> <span class='ocrx_word' id='word_1_95' title='bbox 1109 1127 1140 1189; x_wconf 84' lang='grc'><strong>4.</strong></span> <span class='ocrx_word' id='word_1_96' title='bbox 1171 1123 1384 1202; x_wconf 80' lang='lat' dir='ltr'><strong>Quamobrem</strong></span> <span class='ocrx_word' id='word_1_97' title='bbox 1406 1127 1469 1211; x_wconf 90' lang='lat' dir='ltr'><strong>pla-</strong></span> 
     </span>
     <span class='ocr_line' id='line_1_11' title="bbox 154 1216 1507 1292; baseline 0.001 -10"><span class='ocrx_word' id='word_1_98' title='bbox 154 1217 249 1282; x_wconf 89' lang='lat' dir='ltr'><strong>citum</strong></span> <span class='ocrx_word' id='word_1_99' title='bbox 272 1226 319 1281; x_wconf 92' lang='lat' dir='ltr'><strong>est</strong></span> <span class='ocrx_word' id='word_1_100' title='bbox 339 1218 432 1292; x_wconf 89' lang='lat' dir='ltr'><strong>mihi,</strong></span> <span class='ocrx_word' id='word_1_101' title='bbox 462 1240 499 1283; x_wconf 91' lang='lat' dir='ltr'><strong>ac</strong></span> <span class='ocrx_word' id='word_1_102' title='bbox 520 1219 561 1283; x_wconf 90' lang='lat' dir='ltr'><strong>ita</strong></span> <span class='ocrx_word' id='word_1_103' title='bbox 583 1217 676 1284; x_wconf 84' lang='lat' dir='ltr'><strong>video</strong></span> <span class='ocrx_word' id='word_1_104' title='bbox 697 1217 818 1282; x_wconf 90' lang='lat' dir='ltr'><strong>censeri</strong></span> <span class='ocrx_word' id='word_1_105' title='bbox 848 1216 998 1282; x_wconf 90' lang='lat' dir='ltr'><strong>Marcello</strong></span> <span class='ocrx_word' id='word_1_106' title='bbox 1020 1224 1051 1282; x_wconf 94' lang='lat' dir='ltr'><strong>et</strong></span> <span class='ocrx_word' id='word_1_107' title='bbox 1072 1217 1183 1282; x_wconf 88' lang='lat' dir='ltr'><strong>ceteris</strong></span> <span class='ocrx_word' id='word_1_108' title='bbox 1214 1218 1312 1283; x_wconf 78' lang='lat' dir='ltr'><strong>nostri</strong></span> <span class='ocrx_word' id='word_1_109' title='bbox 1335 1219 1469 1290; x_wconf 90' lang='lat' dir='ltr'><strong>ordinis,</strong></span> <span class='ocrx_word' id='word_1_110' title='bbox 1483 1228 1507 1263; x_wconf 84' lang='lat'><strong>¹⁰</strong></span> 
     </span>
     <span class='ocr_line' id='line_1_12' title="bbox 153 1309 1469 1398; baseline 0.002 -23"><span class='ocrx_word' id='word_1_111' title='bbox 153 1310 207 1398; x_wconf 88' lang='lat' dir='ltr'><strong>qui</strong></span> <span class='ocrx_word' id='word_1_112' title='bbox 228 1309 278 1374; x_wconf 92' lang='lat' dir='ltr'><strong>btc</strong></span> <span class='ocrx_word' id='word_1_113' title='bbox 298 1319 389 1385; x_wconf 89' lang='lat' dir='ltr'><strong>sunt,</strong></span> <span class='ocrx_word' id='word_1_114' title='bbox 411 1320 448 1376; x_wconf 88' lang='lat' dir='ltr'><strong>ut</strong></span> <span class='ocrx_word' id='word_1_115' title='bbox 468 1311 670 1377; x_wconf 82' lang='lat' dir='ltr'><strong>Brundisium</strong></span> <span class='ocrx_word' id='word_1_116' title='bbox 690 1312 837 1377; x_wconf 83' lang='lat' dir='ltr'><strong>ducerem</strong></span> <span class='ocrx_word' id='word_1_117' title='bbox 853 1311 933 1375; x_wconf 87' lang='lat' dir='ltr'><strong>hanc</strong></span> <span class='ocrx_word' id='word_1_118' title='bbox 951 1311 1089 1394; x_wconf 86' lang='lat' dir='ltr'><strong>copiam,</strong></span> <span class='ocrx_word' id='word_1_119' title='bbox 1112 1332 1205 1396; x_wconf 88' lang='lat' dir='ltr'><strong>quam</strong></span> <span class='ocrx_word' id='word_1_120' title='bbox 1220 1331 1342 1377; x_wconf 91' lang='lat' dir='ltr'><strong>meeum</strong></span> <span class='ocrx_word' id='word_1_121' title='bbox 1357 1312 1469 1377; x_wconf 89' lang='lat' dir='ltr'><strong>babeo.</strong></span> 
     </span>
     <span class='ocr_line' id='line_1_13' title="bbox 152 1402 1470 1490; baseline 0 -20"><span class='ocrx_word' id='word_1_122' title='bbox 152 1409 216 1470; x_wconf 81' lang='lat' dir='ltr'><strong>Yos</strong></span> <span class='ocrx_word' id='word_1_123' title='bbox 239 1402 365 1477; x_wconf 90' lang='lat' dir='ltr'><strong>hortor,</strong></span> <span class='ocrx_word' id='word_1_124' title='bbox 388 1413 424 1469; x_wconf 91' lang='lat' dir='ltr'><strong>ut</strong></span> <span class='ocrx_word' id='word_1_125' title='bbox 444 1405 653 1490; x_wconf 88' lang='lat' dir='ltr'><strong>quodcunque</strong></span> <span class='ocrx_word' id='word_1_126' title='bbox 674 1405 808 1469; x_wconf 91' lang='lat' dir='ltr'><strong>militum</strong></span> <span class='ocrx_word' id='word_1_127' title='bbox 835 1402 1020 1469; x_wconf 79' lang='lat' dir='ltr'><strong>contrahere</strong></span> <span class='ocrx_word' id='word_1_128' title='bbox 1042 1405 1206 1490; x_wconf 91' lang='lat' dir='ltr'><strong>poteritis,</strong></span> <span class='ocrx_word' id='word_1_129' title='bbox 1229 1404 1418 1470; x_wconf 75' lang='lat' dir='ltr'><strong>conuabatis</strong></span> <span class='ocrx_word' id='word_1_130' title='bbox 1439 1415 1470 1470; x_wconf 89' lang='lat' dir='ltr'><strong>et</strong></span> 
     </span>
     <span class='ocr_line' id='line_1_14' title="bbox 153 1497 1468 1584; baseline 0.002 -24"><span class='ocrx_word' id='word_1_131' title='bbox 153 1497 274 1570; x_wconf 90' lang='lat' dir='ltr'><strong>eodem,</strong></span> <span class='ocrx_word' id='word_1_132' title='bbox 295 1497 507 1573; x_wconf 88' lang='lat' dir='ltr'><strong>Brundisium,</strong></span> <span class='ocrx_word' id='word_1_133' title='bbox 528 1498 659 1562; x_wconf 86' lang='lat' dir='ltr'><strong>veniatis</strong></span> <span class='ocrx_word' id='word_1_134' title='bbox 681 1519 775 1584; x_wconf 91' lang='lat' dir='ltr'><strong>quam</strong></span> <span class='ocrx_word' id='word_1_135' title='bbox 795 1503 941 1584; x_wconf 89' lang='lat' dir='ltr'><strong>primum.</strong></span> <span class='ocrx_word' id='word_1_136' title='bbox 988 1503 1091 1573; x_wconf 80' lang='lat' dir='ltr'><strong>druia,</strong></span> <span class='ocrx_word' id='word_1_137' title='bbox 1113 1520 1194 1584; x_wconf 87' lang='lat' dir='ltr'><strong>quac</strong></span> <span class='ocrx_word' id='word_1_138' title='bbox 1215 1497 1255 1562; x_wconf 89' lang='lat' dir='ltr'><strong>ad</strong></span> <span class='ocrx_word' id='word_1_139' title='bbox 1278 1517 1328 1561; x_wconf 89' lang='lat' dir='ltr'><strong>me</strong></span> <span class='ocrx_word' id='word_1_140' title='bbox 1343 1499 1468 1563; x_wconf 88' lang='lat' dir='ltr'><strong>missuri</strong></span> 
     </span>
     <span class='ocr_line' id='line_1_15' title="bbox 153 1591 1467 1676; baseline 0.002 -23"><span class='ocrx_word' id='word_1_141' title='bbox 153 1591 265 1664; x_wconf 85' lang='lat' dir='ltr'><strong>eratis,</strong></span> <span class='ocrx_word' id='word_1_142' title='bbox 288 1591 340 1666; x_wconf 89' lang='lat' dir='ltr'><strong>iis,</strong></span> <span class='ocrx_word' id='word_1_143' title='bbox 362 1611 490 1665; x_wconf 88' lang='lat' dir='ltr'><strong>censeo,</strong></span> <span class='ocrx_word' id='word_1_144' title='bbox 513 1593 640 1657; x_wconf 88' lang='lat' dir='ltr'><strong>armetis</strong></span> <span class='ocrx_word' id='word_1_145' title='bbox 660 1592 790 1666; x_wconf 87' lang='lat' dir='ltr'><strong>milites,</strong></span> <span class='ocrx_word' id='word_1_146' title='bbox 813 1612 893 1676; x_wconf 88' lang='lat' dir='ltr'><strong>quos</strong></span> <span class='ocrx_word' id='word_1_147' title='bbox 915 1591 1077 1657; x_wconf 89' lang='lat' dir='ltr'><strong>vobiscum</strong></span> <span class='ocrx_word' id='word_1_148' title='bbox 1099 1592 1229 1658; x_wconf 87' lang='lat' dir='ltr'><strong>habetis.</strong></span> <span class='ocrx_word' id='word_1_149' title='bbox 1273 1595 1360 1669; x_wconf 87' lang='lat' dir='ltr'><strong>Quae</strong></span> <span class='ocrx_word' id='word_1_150' title='bbox 1382 1612 1467 1656; x_wconf 87' lang='lat' dir='ltr'><strong>arma</strong></span> 
     </span>
     <span class='ocr_line' id='line_1_16' title="bbox 152 1683 1505 1771; baseline 0.003 -25"><span class='ocrx_word' id='word_1_151' title='bbox 152 1683 367 1766; x_wconf 89' lang='lat' dir='ltr'><strong>superabunt,</strong></span> <span class='ocrx_word' id='word_1_152' title='bbox 396 1706 433 1750; x_wconf 89' lang='lat' dir='ltr'><strong>ea</strong></span> <span class='ocrx_word' id='word_1_153' title='bbox 469 1686 496 1751; x_wconf 90' lang='lat' dir='ltr'><strong>si</strong></span> <span class='ocrx_word' id='word_1_154' title='bbox 526 1685 726 1752; x_wconf 89' lang='lat' dir='ltr'><strong>Brundisium</strong></span> <span class='ocrx_word' id='word_1_155' title='bbox 758 1685 904 1750; x_wconf 85' lang='lat' dir='ltr'><strong>iumentis</strong></span> <span class='ocrx_word' id='word_1_156' title='bbox 934 1685 1156 1771; x_wconf 73' lang='lat' dir='ltr'><strong>deportamus,</strong></span> <span class='ocrx_word' id='word_1_157' title='bbox 1193 1684 1394 1749; x_wconf 86' lang='lat' dir='ltr'><strong>vehementer</strong></span> <span class='ocrx_word' id='word_1_158' title='bbox 1421 1691 1466 1750; x_wconf 87' lang='lat' dir='ltr'><strong>rei</strong></span> <span class='ocrx_word' id='word_1_159' title='bbox 1481 1695 1505 1731; x_wconf 71' lang='lat'><strong>¹⁵</strong></span> 
     </span>
     <span class='ocr_line' id='line_1_17' title="bbox 152 1775 1467 1865; baseline 0.001 -24"><span class='ocrx_word' id='word_1_160' title='bbox 152 1775 294 1861; x_wconf 89' lang='lat' dir='ltr'><strong>publicae</strong></span> <span class='ocrx_word' id='word_1_161' title='bbox 322 1779 515 1865; x_wconf 87' lang='lat' dir='ltr'><strong>prolueritis.</strong></span> <span class='ocrx_word' id='word_1_162' title='bbox 565 1784 613 1845; x_wconf 81' lang='lat' dir='ltr'><strong>lte</strong></span> <span class='ocrx_word' id='word_1_163' title='bbox 644 1779 701 1844; x_wconf 91' lang='lat' dir='ltr'><strong>hac</strong></span> <span class='ocrx_word' id='word_1_164' title='bbox 721 1800 757 1844; x_wconf 91' lang='lat' dir='ltr'><strong>re</strong></span> <span class='ocrx_word' id='word_1_165' title='bbox 784 1779 877 1843; x_wconf 85' lang='lat' dir='ltr'><strong>velim</strong></span> <span class='ocrx_word' id='word_1_166' title='bbox 906 1791 1032 1845; x_wconf 89' lang='lat' dir='ltr'><strong>nostros</strong></span> <span class='ocrx_word' id='word_1_167' title='bbox 1061 1781 1212 1846; x_wconf 86' lang='lat' dir='ltr'><strong>certiores</strong></span> <span class='ocrx_word' id='word_1_168' title='bbox 1233 1776 1369 1843; x_wconf 80' lang='lat' dir='ltr'><strong>iacietis:</strong></span> <span class='ocrx_word' id='word_1_169' title='bbox 1407 1799 1467 1862; x_wconf 79' lang='lat' dir='ltr'><strong>ego</strong></span> 
     </span>
     <span class='ocr_line' id='line_1_18' title="bbox 151 1869 1467 1959; baseline 0.004 -27"><span class='ocrx_word' id='word_1_170' title='bbox 151 1869 189 1933; x_wconf 94' lang='lat' dir='ltr'><strong>ad</strong></span> <span class='ocrx_word' id='word_1_171' title='bbox 212 1875 244 1934; x_wconf 88' lang='lat' dir='ltr'><strong>P.</strong></span> <span class='ocrx_word' id='word_1_172' title='bbox 267 1875 389 1956; x_wconf 85' lang='lat' dir='ltr'><strong>Lupum</strong></span> <span class='ocrx_word' id='word_1_173' title='bbox 411 1884 442 1939; x_wconf 91' lang='lat' dir='ltr'><strong>ct</strong></span> <span class='ocrx_word' id='word_1_174' title='bbox 464 1878 498 1941; x_wconf 90' lang='lat' dir='ltr'><strong>C.</strong></span> <span class='ocrx_word' id='word_1_175' title='bbox 520 1873 694 1958; x_wconf 87' lang='lat' dir='ltr'><strong>Coponium</strong></span> <span class='ocrx_word' id='word_1_176' title='bbox 717 1883 878 1959; x_wconf 85' lang='lat' dir='ltr'><strong>praetores</strong></span> <span class='ocrx_word' id='word_1_177' title='bbox 900 1873 986 1947; x_wconf 89' lang='lat' dir='ltr'><strong>misi,</strong></span> <span class='ocrx_word' id='word_1_178' title='bbox 1019 1884 1054 1939; x_wconf 93' lang='lat' dir='ltr'><strong>ut</strong></span> <span class='ocrx_word' id='word_1_179' title='bbox 1074 1895 1108 1939; x_wconf 90' lang='lat' dir='ltr'><strong>se</strong></span> <span class='ocrx_word' id='word_1_180' title='bbox 1130 1871 1221 1939; x_wconf 88' lang='lat' dir='ltr'><strong>vobis</strong></span> <span class='ocrx_word' id='word_1_181' title='bbox 1241 1871 1467 1958; x_wconf 81' lang='lat' dir='ltr'><strong>coniungerent</strong></span> 
     </span>
     <span class='ocr_line' id='line_1_19' title="bbox 151 1964 1010 2052; baseline 0.006 -26"><span class='ocrx_word' id='word_1_182' title='bbox 151 1971 199 2036; x_wconf 87' lang='lat' dir='ltr'><strong>ct,</strong></span> <span class='ocrx_word' id='word_1_183' title='bbox 221 1964 353 2030; x_wconf 91' lang='lat' dir='ltr'><strong>militum</strong></span> <span class='ocrx_word' id='word_1_184' title='bbox 376 1967 460 2052; x_wconf 91' lang='lat' dir='ltr'><strong>quod</strong></span> <span class='ocrx_word' id='word_1_185' title='bbox 482 1966 649 2042; x_wconf 89' lang='lat' dir='ltr'><strong>baberent,</strong></span> <span class='ocrx_word' id='word_1_186' title='bbox 671 1966 710 2031; x_wconf 85' lang='lat' dir='ltr'><strong>sd</strong></span> <span class='ocrx_word' id='word_1_187' title='bbox 731 1987 788 2033; x_wconf 83' lang='lat' dir='ltr'><strong>ros</strong></span> <span class='ocrx_word' id='word_1_188' title='bbox 809 1965 1010 2031; x_wconf 85' lang='lat' dir='ltr'><strong>deducerent.</strong></span> 
     </span>
    </p>
   </div>
   <div class='ocr_carea' id='block_1_3' title="bbox 790 2122 814 2183">
    <p class='ocr_par' dir='ltr' id='par_1_3' title="bbox 790 2122 814 2183">
     <span class='ocr_line' id='line_1_20' title="bbox 790 2122 814 2183; baseline 0 0"><span class='ocrx_word' id='word_1_189' title='bbox 790 2122 814 2183; x_wconf 90' lang='lat' dir='ltr'><strong>B</strong></span> 
     </span>
    </p>
   </div>
   <div class='ocr_carea' id='block_1_4' title="bbox 318 2238 1504 2309">
    <p class='ocr_par' dir='ltr' id='par_1_4' title="bbox 318 2238 1504 2309">
     <span class='ocr_line' id='line_1_21' title="bbox 318 2238 1504 2309; baseline -0.003 -7"><span class='ocrx_word' id='word_1_190' title='bbox 318 2239 378 2306; x_wconf 84' lang='lat' dir='ltr'><strong>CN.</strong></span> <span class='ocrx_word' id='word_1_191' title='bbox 399 2242 556 2305; x_wconf 78' lang='lat' dir='ltr'><strong>MAGNUS</strong></span> <span class='ocrx_word' id='word_1_192' title='bbox 580 2242 744 2307; x_wconf 82' lang='lat' dir='ltr'><strong>PROCOS.</strong></span> <span class='ocrx_word' id='word_1_193' title='bbox 767 2243 797 2304; x_wconf 89' lang='lat' dir='ltr'><strong>S.</strong></span> <span class='ocrx_word' id='word_1_194' title='bbox 820 2244 858 2309; x_wconf 89' lang='lat' dir='ltr'><strong>l).</strong></span> <span class='ocrx_word' id='word_1_195' title='bbox 879 2244 914 2305; x_wconf 88' lang='lat' dir='ltr'><strong>L.</strong></span> <span class='ocrx_word' id='word_1_196' title='bbox 936 2238 1107 2304; x_wconf 80' lang='lat' dir='ltr'>DOMITIO</span> <span class='ocrx_word' id='word_1_197' title='bbox 1132 2239 1297 2307; x_wconf 81' lang='lat' dir='ltr'><strong>Puocos.</strong></span> <span class='ocrx_word' id='word_1_198' title='bbox 1476 2243 1504 2284; x_wconf 66' lang='lat'><strong>&#39;2⁰</strong></span> 
     </span>
    </p>
   </div>
   <div class='ocr_carea' id='block_1_5' title="bbox 149 2348 1466 2718">
    <p class='ocr_par' dir='ltr' id='par_1_5' title="bbox 149 2348 1466 2718">
     <span class='ocr_line' id='line_1_22' title="bbox 235 2348 1466 2436; baseline 0.004 -25"><span class='ocrx_word' id='word_1_199' title='bbox 235 2352 264 2412; x_wconf 93' lang='lat'><strong>1.</strong></span> <span class='ocrx_word' id='word_1_200' title='bbox 291 2349 392 2413; x_wconf 90' lang='lat' dir='ltr'><strong>Miror</strong></span> <span class='ocrx_word' id='word_1_201' title='bbox 418 2358 448 2413; x_wconf 92' lang='lat' dir='ltr'><strong>te</strong></span> <span class='ocrx_word' id='word_1_202' title='bbox 475 2350 513 2415; x_wconf 90' lang='lat' dir='ltr'><strong>ad</strong></span> <span class='ocrx_word' id='word_1_203' title='bbox 544 2373 594 2415; x_wconf 89' lang='lat' dir='ltr'><strong>me</strong></span> <span class='ocrx_word' id='word_1_204' title='bbox 621 2351 698 2416; x_wconf 89' lang='lat' dir='ltr'><strong>nihil</strong></span> <span class='ocrx_word' id='word_1_205' title='bbox 723 2350 863 2417; x_wconf 89' lang='lat' dir='ltr'><strong>scribere</strong></span> <span class='ocrx_word' id='word_1_206' title='bbox 889 2359 919 2415; x_wconf 93' lang='lat' dir='ltr'><strong>et</strong></span> <span class='ocrx_word' id='word_1_207' title='bbox 940 2351 1045 2436; x_wconf 88' lang='lat' dir='ltr'><strong>potius</strong></span> <span class='ocrx_word' id='word_1_208' title='bbox 1067 2348 1106 2414; x_wconf 89' lang='lat' dir='ltr'><strong>ab</strong></span> <span class='ocrx_word' id='word_1_209' title='bbox 1128 2350 1197 2415; x_wconf 90' lang='lat' dir='ltr'><strong>aliis</strong></span> <span class='ocrx_word' id='word_1_210' title='bbox 1218 2371 1312 2433; x_wconf 83' lang='lat' dir='ltr'><strong>quam</strong></span> <span class='ocrx_word' id='word_1_211' title='bbox 1334 2371 1352 2414; x_wconf 92' lang='lat' dir='ltr'><strong>a</strong></span> <span class='ocrx_word' id='word_1_212' title='bbox 1373 2359 1405 2415; x_wconf 92' lang='lat' dir='ltr'><strong>te</strong></span> <span class='ocrx_word' id='word_1_213' title='bbox 1428 2351 1466 2416; x_wconf 93' lang='lat' dir='ltr'><strong>de</strong></span> 
     </span>
     <span class='ocr_line' id='line_1_23' title="bbox 149 2440 1466 2528; baseline 0.005 -24"><span class='ocrx_word' id='word_1_214' title='bbox 149 2461 184 2505; x_wconf 90' lang='lat' dir='ltr'><strong>re</strong></span> <span class='ocrx_word' id='word_1_215' title='bbox 216 2440 340 2525; x_wconf 90' lang='lat' dir='ltr'><strong>publiea</strong></span> <span class='ocrx_word' id='word_1_216' title='bbox 361 2463 411 2507; x_wconf 93' lang='lat' dir='ltr'><strong>me</strong></span> <span class='ocrx_word' id='word_1_217' title='bbox 444 2444 610 2509; x_wconf 90' lang='lat' dir='ltr'><strong>certiorem</strong></span> <span class='ocrx_word' id='word_1_218' title='bbox 642 2445 721 2510; x_wconf 85' lang='lat' dir='ltr'><strong>lieri.</strong></span> <span class='ocrx_word' id='word_1_219' title='bbox 765 2449 842 2518; x_wconf 89' lang='lat' dir='ltr'><strong>Nos,</strong></span> <span class='ocrx_word' id='word_1_220' title='bbox 866 2443 993 2508; x_wconf 90' lang='lat' dir='ltr'><strong>disiecta</strong></span> <span class='ocrx_word' id='word_1_221' title='bbox 1022 2464 1136 2518; x_wconf 90' lang='lat' dir='ltr'><strong>manu,</strong></span> <span class='ocrx_word' id='word_1_222' title='bbox 1173 2463 1264 2528; x_wconf 88' lang='lat' dir='ltr'><strong>pares</strong></span> <span class='ocrx_word' id='word_1_223' title='bbox 1285 2445 1466 2511; x_wconf 85' lang='lat' dir='ltr'><strong>adversario</strong></span> 
     </span>
     <span class='ocr_line' id='line_1_24' title="bbox 149 2537 1465 2622; baseline 0.005 -26"><span class='ocrx_word' id='word_1_224' title='bbox 149 2555 217 2598; x_wconf 92' lang='lat' dir='ltr'><strong>esse</strong></span> <span class='ocrx_word' id='word_1_225' title='bbox 239 2554 302 2598; x_wconf 93' lang='lat' dir='ltr'><strong>non</strong></span> <span class='ocrx_word' id='word_1_226' title='bbox 323 2556 506 2620; x_wconf 88' lang='lat' dir='ltr'><strong>possumus;</strong></span> <span class='ocrx_word' id='word_1_227' title='bbox 536 2541 701 2604; x_wconf 89' lang='lat' dir='ltr'><strong>contractis</strong></span> <span class='ocrx_word' id='word_1_228' title='bbox 723 2538 838 2604; x_wconf 91' lang='lat' dir='ltr'><strong>nostris</strong></span> <span class='ocrx_word' id='word_1_229' title='bbox 859 2537 977 2622; x_wconf 88' lang='lat' dir='ltr'><strong>copiis,</strong></span> <span class='ocrx_word' id='word_1_230' title='bbox 1007 2556 1101 2621; x_wconf 88' lang='lat' dir='ltr'><strong>spero</strong></span> <span class='ocrx_word' id='word_1_231' title='bbox 1123 2557 1179 2600; x_wconf 90' lang='lat' dir='ltr'><strong>nos</strong></span> <span class='ocrx_word' id='word_1_232' title='bbox 1201 2546 1233 2600; x_wconf 88' lang='lat' dir='ltr'><strong>et</strong></span> <span class='ocrx_word' id='word_1_233' title='bbox 1253 2537 1300 2601; x_wconf 92' lang='lat' dir='ltr'><strong>rei</strong></span> <span class='ocrx_word' id='word_1_234' title='bbox 1321 2537 1465 2622; x_wconf 85' lang='lat' dir='ltr'><strong>publicae</strong></span> 
     </span>
     <span class='ocr_line' id='line_1_25' title="bbox 150 2629 1464 2718; baseline 0.007 -29"><span class='ocrx_word' id='word_1_235' title='bbox 150 2636 180 2690; x_wconf 94' lang='lat' dir='ltr'><strong>ct</strong></span> <span class='ocrx_word' id='word_1_236' title='bbox 203 2632 359 2691; x_wconf 91' lang='lat' dir='ltr'><strong>communi</strong></span> <span class='ocrx_word' id='word_1_237' title='bbox 382 2630 473 2694; x_wconf 89' lang='lat' dir='ltr'><strong>saluti</strong></span> <span class='ocrx_word' id='word_1_238' title='bbox 501 2631 651 2716; x_wconf 88' lang='lat' dir='ltr'><strong>prodesse</strong></span> <span class='ocrx_word' id='word_1_239' title='bbox 676 2652 779 2718; x_wconf 89' lang='lat' dir='ltr'><strong>posse.</strong></span> <span class='ocrx_word' id='word_1_240' title='bbox 837 2629 1051 2709; x_wconf 89' lang='lat' dir='ltr'><strong>Quamobrem</strong></span> <span class='ocrx_word' id='word_1_241' title='bbox 1073 2651 1142 2694; x_wconf 89' lang='lat' dir='ltr'><strong>cum</strong></span> <span class='ocrx_word' id='word_1_242' title='bbox 1165 2631 1394 2707; x_wconf 88' lang='lat' dir='ltr'><strong>constituisses,</strong></span> <span class='ocrx_word' id='word_1_243' title='bbox 1431 2645 1464 2698; x_wconf 92' lang='lat' dir='ltr'><strong>ut</strong></span> 
     </span>
    </p>
   </div>
   <div class='ocr_carea' id='block_1_6' title="bbox 85 2717 1501 3371">
    <p class='ocr_par' dir='ltr' id='par_1_6' title="bbox 85 2717 1501 3371">
     <span class='ocr_line' id='line_1_26' title="bbox 85 2717 1501 2809; baseline 0.003 -24"><span class='ocrx_word' id='word_1_244' title='bbox 85 2792 87 2800; x_wconf 37' lang='grc'><strong>,</strong></span> <span class='ocrx_word' id='word_1_245' title='bbox 148 2717 303 2785; x_wconf 83' lang='lat' dir='ltr'><strong>Vibullius</strong></span> <span class='ocrx_word' id='word_1_246' title='bbox 325 2721 399 2786; x_wconf 89' lang='lat' dir='ltr'><strong>mihi</strong></span> <span class='ocrx_word' id='word_1_247' title='bbox 421 2724 604 2809; x_wconf 87' lang='lat' dir='ltr'><strong>scripserat,</strong></span> <span class='ocrx_word' id='word_1_248' title='bbox 638 2747 665 2790; x_wconf 90' lang='lat' dir='ltr'><strong>a.</strong></span> <span class='ocrx_word' id='word_1_249' title='bbox 689 2725 719 2790; x_wconf 87' lang='lat' dir='ltr'><strong>d.</strong></span> <span class='ocrx_word' id='word_1_250' title='bbox 741 2745 774 2790; x_wconf 90' lang='lat' dir='ltr'><strong>v.</strong></span> <span class='ocrx_word' id='word_1_251' title='bbox 796 2724 842 2789; x_wconf 95' lang='lat' dir='ltr'><strong>ld.</strong></span> <span class='ocrx_word' id='word_1_252' title='bbox 863 2723 953 2789; x_wconf 90' lang='lat' dir='ltr'><strong>Febr.</strong></span> <span class='ocrx_word' id='word_1_253' title='bbox 977 2723 1114 2789; x_wconf 87' lang='lat' dir='ltr'><strong>Corfinio</strong></span> <span class='ocrx_word' id='word_1_254' title='bbox 1135 2723 1292 2809; x_wconf 87' lang='lat' dir='ltr'><strong>proticisci</strong></span> <span class='ocrx_word' id='word_1_255' title='bbox 1314 2745 1384 2789; x_wconf 88' lang='lat' dir='ltr'><strong>cum</strong></span> <span class='ocrx_word' id='word_1_256' title='bbox 1408 2736 1501 2789; x_wconf 74' lang='lat' dir='ltr'><strong>err-‘2⁵</strong></span> 
     </span>
     <span class='ocr_line' id='line_1_27' title="bbox 148 2812 1461 2904; baseline 0.006 -29"><span class='ocrx_word' id='word_1_257' title='bbox 148 2812 247 2876; x_wconf 90' lang='lat' dir='ltr'><strong>ercitu</strong></span> <span class='ocrx_word' id='word_1_258' title='bbox 277 2813 368 2878; x_wconf 89' lang='lat' dir='ltr'><strong>etad</strong></span> <span class='ocrx_word' id='word_1_259' title='bbox 394 2836 444 2880; x_wconf 89' lang='lat' dir='ltr'><strong>mc</strong></span> <span class='ocrx_word' id='word_1_260' title='bbox 474 2818 597 2892; x_wconf 90' lang='lat' dir='ltr'><strong>venire,</strong></span> <span class='ocrx_word' id='word_1_261' title='bbox 630 2818 745 2891; x_wconf 92' lang='lat' dir='ltr'><strong>miror,</strong></span> <span class='ocrx_word' id='word_1_262' title='bbox 779 2818 856 2904; x_wconf 88' lang='lat' dir='ltr'><strong>quid</strong></span> <span class='ocrx_word' id='word_1_263' title='bbox 884 2839 995 2882; x_wconf 91' lang='lat' dir='ltr'><strong>causae</strong></span> <span class='ocrx_word' id='word_1_264' title='bbox 1022 2817 1134 2889; x_wconf 84' lang='lat' dir='ltr'><strong>luerit,</strong></span> <span class='ocrx_word' id='word_1_265' title='bbox 1172 2839 1269 2903; x_wconf 87' lang='lat' dir='ltr'><strong>quare</strong></span> <span class='ocrx_word' id='word_1_266' title='bbox 1297 2818 1461 2885; x_wconf 89' lang='lat' dir='ltr'><strong>consilium</strong></span> 
     </span>
     <span class='ocr_line' id='line_1_28' title="bbox 148 2905 1462 2996; baseline 0.006 -28"><span class='ocrx_word' id='word_1_267' title='bbox 148 2905 287 2970; x_wconf 89' lang='lat' dir='ltr'><strong>mutaris.</strong></span> <span class='ocrx_word' id='word_1_268' title='bbox 334 2912 410 2971; x_wconf 88' lang='lat' dir='ltr'><strong>Nam</strong></span> <span class='ocrx_word' id='word_1_269' title='bbox 440 2909 492 2974; x_wconf 92' lang='lat' dir='ltr'><strong>illa</strong></span> <span class='ocrx_word' id='word_1_270' title='bbox 514 2930 623 2985; x_wconf 89' lang='lat' dir='ltr'><strong>causa,</strong></span> <span class='ocrx_word' id='word_1_271' title='bbox 656 2932 749 2996; x_wconf 88' lang='lat' dir='ltr'><strong>quam</strong></span> <span class='ocrx_word' id='word_1_272' title='bbox 778 2910 853 2975; x_wconf 89' lang='lat' dir='ltr'><strong>mihi</strong></span> <span class='ocrx_word' id='word_1_273' title='bbox 883 2910 1037 2978; x_wconf 90' lang='lat' dir='ltr'><strong>Vibullius</strong></span> <span class='ocrx_word' id='word_1_274' title='bbox 1066 2910 1190 2986; x_wconf 86' lang='lat' dir='ltr'><strong>scribit,</strong></span> <span class='ocrx_word' id='word_1_275' title='bbox 1227 2911 1303 2975; x_wconf 86' lang='lat' dir='ltr'><strong>levis</strong></span> <span class='ocrx_word' id='word_1_276' title='bbox 1333 2921 1394 2984; x_wconf 85' lang='lat' dir='ltr'><strong>est,</strong></span> <span class='ocrx_word' id='word_1_277' title='bbox 1432 2921 1462 2976; x_wconf 91' lang='lat' dir='ltr'><strong>te</strong></span> 
     </span>
     <span class='ocr_line' id='line_1_29' title="bbox 147 3003 1460 3089; baseline 0.008 -30"><span class='ocrx_word' id='word_1_278' title='bbox 147 3007 314 3082; x_wconf 87' lang='lat' dir='ltr'><strong>propterea</strong></span> <span class='ocrx_word' id='word_1_279' title='bbox 335 3012 489 3068; x_wconf 87' lang='lat' dir='ltr'><strong>moratum</strong></span> <span class='ocrx_word' id='word_1_280' title='bbox 511 3024 598 3077; x_wconf 88' lang='lat' dir='ltr'><strong>esse,</strong></span> <span class='ocrx_word' id='word_1_281' title='bbox 627 3003 712 3089; x_wconf 89' lang='lat' dir='ltr'><strong>quod</strong></span> <span class='ocrx_word' id='word_1_282' title='bbox 733 3004 871 3069; x_wconf 88' lang='lat' dir='ltr'><strong>audieris</strong></span> <span class='ocrx_word' id='word_1_283' title='bbox 893 3008 1056 3069; x_wconf 86' lang='lat' dir='ltr'><strong>Caesarem</strong></span> <span class='ocrx_word' id='word_1_284' title='bbox 1078 3003 1184 3068; x_wconf 89' lang='lat' dir='ltr'><strong>Firmo</strong></span> <span class='ocrx_word' id='word_1_285' title='bbox 1205 3024 1406 3088; x_wconf 79' lang='lat' dir='ltr'><strong>progressum</strong></span> <span class='ocrx_word' id='word_1_286' title='bbox 1429 3006 1460 3070; x_wconf 89' lang='lat' dir='ltr'><strong>in</strong></span> 
     </span>
     <span class='ocr_line' id='line_1_30' title="bbox 147 3095 1461 3182; baseline 0.004 -25"><span class='ocrx_word' id='word_1_287' title='bbox 147 3095 288 3158; x_wconf 87' lang='lat' dir='ltr'><strong>Castrum</strong></span> <span class='ocrx_word' id='word_1_288' title='bbox 310 3095 514 3161; x_wconf 90' lang='lat' dir='ltr'><strong>Truentinum</strong></span> <span class='ocrx_word' id='word_1_289' title='bbox 535 3098 668 3163; x_wconf 82' lang='lat' dir='ltr'><strong>venisse.</strong></span> <span class='ocrx_word' id='word_1_290' title='bbox 711 3101 836 3177; x_wconf 85' lang='lat' dir='ltr'><strong>Quanto</strong></span> <span class='ocrx_word' id='word_1_291' title='bbox 859 3099 941 3163; x_wconf 88' lang='lat' dir='ltr'><strong>enirn</strong></span> <span class='ocrx_word' id='word_1_292' title='bbox 963 3096 1061 3181; x_wconf 82' lang='lat' dir='ltr'><strong>magis</strong></span> <span class='ocrx_word' id='word_1_293' title='bbox 1078 3097 1329 3182; x_wconf 91' lang='lat' dir='ltr'><strong>appropinquare</strong></span> <span class='ocrx_word' id='word_1_294' title='bbox 1350 3097 1461 3163; x_wconf 86' lang='lat' dir='ltr'><strong>adver-</strong></span> 
     </span>
     <span class='ocr_line' id='line_1_31' title="bbox 147 3186 1497 3276; baseline 0.001 -28"><span class='ocrx_word' id='word_1_295' title='bbox 147 3186 247 3250; x_wconf 90' lang='lat' dir='ltr'><strong>sarius</strong></span> <span class='ocrx_word' id='word_1_296' title='bbox 268 3187 385 3272; x_wconf 87' lang='lat' dir='ltr'><strong>coepit,</strong></span> <span class='ocrx_word' id='word_1_297' title='bbox 409 3209 448 3253; x_wconf 90' lang='lat' dir='ltr'><strong>eo</strong></span> <span class='ocrx_word' id='word_1_298' title='bbox 471 3188 527 3254; x_wconf 90' lang='lat' dir='ltr'><strong>tibi</strong></span> <span class='ocrx_word' id='word_1_299' title='bbox 548 3190 680 3256; x_wconf 89' lang='lat' dir='ltr'><strong>celerius</strong></span> <span class='ocrx_word' id='word_1_300' title='bbox 702 3191 856 3276; x_wconf 83' lang='lat' dir='ltr'><strong>agendum</strong></span> <span class='ocrx_word' id='word_1_301' title='bbox 880 3201 962 3266; x_wconf 88' lang='lat' dir='ltr'><strong>crat,</strong></span> <span class='ocrx_word' id='word_1_302' title='bbox 991 3199 1027 3255; x_wconf 92' lang='lat' dir='ltr'><strong>ut</strong></span> <span class='ocrx_word' id='word_1_303' title='bbox 1048 3199 1078 3255; x_wconf 90' lang='lat' dir='ltr'><strong>te</strong></span> <span class='ocrx_word' id='word_1_304' title='bbox 1099 3211 1222 3254; x_wconf 88' lang='lat' dir='ltr'><strong>mecum</strong></span> <span class='ocrx_word' id='word_1_305' title='bbox 1244 3191 1497 3275; x_wconf 73' lang='lat' dir='ltr'><strong>coniungeressu</strong></span> 
     </span>
     <span class='ocr_line' id='line_1_32' title="bbox 146 3279 1461 3371; baseline 0.006 -29"><span class='ocrx_word' id='word_1_306' title='bbox 146 3279 327 3365; x_wconf 91' lang='lat' dir='ltr'><strong>priusquam</strong></span> <span class='ocrx_word' id='word_1_307' title='bbox 351 3285 465 3347; x_wconf 87' lang='lat' dir='ltr'><strong>Caesar</strong></span> <span class='ocrx_word' id='word_1_308' title='bbox 486 3292 538 3348; x_wconf 91' lang='lat' dir='ltr'><strong>aut</strong></span> <span class='ocrx_word' id='word_1_309' title='bbox 559 3293 646 3349; x_wconf 92' lang='lat' dir='ltr'><strong>tuum</strong></span> <span class='ocrx_word' id='word_1_310' title='bbox 669 3285 729 3350; x_wconf 92' lang='lat' dir='ltr'><strong>iter</strong></span> <span class='ocrx_word' id='word_1_311' title='bbox 750 3285 903 3371; x_wconf 87' lang='lat' dir='ltr'><strong>impedire</strong></span> <span class='ocrx_word' id='word_1_312' title='bbox 925 3295 978 3350; x_wconf 91' lang='lat' dir='ltr'><strong>aut</strong></span> <span class='ocrx_word' id='word_1_313' title='bbox 999 3306 1049 3348; x_wconf 92' lang='lat' dir='ltr'><strong>me</strong></span> <span class='ocrx_word' id='word_1_314' title='bbox 1070 3282 1127 3348; x_wconf 89' lang='lat' dir='ltr'><strong>abs</strong></span> <span class='ocrx_word' id='word_1_315' title='bbox 1149 3292 1178 3347; x_wconf 91' lang='lat' dir='ltr'><strong>te</strong></span> <span class='ocrx_word' id='word_1_316' title='bbox 1199 3283 1367 3349; x_wconf 82' lang='lat' dir='ltr'><strong>excludere</strong></span> <span class='ocrx_word' id='word_1_317' title='bbox 1388 3306 1461 3370; x_wconf 90' lang='lat' dir='ltr'><strong>pos·</strong></span> 
     </span>
    </p>
   </div>
   <div class='ocr_carea' id='block_1_7' title="bbox 140 3495 1458 4895">
    <p class='ocr_par' dir='ltr' id='par_1_7' title="bbox 140 3495 1458 4895">
     <span class='ocr_line' id='line_1_33' title="bbox 215 3495 1458 3568; baseline 0.005 -22"><span class='ocrx_word' id='word_1_318' title='bbox 215 3497 241 3546; x_wconf 82' lang='lat'><strong>3.</strong></span> <span class='ocrx_word' id='word_1_319' title='bbox 262 3495 296 3560; x_wconf 86' lang='lat' dir='ltr'><strong>et]</strong></span> <span class='ocrx_word' id='word_1_320' title='bbox 323 3505 352 3548; x_wconf 90' lang='lat' dir='ltr'><strong>ut</strong></span> <span class='ocrx_word' id='word_1_321' title='bbox 382 3501 414 3551; x_wconf 80' lang='lat' dir='ltr'><strong>R.</strong></span> <span class='ocrx_word' id='word_1_322' title='bbox 445 3529 473 3538; x_wconf 95' lang='lat'><em>-</em></span> <span class='ocrx_word' id='word_1_323' title='bbox 511 3504 551 3552; x_wconf 78' lang='lat' dir='ltr'><strong>bis</strong></span> <span class='ocrx_word' id='word_1_324' title='bbox 576 3505 626 3554; x_wconf 92' lang='lat' dir='ltr'><strong>Ml.</strong></span> <span class='ocrx_word' id='word_1_325' title='bbox 661 3528 689 3539; x_wconf 96' lang='lat'>-</span> <span class='ocrx_word' id='word_1_326' title='bbox 727 3501 801 3567; x_wconf 79' lang='lat' dir='ltr'><strong>patos]</strong></span> <span class='ocrx_word' id='word_1_327' title='bbox 829 3505 897 3567; x_wconf 85' lang='lat' dir='ltr'><strong>quod</strong></span> <span class='ocrx_word' id='word_1_328' title='bbox 923 3519 963 3568; x_wconf 89' lang='lat' dir='ltr'><strong>pr.</strong></span> <span class='ocrx_word' id='word_1_329' title='bbox 993 3503 1031 3553; x_wconf 88' lang='grc' dir='ltr'><strong>Μ.</strong></span> <span class='ocrx_word' id='word_1_330' title='bbox 1060 3529 1088 3540; x_wconf 97' lang='grc'>-</span> <span class='ocrx_word' id='word_1_331' title='bbox 1125 3502 1152 3552; x_wconf 84' lang='grc'><strong>5.</strong></span> <span class='ocrx_word' id='word_1_332' title='bbox 1180 3503 1335 3552; x_wconf 75' lang='lat' dir='ltr'><strong>durachium</strong></span> <span class='ocrx_word' id='word_1_333' title='bbox 1360 3503 1397 3554; x_wconf 88' lang='grc' dir='ltr'><strong>Μ.</strong></span> <span class='ocrx_word' id='word_1_334' title='bbox 1427 3528 1458 3539; x_wconf 95' lang='grc'>-</span> 
     </span>
     <span class='ocr_line' id='line_1_34' title="bbox 144 3565 1458 3637; baseline 0.006 -23"><span class='ocrx_word' id='word_1_335' title='bbox 144 3565 171 3616; x_wconf 82' lang='grc'><strong>’1.</strong></span> <span class='ocrx_word' id='word_1_336' title='bbox 189 3580 294 3628; x_wconf 87' lang='lat' dir='ltr'><strong>pessum</strong></span> <span class='ocrx_word' id='word_1_337' title='bbox 312 3569 335 3619; x_wconf 92' lang='lat' dir='ltr'><strong>l.</strong></span> <span class='ocrx_word' id='word_1_338' title='bbox 363 3596 397 3606; x_wconf 89' lang='lat'><em>-</em></span> <span class='ocrx_word' id='word_1_339' title='bbox 432 3585 458 3622; x_wconf 87' lang='lat' dir='ltr'><strong>se</strong></span> <span class='ocrx_word' id='word_1_340' title='bbox 473 3571 531 3635; x_wconf 85' lang='lat' dir='ltr'><strong>per]</strong></span> <span class='ocrx_word' id='word_1_341' title='bbox 549 3587 648 3636; x_wconf 87' lang='lat' dir='ltr'><strong>semper</strong></span> <span class='ocrx_word' id='word_1_342' title='bbox 666 3573 740 3624; x_wconf 86' lang='lat' dir='ltr'><strong>Mlil.</strong></span> <span class='ocrx_word' id='word_1_343' title='bbox 779 3572 979 3637; x_wconf 78' lang='lat' dir='ltr'><strong>(correctume</strong></span> <span class='ocrx_word' id='word_1_344' title='bbox 1004 3574 1075 3623; x_wconf 86' lang='lat' dir='ltr'><strong>Bosii</strong></span> <span class='ocrx_word' id='word_1_345' title='bbox 1094 3572 1179 3622; x_wconf 84' lang='lat' dir='ltr'><strong>Codd.</strong></span> <span class='ocrx_word' id='word_1_346' title='bbox 1198 3574 1266 3621; x_wconf 76' lang='lat' dir='ltr'><strong>Ante</strong></span> <span class='ocrx_word' id='word_1_347' title='bbox 1284 3587 1310 3622; x_wconf 88' lang='lat' dir='ltr'><strong>se</strong></span> <span class='ocrx_word' id='word_1_348' title='bbox 1328 3574 1458 3623; x_wconf 81' lang='lat' dir='ltr'><strong>excidisse</strong></span> 
     </span>
     <span class='ocr_line' id='line_1_35' title="bbox 144 3637 1458 3708; baseline -0.001 -15"><span class='ocrx_word' id='word_1_349' title='bbox 144 3637 317 3688; x_wconf 71' lang='lat' dir='ltr'><strong>videlurt&#39;lle.</strong></span> <span class='ocrx_word' id='word_1_350' title='bbox 338 3638 401 3700; x_wconf 73' lang='lat' dir='ltr'><strong>On)</strong></span> <span class='ocrx_word' id='word_1_351' title='bbox 422 3668 449 3678; x_wconf 94' lang='lat'><em>—</em></span> <span class='ocrx_word' id='word_1_352' title='bbox 488 3647 583 3693; x_wconf 85' lang='lat' dir='ltr'><strong>montis</strong></span> <span class='ocrx_word' id='word_1_353' title='bbox 600 3645 675 3695; x_wconf 80' lang='lat' dir='ltr'><strong>Mlil.</strong></span> <span class='ocrx_word' id='word_1_354' title='bbox 696 3671 723 3681; x_wconf 92' lang='lat'><em>-</em></span> <span class='ocrx_word' id='word_1_355' title='bbox 762 3644 789 3694; x_wconf 80' lang='lat'><strong>8.</strong></span> <span class='ocrx_word' id='word_1_356' title='bbox 809 3658 928 3708; x_wconf 80' lang='lat' dir='ltr'><strong>epoom.</strong></span> <span class='ocrx_word' id='word_1_357' title='bbox 954 3643 1027 3694; x_wconf 82' lang='lat' dir='ltr'><strong>ltllil.</strong></span> <span class='ocrx_word' id='word_1_358' title='bbox 1066 3642 1193 3704; x_wconf 89' lang='lat' dir='ltr'><strong>(luseruit</strong></span> <span class='ocrx_word' id='word_1_359' title='bbox 1212 3642 1325 3697; x_wconf 82' lang='lat' dir='ltr'><strong>Rosius,</strong></span> <span class='ocrx_word' id='word_1_360' title='bbox 1345 3649 1373 3691; x_wconf 91' lang='lat' dir='ltr'><strong>ut</strong></span> <span class='ocrx_word' id='word_1_361' title='bbox 1387 3644 1458 3692; x_wconf 83' lang='lat' dir='ltr'><strong>ride·</strong></span> 
     </span>
     <span class='ocr_line' id='line_1_36' title="bbox 144 3707 1458 3776; baseline -0.005 -10"><span class='ocrx_word' id='word_1_362' title='bbox 144 3712 207 3766; x_wconf 63' lang='lat'><strong>1⁰¹⁸,</strong></span> <span class='ocrx_word' id='word_1_363' title='bbox 228 3719 243 3754; x_wconf 80' lang='grc' dir='ltr'><strong>θ</strong></span> <span class='ocrx_word' id='word_1_364' title='bbox 262 3707 358 3770; x_wconf 55' lang='grc' dir='ltr'><strong>ΜΦ)</strong></span> <span class='ocrx_word' id='word_1_365' title='bbox 378 3734 409 3743; x_wconf 97' lang='grc'><strong>-</strong></span> <span class='ocrx_word' id='word_1_366' title='bbox 447 3712 472 3763; x_wconf 75' lang='grc'><strong>9.</strong></span> <span class='ocrx_word' id='word_1_367' title='bbox 492 3715 521 3762; x_wconf 91' lang='lat' dir='ltr'><strong>in</strong></span> <span class='ocrx_word' id='word_1_368' title='bbox 538 3727 594 3763; x_wconf 85' lang='lat' dir='ltr'><strong>orn.</strong></span> <span class='ocrx_word' id='word_1_369' title='bbox 616 3715 635 3762; x_wconf 95' lang='lat' dir='ltr'><strong>l.</strong></span> <span class='ocrx_word' id='word_1_370' title='bbox 659 3740 687 3750; x_wconf 93' lang='lat'>-</span> <span class='ocrx_word' id='word_1_371' title='bbox 724 3722 810 3776; x_wconf 88' lang='lat' dir='ltr'><strong>posset</strong></span> <span class='ocrx_word' id='word_1_372' title='bbox 829 3715 849 3763; x_wconf 96' lang='lat' dir='ltr'><strong>l.</strong></span> <span class='ocrx_word' id='word_1_373' title='bbox 875 3739 907 3750; x_wconf 87' lang='lat'>-</span> <span class='ocrx_word' id='word_1_374' title='bbox 945 3715 986 3762; x_wconf 92' lang='grc'><strong>10.</strong></span> <span class='ocrx_word' id='word_1_375' title='bbox 1005 3715 1069 3761; x_wconf 85' lang='lat' dir='ltr'><strong>milti</strong></span> <span class='ocrx_word' id='word_1_376' title='bbox 1092 3713 1250 3762; x_wconf 86' lang='lat' dir='ltr'><strong>aitiooideo</strong></span> <span class='ocrx_word' id='word_1_377' title='bbox 1273 3714 1369 3761; x_wconf 86' lang='lat' dir='ltr'><strong>censeri</strong></span> <span class='ocrx_word' id='word_1_378' title='bbox 1385 3713 1458 3762; x_wconf 84' lang='lat' dir='ltr'><strong>Mar-</strong></span> 
     </span>
     <span class='ocr_line' id='line_1_37' title="bbox 143 3777 1455 3846; baseline 0.004 -20"><span class='ocrx_word' id='word_1_379' title='bbox 143 3777 205 3826; x_wconf 85' lang='lat' dir='ltr'><strong>cello</strong></span> <span class='ocrx_word' id='word_1_380' title='bbox 225 3778 257 3831; x_wconf 85' lang='grc' dir='ltr'><strong>Ζ,</strong></span> <span class='ocrx_word' id='word_1_381' title='bbox 286 3779 349 3828; x_wconf 83' lang='lat' dir='ltr'><strong>mibi</strong></span> <span class='ocrx_word' id='word_1_382' title='bbox 367 3781 435 3831; x_wconf 85' lang='lat' dir='ltr'><strong>uitio</strong></span> <span class='ocrx_word' id='word_1_383' title='bbox 452 3785 526 3832; x_wconf 85' lang='lat' dir='ltr'><strong>video</strong></span> <span class='ocrx_word' id='word_1_384' title='bbox 542 3786 643 3833; x_wconf 83' lang='lat' dir='ltr'><strong>censori</strong></span> <span class='ocrx_word' id='word_1_385' title='bbox 659 3785 782 3834; x_wconf 79' lang='lat' dir='ltr'><strong>marcello</strong></span> <span class='ocrx_word' id='word_1_386' title='bbox 801 3798 841 3846; x_wconf 93' lang='lat' dir='ltr'><strong>pr.</strong></span> <span class='ocrx_word' id='word_1_387' title='bbox 861 3784 909 3842; x_wconf 92' lang='lat' dir='ltr'><strong>M,</strong></span> <span class='ocrx_word' id='word_1_388' title='bbox 936 3784 1000 3832; x_wconf 83' lang='lat' dir='ltr'><strong>milti</strong></span> <span class='ocrx_word' id='word_1_389' title='bbox 1022 3783 1089 3831; x_wconf 87' lang='lat' dir='ltr'><strong>nitio</strong></span> <span class='ocrx_word' id='word_1_390' title='bbox 1104 3781 1179 3831; x_wconf 83' lang='lat' dir='ltr'><strong>uideo</strong></span> <span class='ocrx_word' id='word_1_391' title='bbox 1198 3782 1226 3830; x_wconf 86' lang='lat' dir='ltr'><strong>C.</strong></span> <span class='ocrx_word' id='word_1_392' title='bbox 1245 3781 1368 3831; x_wconf 84' lang='lat' dir='ltr'><strong>morcelle</strong></span> <span class='ocrx_word' id='word_1_393' title='bbox 1385 3795 1455 3832; x_wconf 88' lang='lat' dir='ltr'><strong>corr.</strong></span> 
     </span>
     <span class='ocr_line' id='line_1_38' title="bbox 143 3848 1455 3909; baseline 0.002 -12"><span class='ocrx_word' id='word_1_394' title='bbox 143 3848 182 3905; x_wconf 90' lang='lat' dir='ltr'><strong>M,</strong></span> <span class='ocrx_word' id='word_1_395' title='bbox 202 3849 265 3894; x_wconf 80' lang='lat' dir='ltr'><strong>milri</strong></span> <span class='ocrx_word' id='word_1_396' title='bbox 282 3849 354 3898; x_wconf 76' lang='lat' dir='ltr'><strong>Attio</strong></span> <span class='ocrx_word' id='word_1_397' title='bbox 370 3853 445 3901; x_wconf 87' lang='lat' dir='ltr'><strong>uideo</strong></span> <span class='ocrx_word' id='word_1_398' title='bbox 464 3855 569 3903; x_wconf 82' lang='lat' dir='ltr'><strong>Censori</strong></span> <span class='ocrx_word' id='word_1_399' title='bbox 587 3855 622 3903; x_wconf 88' lang='grc' dir='ltr'><strong>Μ.</strong></span> <span class='ocrx_word' id='word_1_400' title='bbox 642 3853 766 3903; x_wconf 82' lang='lat' dir='ltr'><strong>Marcello</strong></span> <span class='ocrx_word' id='word_1_401' title='bbox 784 3855 821 3909; x_wconf 86' lang='lat' dir='ltr'><strong>B,</strong></span> <span class='ocrx_word' id='word_1_402' title='bbox 853 3855 936 3902; x_wconf 83' lang='lat' dir='ltr'><strong>mibi:</strong></span> <span class='ocrx_word' id='word_1_403' title='bbox 963 3853 1045 3901; x_wconf 77' lang='lat' dir='ltr'><strong>Aliter</strong></span> <span class='ocrx_word' id='word_1_404' title='bbox 1070 3852 1144 3900; x_wconf 84' lang='lat' dir='ltr'><strong>uideo</strong></span> <span class='ocrx_word' id='word_1_405' title='bbox 1162 3853 1258 3900; x_wconf 85' lang='lat' dir='ltr'><strong>censeri</strong></span> <span class='ocrx_word' id='word_1_406' title='bbox 1274 3851 1399 3900; x_wconf 81' lang='lat' dir='ltr'><strong>Marcello</strong></span> <span class='ocrx_word' id='word_1_407' title='bbox 1425 3853 1455 3906; x_wconf 88' lang='lat' dir='ltr'><strong>l,</strong></span> 
     </span>
     <span class='ocr_line' id='line_1_39' title="bbox 144 3918 1454 3984; baseline -0.003 -13"><span class='ocrx_word' id='word_1_408' title='bbox 144 3918 206 3967; x_wconf 71' lang='lat' dir='ltr'><strong>mibt‘</strong></span> <span class='ocrx_word' id='word_1_409' title='bbox 228 3919 306 3965; x_wconf 76' lang='lat' dir='ltr'><strong>etiam</strong></span> <span class='ocrx_word' id='word_1_410' title='bbox 336 3921 410 3970; x_wconf 79' lang='lat' dir='ltr'><strong>uideo</strong></span> <span class='ocrx_word' id='word_1_411' title='bbox 437 3922 465 3970; x_wconf 84' lang='lat' dir='ltr'><strong>C.</strong></span> <span class='ocrx_word' id='word_1_412' title='bbox 485 3924 609 3975; x_wconf 83' lang='lat' dir='ltr'><strong>Marcello</strong></span> <span class='ocrx_word' id='word_1_413' title='bbox 628 3923 770 3974; x_wconf 86' lang='lat' dir='ltr'><strong>Victorius.</strong></span> <span class='ocrx_word' id='word_1_414' title='bbox 808 3923 854 3984; x_wconf 86' lang='lat' dir='ltr'><strong>(Bt</strong></span> <span class='ocrx_word' id='word_1_415' title='bbox 872 3936 938 3981; x_wconf 90' lang='lat' dir='ltr'><strong>nos,</strong></span> <span class='ocrx_word' id='word_1_416' title='bbox 958 3922 981 3970; x_wconf 80' lang='grc'><strong>1</strong></span> <span class='ocrx_word' id='word_1_417' title='bbox 999 3923 1025 3970; x_wconf 85' lang='lat' dir='ltr'><strong>iu</strong></span> <span class='ocrx_word' id='word_1_418' title='bbox 1044 3922 1117 3970; x_wconf 87' lang='lat' dir='ltr'><strong>Bosii</strong></span> <span class='ocrx_word' id='word_1_419' title='bbox 1135 3926 1280 3978; x_wconf 85' lang='lat' dir='ltr'><strong>contextu,</strong></span> <span class='ocrx_word' id='word_1_420' title='bbox 1299 3923 1326 3970; x_wconf 90' lang='lat' dir='ltr'><strong>in</strong></span> <span class='ocrx_word' id='word_1_421' title='bbox 1346 3922 1454 3970; x_wconf 79' lang='lat' dir='ltr'><strong>Adnott.</strong></span> 
     </span>
     <span class='ocr_line' id='line_1_40' title="bbox 144 3990 1454 4054; baseline -0.007 -5"><span class='ocrx_word' id='word_1_422' title='bbox 144 3990 208 4037; x_wconf 60' lang='lat' dir='ltr'>(¹⁵⁰st</span> <span class='ocrx_word' id='word_1_423' title='bbox 225 4001 286 4035; x_wconf 73' lang='lat'><strong>0⁰⁰¹</strong></span> <span class='ocrx_word' id='word_1_424' title='bbox 306 3991 435 4049; x_wconf 76' lang='lat' dir='ltr'><strong>Praebere</strong></span> <span class='ocrx_word' id='word_1_425' title='bbox 452 3992 490 4043; x_wconf 86' lang='grc' dir='ltr'><strong>Μ.</strong></span> <span class='ocrx_word' id='word_1_426' title='bbox 510 3994 643 4044; x_wconf 79' lang='lat' dir='ltr'><strong>Marcello.</strong></span> <span class='ocrx_word' id='word_1_427' title='bbox 680 3994 772 4044; x_wconf 87' lang='lat' dir='ltr'><strong>Malim</strong></span> <span class='ocrx_word' id='word_1_428' title='bbox 791 4007 853 4043; x_wconf 86' lang='lat' dir='ltr'><strong>eum</strong></span> <span class='ocrx_word' id='word_1_429' title='bbox 872 3993 1003 4042; x_wconf 76' lang='lat' dir='ltr'><strong>Lambiuo</strong></span> <span class='ocrx_word' id='word_1_430' title='bbox 1021 3993 1163 4054; x_wconf 77' lang='lat' dir='ltr'><strong>otqrseitu.</strong></span> <span class='ocrx_word' id='word_1_431' title='bbox 1201 3990 1255 4040; x_wconf 81' lang='lat' dir='ltr'><strong>Cir.</strong></span> <span class='ocrx_word' id='word_1_432' title='bbox 1275 3993 1355 4040; x_wconf 86' lang='lat' dir='ltr'><strong>etiarn</strong></span> <span class='ocrx_word' id='word_1_433' title='bbox 1377 3991 1454 4040; x_wconf 85' lang='lat' dir='ltr'><strong>Hand</strong></span> 
     </span>
     <span class='ocr_line' id='line_1_41' title="bbox 144 4056 1453 4128; baseline 0.002 -19"><span class='ocrx_word' id='word_1_434' title='bbox 144 4059 222 4109; x_wconf 73' lang='lat' dir='ltr'><strong>Turs·</strong></span> <span class='ocrx_word' id='word_1_435' title='bbox 253 4056 275 4106; x_wconf 86' lang='grc'><strong>1.</strong></span> <span class='ocrx_word' id='word_1_436' title='bbox 302 4073 328 4119; x_wconf 89' lang='lat' dir='ltr'><strong>p.</strong></span> <span class='ocrx_word' id='word_1_437' title='bbox 359 4061 421 4110; x_wconf 71' lang='grc'><strong>156.</strong></span> <span class='ocrx_word' id='word_1_438' title='bbox 448 4059 511 4124; x_wconf 84' lang='lat' dir='ltr'><strong>On.)</strong></span> <span class='ocrx_word' id='word_1_439' title='bbox 537 4085 568 4099; x_wconf 90' lang='lat'><strong>-·</strong></span> <span class='ocrx_word' id='word_1_440' title='bbox 605 4065 647 4113; x_wconf 91' lang='grc'><strong>11.</strong></span> <span class='ocrx_word' id='word_1_441' title='bbox 666 4077 807 4128; x_wconf 75' lang='lat' dir='ltr'><strong>quomepo</strong></span> <span class='ocrx_word' id='word_1_442' title='bbox 825 4064 1018 4113; x_wconf 84' lang='lat' dir='ltr'><strong>bobeorneeum</strong></span> <span class='ocrx_word' id='word_1_443' title='bbox 1039 4062 1060 4108; x_wconf 90' lang='lat' dir='ltr'><strong>l.</strong></span> <span class='ocrx_word' id='word_1_444' title='bbox 1092 4086 1120 4097; x_wconf 95' lang='lat'>-</span> <span class='ocrx_word' id='word_1_445' title='bbox 1159 4061 1200 4109; x_wconf 86' lang='grc'><strong>11.</strong></span> <span class='ocrx_word' id='word_1_446' title='bbox 1221 4067 1380 4124; x_wconf 78' lang='lat' dir='ltr'><strong>quotcunque</strong></span> <span class='ocrx_word' id='word_1_447' title='bbox 1399 4076 1453 4122; x_wconf 82' lang='lat' dir='ltr'><strong>mg.</strong></span> 
     </span>
     <span class='ocr_line' id='line_1_42' title="bbox 143 4127 1453 4192; baseline 0 -12"><span class='ocrx_word' id='word_1_448' title='bbox 143 4128 180 4177; x_wconf 86' lang='lat' dir='ltr'><strong>M·</strong></span> <span class='ocrx_word' id='word_1_449' title='bbox 202 4150 233 4161; x_wconf 91' lang='lat'>-</span> <span class='ocrx_word' id='word_1_450' title='bbox 269 4127 312 4176; x_wconf 81' lang='grc'><strong>13.</strong></span> <span class='ocrx_word' id='word_1_451' title='bbox 332 4132 433 4187; x_wconf 84' lang='lat' dir='ltr'><strong>eodem,</strong></span> <span class='ocrx_word' id='word_1_452' title='bbox 451 4133 634 4192; x_wconf 79' lang='lat' dir='ltr'><strong>Brundisium,</strong></span> <span class='ocrx_word' id='word_1_453' title='bbox 654 4135 765 4182; x_wconf 80' lang='lat' dir='ltr'><strong>venietis</strong></span> <span class='ocrx_word' id='word_1_454' title='bbox 783 4134 861 4183; x_wconf 79' lang='lat' dir='ltr'><strong>Mlil:</strong></span> <span class='ocrx_word' id='word_1_455' title='bbox 889 4134 975 4182; x_wconf 88' lang='lat' dir='ltr'><strong>eodem</strong></span> <span class='ocrx_word' id='word_1_456' title='bbox 992 4132 1103 4181; x_wconf 83' lang='lat' dir='ltr'><strong>veniatis</strong></span> <span class='ocrx_word' id='word_1_457' title='bbox 1122 4130 1142 4179; x_wconf 82' lang='lat' dir='ltr'><strong>li</strong></span> <span class='ocrx_word' id='word_1_458' title='bbox 1161 4136 1268 4179; x_wconf 85' lang='lat' dir='ltr'><strong>secutus</strong></span> <span class='ocrx_word' id='word_1_459' title='bbox 1288 4131 1453 4190; x_wconf 77' lang='lat' dir='ltr'><strong>Munatium,</strong></span> 
     </span>
     <span class='ocr_line' id='line_1_43' title="bbox 145 4190 1451 4264; baseline 0.003 -18"><span class='ocrx_word' id='word_1_460' title='bbox 145 4198 172 4246; x_wconf 92' lang='lat' dir='ltr'><strong>in</strong></span> <span class='ocrx_word' id='word_1_461' title='bbox 198 4198 250 4246; x_wconf 85' lang='lat' dir='ltr'><strong>bos</strong></span> <span class='ocrx_word' id='word_1_462' title='bbox 276 4196 440 4263; x_wconf 83' lang='lat' dir='ltr'><strong>Pompeiano</strong></span> <span class='ocrx_word' id='word_1_463' title='bbox 459 4204 597 4252; x_wconf 84' lang='lat' dir='ltr'><strong>scribendi</strong></span> <span class='ocrx_word' id='word_1_464' title='bbox 623 4217 723 4264; x_wconf 74' lang='lat' dir='ltr'><strong>genere</strong></span> <span class='ocrx_word' id='word_1_465' title='bbox 742 4203 854 4253; x_wconf 81' lang='lat' dir='ltr'><strong>tortasse</strong></span> <span class='ocrx_word' id='word_1_466' title='bbox 874 4204 954 4252; x_wconf 86' lang='lat' dir='ltr'><strong>nimie</strong></span> <span class='ocrx_word' id='word_1_467' title='bbox 973 4215 1107 4250; x_wconf 86' lang='lat' dir='ltr'><strong>severum.</strong></span> <span class='ocrx_word' id='word_1_468' title='bbox 1145 4190 1333 4262; x_wconf 75' lang='lat' dir='ltr'><strong>(Brundusium</strong></span> <span class='ocrx_word' id='word_1_469' title='bbox 1351 4202 1401 4257; x_wconf 88' lang='grc' dir='ltr'><strong>Μ.)</strong></span> <span class='ocrx_word' id='word_1_470' title='bbox 1422 4226 1451 4236; x_wconf 96' lang='grc'>-</span> 
     </span>
     <span class='ocr_line' id='line_1_44' title="bbox 143 4270 1453 4335; baseline 0.002 -17"><span class='ocrx_word' id='word_1_471' title='bbox 143 4278 267 4328; x_wconf 74' lang='lat' dir='ltr'><strong>armoque</strong></span> <span class='ocrx_word' id='word_1_472' title='bbox 284 4281 349 4328; x_wconf 81' lang='lat' dir='ltr'><strong>quoe</strong></span> <span class='ocrx_word' id='word_1_473' title='bbox 365 4272 402 4320; x_wconf 87' lang='lat' dir='ltr'><strong>nd</strong></span> <span class='ocrx_word' id='word_1_474' title='bbox 420 4271 451 4321; x_wconf 78' lang='lat' dir='ltr'><strong>ll.</strong></span> <span class='ocrx_word' id='word_1_475' title='bbox 470 4298 505 4307; x_wconf 92' lang='lat'><em>-</em></span> <span class='ocrx_word' id='word_1_476' title='bbox 540 4272 583 4322; x_wconf 74' lang='grc'><strong>11.</strong></span> <span class='ocrx_word' id='word_1_477' title='bbox 602 4287 659 4322; x_wconf 89' lang='lat' dir='ltr'><strong>eum</strong></span> <span class='ocrx_word' id='word_1_478' title='bbox 677 4288 732 4323; x_wconf 89' lang='lat' dir='ltr'><strong>om.</strong></span> <span class='ocrx_word' id='word_1_479' title='bbox 752 4287 793 4335; x_wconf 90' lang='lat' dir='ltr'><strong>pr.</strong></span> <span class='ocrx_word' id='word_1_480' title='bbox 812 4274 850 4324; x_wconf 83' lang='lat' dir='ltr'><strong>M.</strong></span> <span class='ocrx_word' id='word_1_481' title='bbox 872 4296 902 4309; x_wconf 92' lang='lat'>-</span> <span class='ocrx_word' id='word_1_482' title='bbox 939 4274 982 4322; x_wconf 82' lang='lat'><strong>15.</strong></span> <span class='ocrx_word' id='word_1_483' title='bbox 1003 4272 1175 4333; x_wconf 74' lang='lat' dir='ltr'><strong>deponeretis</strong></span> <span class='ocrx_word' id='word_1_484' title='bbox 1193 4270 1234 4327; x_wconf 92' lang='grc' dir='ltr'><strong>Μ,</strong></span> <span class='ocrx_word' id='word_1_485' title='bbox 1254 4271 1453 4332; x_wconf 82' lang='lat' dir='ltr'><strong>deportaveritis</strong></span> 
     </span>
     <span class='ocr_line' id='line_1_45' title="bbox 145 4334 1452 4407; baseline -0.002 -17"><span class='ocrx_word' id='word_1_486' title='bbox 145 4338 165 4386; x_wconf 93' lang='grc' dir='ltr'><strong>Ι.</strong></span> <span class='ocrx_word' id='word_1_487' title='bbox 188 4361 218 4373; x_wconf 90' lang='grc'><strong>-</strong></span> <span class='ocrx_word' id='word_1_488' title='bbox 256 4334 297 4383; x_wconf 72' lang='grc'><strong>16·</strong></span> <span class='ocrx_word' id='word_1_489' title='bbox 322 4353 371 4400; x_wconf 85' lang='lat' dir='ltr'><strong>pro</strong></span> <span class='ocrx_word' id='word_1_490' title='bbox 395 4354 451 4392; x_wconf 92' lang='lat' dir='ltr'><strong>om.</strong></span> <span class='ocrx_word' id='word_1_491' title='bbox 474 4356 514 4405; x_wconf 95' lang='lat' dir='ltr'><strong>pr.</strong></span> <span class='ocrx_word' id='word_1_492' title='bbox 542 4343 578 4392; x_wconf 93' lang='grc' dir='ltr'><strong>Μ.</strong></span> <span class='ocrx_word' id='word_1_493' title='bbox 604 4367 637 4377; x_wconf 89' lang='grc'><strong>-</strong></span> <span class='ocrx_word' id='word_1_494' title='bbox 672 4344 761 4394; x_wconf 84' lang='lat' dir='ltr'><strong>uellem</strong></span> <span class='ocrx_word' id='word_1_495' title='bbox 786 4368 798 4379; x_wconf 93' lang='lat'><strong>·</strong></span> <span class='ocrx_word' id='word_1_496' title='bbox 823 4369 833 4379; x_wconf 95' lang='lat'>·</span> <span class='ocrx_word' id='word_1_497' title='bbox 857 4343 963 4407; x_wconf 69' lang='lat' dir='ltr'><strong>fedatis</strong></span> <span class='ocrx_word' id='word_1_498' title='bbox 986 4342 1033 4400; x_wconf 91' lang='grc' dir='ltr'><strong>Μ,</strong></span> <span class='ocrx_word' id='word_1_499' title='bbox 1064 4340 1152 4389; x_wconf 81' lang='lat' dir='ltr'><strong>sellem</strong></span> <span class='ocrx_word' id='word_1_500' title='bbox 1170 4367 1180 4377; x_wconf 95' lang='lat'><em>-</em></span> <span class='ocrx_word' id='word_1_501' title='bbox 1197 4364 1208 4376; x_wconf 93' lang='lat'><strong>·</strong></span> <span class='ocrx_word' id='word_1_502' title='bbox 1225 4341 1345 4401; x_wconf 70' lang='lat' dir='ltr'><strong>feceretis</strong></span> <span class='ocrx_word' id='word_1_503' title='bbox 1371 4341 1391 4389; x_wconf 93' lang='lat' dir='ltr'><strong>l.</strong></span> <span class='ocrx_word' id='word_1_504' title='bbox 1419 4363 1452 4374; x_wconf 92' lang='lat'>-</span> 
     </span>
     <span class='ocr_line' id='line_1_46' title="bbox 144 4403 1449 4477; baseline -0.002 -20"><span class='ocrx_word' id='word_1_505' title='bbox 144 4407 184 4456; x_wconf 84' lang='lat'><strong>17-</strong></span> <span class='ocrx_word' id='word_1_506' title='bbox 215 4403 287 4454; x_wconf 72' lang='lat' dir='ltr'><strong>vobit</strong></span> <span class='ocrx_word' id='word_1_507' title='bbox 315 4406 378 4459; x_wconf 74' lang='lat' dir='ltr'><strong>Mle</strong></span> <span class='ocrx_word' id='word_1_508' title='bbox 408 4411 482 4461; x_wconf 81' lang='lat' dir='ltr'><strong>nobis</strong></span> <span class='ocrx_word' id='word_1_509' title='bbox 511 4412 563 4461; x_wconf 79' lang='lat' dir='ltr'><strong>llll.</strong></span> <span class='ocrx_word' id='word_1_510' title='bbox 593 4437 624 4449; x_wconf 99' lang='lat'>-</span> <span class='ocrx_word' id='word_1_511' title='bbox 661 4403 703 4464; x_wconf 65' lang='lat'><strong>18}</strong></span> <span class='ocrx_word' id='word_1_512' title='bbox 734 4420 797 4477; x_wconf 72' lang='lat' dir='ltr'><strong>quot</strong></span> <span class='ocrx_word' id='word_1_513' title='bbox 819 4413 871 4463; x_wconf 91' lang='lat' dir='ltr'><strong>Ml.</strong></span> <span class='ocrx_word' id='word_1_514' title='bbox 893 4437 921 4449; x_wconf 90' lang='lat'>-</span> <span class='ocrx_word' id='word_1_515' title='bbox 950 4425 998 4460; x_wconf 83' lang='lat' dir='ltr'><strong>nos</strong></span> <span class='ocrx_word' id='word_1_516' title='bbox 1019 4411 1051 4460; x_wconf 82' lang='grc'><strong>11.</strong></span> <span class='ocrx_word' id='word_1_517' title='bbox 1083 4433 1113 4445; x_wconf 89' lang='grc'><strong>-·</strong></span> <span class='ocrx_word' id='word_1_518' title='bbox 1149 4410 1298 4460; x_wconf 78' lang='lat' dir='ltr'><strong>deducermt</strong></span> <span class='ocrx_word' id='word_1_519' title='bbox 1316 4411 1392 4459; x_wconf 82' lang='lat' dir='ltr'><strong>vaide</strong></span> <span class='ocrx_word' id='word_1_520' title='bbox 1410 4424 1449 4471; x_wconf 87' lang='lat' dir='ltr'><strong>pr.</strong></span> 
     </span>
     <span class='ocr_line' id='line_1_47' title="bbox 143 4476 1450 4535; baseline 0.001 -9"><span class='ocrx_word' id='word_1_521' title='bbox 143 4477 185 4535; x_wconf 88' lang='grc' dir='ltr'><strong>Μ,</strong></span> <span class='ocrx_word' id='word_1_522' title='bbox 212 4477 238 4524; x_wconf 82' lang='lat' dir='ltr'><strong>d·</strong></span> <span class='ocrx_word' id='word_1_523' title='bbox 264 4476 408 4530; x_wconf 82' lang='lat' dir='ltr'><strong>volscorr.</strong></span> <span class='ocrx_word' id='word_1_524' title='bbox 429 4481 466 4530; x_wconf 84' lang='lat' dir='ltr'><strong>M.</strong></span> <span class='ocrx_word' id='word_1_525' title='bbox 500 4482 573 4531; x_wconf 82' lang='lat' dir='ltr'><strong>Bort.</strong></span> <span class='ocrx_word' id='word_1_526' title='bbox 592 4484 753 4534; x_wconf 83' lang='lat' dir='ltr'><strong>deducerent·</strong></span> <span class='ocrx_word' id='word_1_527' title='bbox 785 4483 879 4533; x_wconf 82' lang='lat' dir='ltr'><strong>Voiets.</strong></span> <span class='ocrx_word' id='word_1_528' title='bbox 899 4480 950 4531; x_wconf 74' lang='lat'><strong>01.</strong></span> <span class='ocrx_word' id='word_1_529' title='bbox 973 4507 1001 4516; x_wconf 95' lang='lat'>—</span> <span class='ocrx_word' id='word_1_530' title='bbox 1038 4480 1173 4529; x_wconf 82' lang='lat' dir='ltr'><strong>certiorem</strong></span> <span class='ocrx_word' id='word_1_531' title='bbox 1185 4494 1224 4528; x_wconf 84' lang='lat' dir='ltr'><strong>me</strong></span> <span class='ocrx_word' id='word_1_532' title='bbox 1247 4480 1266 4528; x_wconf 92' lang='grc' dir='ltr'><strong>Ι.</strong></span> <span class='ocrx_word' id='word_1_533' title='bbox 1294 4502 1320 4512; x_wconf 97' lang='grc'>-</span> <span class='ocrx_word' id='word_1_534' title='bbox 1340 4480 1385 4528; x_wconf 88' lang='grc'><strong>11.</strong></span> <span class='ocrx_word' id='word_1_535' title='bbox 1404 4481 1450 4527; x_wconf 83' lang='lat' dir='ltr'><strong>ed-</strong></span> 
     </span>
     <span class='ocr_line' id='line_1_48' title="bbox 142 4544 1450 4615; baseline 0.002 -21"><span class='ocrx_word' id='word_1_536' title='bbox 142 4548 257 4597; x_wconf 81' lang='lat' dir='ltr'><strong>versario</strong></span> <span class='ocrx_word' id='word_1_537' title='bbox 277 4544 427 4598; x_wconf 83' lang='lat' dir='ltr'><strong>Victoriana</strong></span> <span class='ocrx_word' id='word_1_538' title='bbox 451 4565 508 4612; x_wconf 87' lang='lat' dir='ltr'><strong>pr.:</strong></span> <span class='ocrx_word' id='word_1_539' title='bbox 528 4553 695 4603; x_wconf 81' lang='lat' dir='ltr'><strong>aduersarios</strong></span> <span class='ocrx_word' id='word_1_540' title='bbox 716 4567 756 4615; x_wconf 92' lang='lat' dir='ltr'><strong>pr.</strong></span> <span class='ocrx_word' id='word_1_541' title='bbox 777 4554 815 4611; x_wconf 89' lang='grc' dir='ltr'><strong>Μ,</strong></span> <span class='ocrx_word' id='word_1_542' title='bbox 833 4553 991 4601; x_wconf 80' lang='lat' dir='ltr'><strong>aduersariis</strong></span> <span class='ocrx_word' id='word_1_543' title='bbox 1009 4550 1066 4599; x_wconf 80' lang='lat' dir='ltr'><strong>ltili</strong></span> <span class='ocrx_word' id='word_1_544' title='bbox 1087 4554 1113 4599; x_wconf 86' lang='lat' dir='ltr'><strong>et</strong></span> <span class='ocrx_word' id='word_1_545' title='bbox 1136 4563 1205 4598; x_wconf 91' lang='lat' dir='ltr'><strong>corr.</strong></span> <span class='ocrx_word' id='word_1_546' title='bbox 1223 4549 1259 4599; x_wconf 87' lang='lat' dir='ltr'><strong>M.</strong></span> <span class='ocrx_word' id='word_1_547' title='bbox 1279 4576 1304 4585; x_wconf 97' lang='lat'><em>-</em></span> <span class='ocrx_word' id='word_1_548' title='bbox 1328 4549 1372 4598; x_wconf 79' lang='grc'><strong>13.</strong></span> <span class='ocrx_word' id='word_1_549' title='bbox 1392 4563 1450 4597; x_wconf 87' lang='lat' dir='ltr'><strong>con·</strong></span> 
     </span>
     <span class='ocr_line' id='line_1_49' title="bbox 142 4615 1450 4682; baseline 0 -16"><span class='ocrx_word' id='word_1_550' title='bbox 142 4619 234 4667; x_wconf 86' lang='lat' dir='ltr'><strong>trectis</strong></span> <span class='ocrx_word' id='word_1_551' title='bbox 254 4615 310 4666; x_wconf 82' lang='lat' dir='ltr'><strong>Ml:</strong></span> <span class='ocrx_word' id='word_1_552' title='bbox 329 4621 471 4670; x_wconf 78' lang='lat' dir='ltr'><strong>coniunctis</strong></span> <span class='ocrx_word' id='word_1_553' title='bbox 481 4622 536 4671; x_wconf 78' lang='lat' dir='ltr'><strong>lili.</strong></span> <span class='ocrx_word' id='word_1_554' title='bbox 555 4623 650 4674; x_wconf 78' lang='grc'><strong>-11,</strong></span> <span class='ocrx_word' id='word_1_555' title='bbox 670 4623 751 4674; x_wconf 83' lang='lat' dir='ltr'><strong>soluti</strong></span> <span class='ocrx_word' id='word_1_556' title='bbox 769 4624 897 4672; x_wconf 74' lang='lat' dir='ltr'><strong>commeent</strong></span> <span class='ocrx_word' id='word_1_557' title='bbox 911 4621 931 4670; x_wconf 93' lang='lat' dir='ltr'><strong>l.</strong></span> <span class='ocrx_word' id='word_1_558' title='bbox 955 4644 984 4652; x_wconf 99' lang='lat'>-</span> <span class='ocrx_word' id='word_1_559' title='bbox 1003 4634 1076 4682; x_wconf 85' lang='lat' dir='ltr'><strong>posse</strong></span> <span class='ocrx_word' id='word_1_560' title='bbox 1094 4633 1148 4669; x_wconf 89' lang='lat' dir='ltr'><strong>om.</strong></span> <span class='ocrx_word' id='word_1_561' title='bbox 1168 4619 1274 4669; x_wconf 86' lang='lat' dir='ltr'><strong>Gruteri</strong></span> <span class='ocrx_word' id='word_1_562' title='bbox 1292 4624 1318 4668; x_wconf 85' lang='lat' dir='ltr'><strong>et</strong></span> <span class='ocrx_word' id='word_1_563' title='bbox 1337 4618 1450 4667; x_wconf 86' lang='lat' dir='ltr'><strong>Brnestii</strong></span> 
     </span>
     <span class='ocr_line' id='line_1_50' title="bbox 142 4688 1450 4754; baseline 0.001 -19"><span class='ocrx_word' id='word_1_564' title='bbox 142 4700 249 4750; x_wconf 81' lang='lat' dir='ltr'><strong>operae.</strong></span> <span class='ocrx_word' id='word_1_565' title='bbox 272 4710 305 4722; x_wconf 90' lang='lat'>-</span> <span class='ocrx_word' id='word_1_566' title='bbox 330 4695 360 4737; x_wconf 91' lang='lat' dir='ltr'><strong>ut</strong></span> <span class='ocrx_word' id='word_1_567' title='bbox 377 4702 432 4738; x_wconf 92' lang='lat' dir='ltr'><strong>om.</strong></span> <span class='ocrx_word' id='word_1_568' title='bbox 452 4704 492 4753; x_wconf 93' lang='lat' dir='ltr'><strong>pr.</strong></span> <span class='ocrx_word' id='word_1_569' title='bbox 513 4691 549 4742; x_wconf 90' lang='lat' dir='ltr'><strong>M.</strong></span> <span class='ocrx_word' id='word_1_570' title='bbox 571 4718 597 4728; x_wconf 95' lang='lat'><em>-</em></span> <span class='ocrx_word' id='word_1_571' title='bbox 621 4695 666 4743; x_wconf 83' lang='grc'><strong>15.</strong></span> <span class='ocrx_word' id='word_1_572' title='bbox 686 4693 811 4743; x_wconf 84' lang='lat' dir='ltr'><strong>lubullius</strong></span> <span class='ocrx_word' id='word_1_573' title='bbox 831 4705 871 4754; x_wconf 93' lang='lat' dir='ltr'><strong>pr.</strong></span> <span class='ocrx_word' id='word_1_574' title='bbox 897 4691 934 4741; x_wconf 92' lang='lat' dir='ltr'><strong>M.</strong></span> <span class='ocrx_word' id='word_1_575' title='bbox 960 4690 1020 4751; x_wconf 84' lang='lat' dir='ltr'><strong>(Sic</strong></span> <span class='ocrx_word' id='word_1_576' title='bbox 1039 4690 1218 4753; x_wconf 84' lang='lat' dir='ltr'><strong>plerumque.)</strong></span> <span class='ocrx_word' id='word_1_577' title='bbox 1247 4712 1272 4721; x_wconf 97' lang='lat'><em>-</em></span> <span class='ocrx_word' id='word_1_578' title='bbox 1311 4688 1355 4736; x_wconf 84' lang='grc'><strong>18.</strong></span> <span class='ocrx_word' id='word_1_579' title='bbox 1375 4689 1450 4747; x_wconf 71' lang='lat' dir='ltr'><strong>firmo</strong></span> 
     </span>
     <span class='ocr_line' id='line_1_51' title="bbox 140 4757 1447 4822; baseline 0.001 -17"><span class='ocrx_word' id='word_1_580' title='bbox 140 4770 278 4821; x_wconf 63' lang='lat' dir='ltr'><strong>progressu</strong></span> <span class='ocrx_word' id='word_1_581' title='bbox 304 4757 377 4808; x_wconf 83' lang='lat' dir='ltr'><strong>Mlti.</strong></span> <span class='ocrx_word' id='word_1_582' title='bbox 416 4757 544 4820; x_wconf 76' lang='lat' dir='ltr'><strong>(Correxit</strong></span> <span class='ocrx_word' id='word_1_583' title='bbox 568 4762 655 4822; x_wconf 82' lang='lat' dir='ltr'><strong>Pius.)</strong></span> <span class='ocrx_word' id='word_1_584' title='bbox 684 4789 711 4799; x_wconf 98' lang='lat'>-</span> <span class='ocrx_word' id='word_1_585' title='bbox 749 4763 794 4814; x_wconf 74' lang='lat'><strong>29.</strong></span> <span class='ocrx_word' id='word_1_586' title='bbox 824 4763 1003 4813; x_wconf 82' lang='lat' dir='ltr'><strong>Triueutinunt</strong></span> <span class='ocrx_word' id='word_1_587' title='bbox 1027 4762 1059 4812; x_wconf 86' lang='lat' dir='ltr'><strong>n.</strong></span> <span class='ocrx_word' id='word_1_588' title='bbox 1083 4783 1114 4797; x_wconf 92' lang='lat'>-</span> <span class='ocrx_word' id='word_1_589' title='bbox 1155 4760 1188 4810; x_wconf 81' lang='lat'><strong>³0</strong></span> <span class='ocrx_word' id='word_1_590' title='bbox 1228 4759 1339 4822; x_wconf 79' lang='lat' dir='ltr'><strong>coeperit</strong></span> <span class='ocrx_word' id='word_1_591' title='bbox 1366 4757 1387 4809; x_wconf 91' lang='lat' dir='ltr'><strong>l.</strong></span> <span class='ocrx_word' id='word_1_592' title='bbox 1417 4782 1447 4793; x_wconf 88' lang='lat'>-</span> 
     </span>
     <span class='ocr_line' id='line_1_52' title="bbox 141 4828 455 4895; baseline 0.01 -17"><span class='ocrx_word' id='word_1_593' title='bbox 141 4828 184 4878; x_wconf 80' lang='lat'><strong>³1.</strong></span> <span class='ocrx_word' id='word_1_594' title='bbox 201 4829 340 4895; x_wconf 78' lang='lat' dir='ltr'><strong>piusquam</strong></span> <span class='ocrx_word' id='word_1_595' title='bbox 357 4843 398 4892; x_wconf 87' lang='lat' dir='ltr'><strong>pr.</strong></span> <span class='ocrx_word' id='word_1_596' title='bbox 417 4828 455 4882; x_wconf 92' lang='lat' dir='ltr'><strong>M.</strong></span> 
     </span>
    </p>
   </div>
   <div class='ocr_carea' id='block_1_8' title="bbox 0 0 1632 5400">
    <p class='ocr_par' dir='ltr' id='par_1_8' title="bbox 0 0 1632 5400">
     <span class='ocr_line' id='line_1_53' title="bbox 0 0 1632 5400; baseline 0 4"><span class='ocrx_word' id='word_1_597' title='bbox 0 0 1632 5400; x_wconf 95' lang='lat' dir='ltr'><strong> </strong></span> 
     </span>
    </p>
   </div>
  </div>
 </body>
</html>
