3256 5400
629 243 703 304 LIB.
724 244 749 304 1.
791 244 850 305 ΕΡ.
875 244 923 305 ld.
948 243 995 304 17.
1408 248 1465 308 771

154 413 257 470 actum
277 409 325 466 est
344 419 447 486 neque
468 400 529 464 iam
550 399 695 464 revocari
720 399 751 463 in
773 399 930 483 integrum
952 407 1063 485 potest.
1108 400 1254 465 Octavius
1276 405 1303 465 is
1324 413 1387 476 est,
1416 404 1469 490 qui

153 496 230 585 quid
258 496 297 562 de
319 494 409 560 nobis
438 494 629 559 iudicaturus
655 494 714 568 sit,
739 502 898 578 exspectet
919 494 1053 579 populus
1076 499 1254 559 Romanus?
1290 499 1353 560 Nos
1375 499 1395 560 ii
1419 518 1469 562 su·

153 612 238 663 mus,
270 591 309 656 de
331 610 464 675 quornm
494 587 592 653 salute
619 609 700 653 unus
726 587 822 652 horno
844 587 1001 671 rogandus
1029 587 1193 652 rideatur?
1229 592 1295 672 Ego
1317 611 1409 664 vero,
1438 603 1471 656 ut

152 684 232 750 istuc
253 695 409 756 revertar.
439 684 466 747 is
493 703 578 755 suin,
610 683 665 767 qui
686 703 749 746 non
770 681 865 746 modo
888 703 950 746 non
973 682 1159 766 supplicem,
1191 681 1245 745 sed
1268 683 1360 746 etiarn
1382 693 1471 748 coer·

153 800 240 844 ceam
268 778 474 864 postulantes,
504 787 537 841 ut
566 776 624 841 sibi
653 776 853 861 supplicetur.
896 782 956 839 hut
978 774 1070 858 longe
1100 795 1117 837 a
1140 775 1348 841 servientibus
1373 775 1497 842 aberos

154 873 293 959 mihique
316 893 384 936 esse
405 869 551 935 iudicabo
565 877 713 945 Romam,
735 869 913 954 ubicunque
937 867 1070 933 liberum
1087 888 1156 932 esse
1177 867 1297 945 licebit;
1320 890 1356 933 ac
1377 870 1473 936 vestri

153 966 344 1038 miserebor,
367 963 481 1052 quibus
503 985 560 1027 nce
577 974 662 1029 aetas
685 985 786 1049 neque
802 963 938 1028 honores
961 982 1018 1025 nec
1034 961 1132 1026 virtus
1154 961 1254 1025 aliena
1276 962 1471 1027 dulcedinem

153 1061 279 1126 vivendi
308 1060 450 1125 minuere
478 1059 625 1142 potuerit.
669 1062 698 1123 9.
728 1058 801 1122 Mihi
831 1056 957 1142 quidem
984 1055 1027 1119 ita
1049 1053 1158 1120 beatus
1179 1076 1248 1120 esse
1269 1055 1417 1130 videbor,
1446 1063 1472 1121 si

153 1156 248 1220 modo
271 1162 448 1218 constanter
476 1172 511 1216 ac
532 1162 685 1238 perpetuo
714 1150 847 1237 placebit
869 1149 928 1214 hoc
950 1148 1132 1222 consilium,
1159 1157 1195 1213 ut
1214 1149 1344 1215 relatam
1367 1159 1473 1236 putem

153 1249 284 1333 gratiam
306 1247 413 1334 pietati
434 1267 533 1311 meae.
570 1245 654 1323 Quid
677 1247 759 1311 enim
783 1256 829 1310 est
851 1245 962 1309 melius
985 1264 1077 1329 quam
1097 1243 1250 1308 memoria
1271 1257 1356 1310 recte
1376 1245 1512 1311 sacto-m

152 1363 224 1407 rum
254 1351 285 1406 et
313 1341 456 1406 libertate
485 1339 844 1423 contentumnegligore
866 1337 1019 1402 humana?
1056 1336 1117 1401 Sed
1139 1347 1223 1402 certe
1249 1358 1312 1402 non
1333 1360 1474 1406 succum·

152 1433 224 1500 barn
247 1433 519 1501 succumbentibus
542 1453 598 1496 nec
621 1432 727 1496 vincar
747 1431 787 1496 ab
810 1433 863 1503 iis,
886 1432 939 1516 qui
962 1453 997 1495 se
1017 1431 1097 1495 vinci
1121 1430 1243 1506 volunt;
1266 1433 1473 1520 experiarque

152 1537 184 1593 et
197 1528 324 1594 tentabo
339 1529 457 1601 omnia,
481 1548 582 1612 neque
598 1526 743 1590 desistam
766 1525 947 1589 abstrahere
970 1525 1133 1590 aservitio
1155 1525 1309 1591 civitatem
1324 1536 1473 1593 nostram.

153 1623 186 1688 Si
215 1636 319 1686 secuta
341 1621 448 1693 suerit,
478 1642 558 1706 quac
581 1618 687 1694 debet,
716 1620 856 1692 fortuna,
887 1617 1091 1704 gaudebimus
1122 1639 1244 1695 ornnes;
1274 1620 1323 1684 sin
1353 1620 1472 1695 minus,

152 1736 212 1800 ego
235 1723 337 1777 tamen
360 1713 513 1798 gaudebo.
558 1713 680 1791 Quibus
710 1715 793 1779 enim
815 1713 919 1798 potius
943 1714 1018 1779 haec
1040 1715 1102 1779 rita
1124 1714 1213 1780 lactis
1238 1727 1292 1780 aut
1311 1715 1511 1799 cogitatio-¹⁶

152 1806 244 1871 nibus
267 1807 446 1871 traducatur
467 1828 560 1892 quam
582 1808 633 1879 iis,
667 1829 746 1892 quae
768 1808 975 1893 pertinuerint
996 1808 1035 1873 ad
1057 1807 1235 1874 liberandos
1256 1809 1340 1874 cives
1362 1814 1473 1873 meos?

155 1904 202 1965 10.
231 1904 290 1973 Te,
320 1906 446 1974 Cicero,
477 1922 557 1986 rogo
579 1913 672 1987 atque
695 1901 822 1975 hortor,
846 1922 886 1964 ne
909 1902 1080 1987 defetigere
1101 1924 1163 1966 neu
1186 1902 1319 1980 diffidas3
1349 1922 1474 1988 semper

151 1995 183 2058 in
198 1994 412 2078 praesentibus
434 1995 523 2059 malis
545 1994 749 2081 prohibendis
772 1994 877 2058 lutura
897 2015 1039 2081 quoquo,
1062 1996 1122 2060 nisi
1144 2005 1214 2060 ante
1236 1997 1276 2060 sit
1297 2017 1472 2070 occursum,

151 2089 313 2175 explores,
336 2111 375 2153 ne
397 2111 431 2153 se
452 2089 625 2163 insinuent;
649 2088 761 2153 iortem
784 2098 816 2152 et
838 2087 972 2153 liberum
996 2088 1151 2161 animum,
1174 2110 1237 2173 quo
1260 2100 1291 2153 et
1311 2091 1419 2155 consul
1441 2101 1473 2155 et

150 2202 233 2246 nunc
253 2182 426 2248 consularis
448 2204 514 2248 reru
536 2181 692 2267 publicam
714 2181 893 2255 vindicasti,
921 2181 989 2245 sinc
1011 2181 1181 2246 constantia
1202 2193 1232 2247 et
1253 2181 1510 2270 aequabilitatem

150 2275 268 2339 nullum
291 2296 359 2340 esse
382 2278 512 2362 putaris.
555 2281 668 2340 Fateor
690 2275 772 2340 enim
795 2275 957 2339 duriorem
979 2296 1049 2339 esse
1074 2274 1289 2340 condicionem
1317 2286 1471 2362 spectatae

150 2367 273 2432 virtutis
301 2390 394 2454 quam
421 2369 606 2453 incognitae.
649 2375 733 2433 Bene
754 2368 833 2433 sacta
860 2390 920 2453 pro
943 2368 1054 2433 debitis
1076 2369 1247 2453 exigimus3
1277 2391 1358 2456 quae
1378 2370 1470 2435 aliter

150 2461 311 2536 eveniunt,
343 2474 377 2528 ut
399 2463 520 2549 decepti
542 2462 581 2528 ab
603 2463 655 2537 iis,
687 2463 799 2528 inlesto
821 2463 926 2528 animo
947 2462 1216 2548 reprehendimus.
1259 2469 1366 2550 ltaque
1387 2465 1466 2529 resi·

149 2563 233 2619 stere
260 2556 395 2620 Antonio
419 2557 617 2628 Ciceronem.
648 2557 706 2621 etsi
736 2557 870 2622 maxima
893 2557 984 2622 laude
1010 2557 1138 2639 dignum
1160 2568 1222 2630 est,
1251 2566 1366 2628 tamen.
1398 2558 1471 2643 quia

148 2646 201 2711 ille
228 2649 337 2713 consul
359 2648 441 2713 hunc
462 2650 657 2715 consularem
680 2651 794 2715 merito
821 2661 980 2736 praestare
1003 2649 1143 2722 videtur,
1173 2669 1266 2713 nemo
1288 2648 1510 2715 admiraturae

150 2743 200 2805 11.
228 2741 315 2806 Idem
338 2746 446 2809 Cicero
477 2744 503 2808 si
532 2743 656 2808 flexerit
686 2743 836 2808 adversus
864 2744 943 2808 alios
965 2742 1115 2807 iudicium
1138 2763 1244 2814 suum,
1275 2741 1359 2827 quod
1388 2752 1471 2807 tanta

148 2830 293 2898 firmitate
315 2856 351 2899 ac
373 2836 584 2920 magnitudine
607 2837 723 2901 direxit
745 2837 776 2901 in
799 2835 997 2902 exturbando
1019 2835 1173 2909 Antonio,
1196 2856 1258 2901 non
1280 2836 1375 2901 modo
1397 2838 1472 2902 reli-

148 2925 202 3008 qui
224 2930 375 3013 temporis
396 2931 527 3014 gloriam
550 2930 702 3016 eripuerit
724 2928 799 3004 sibi,
827 2930 882 2995 sed
904 2930 996 2995 etiam
1020 2930 1188 3015 praeterita
1210 2951 1397 2994 evanescere
1418 2952 1472 2995 co-

148 3030 210 3104 get.
253 3022 333 3086 Nihil
364 3024 446 3088 enim
475 3045 532 3108 per
559 3045 592 3087 se
622 3024 760 3109 amplum
788 3032 843 3098 est,
878 3023 936 3087 nisi
964 3028 994 3087 in
1023 3043 1086 3107 quo
1116 3023 1224 3087 iudicii
1250 3029 1330 3088 ratio
1360 3034 1469 3090 exstat.

149 3111 255 3197 [Quia]
278 3116 434 3180 neminem
463 3117 561 3201 magis
583 3117 672 3181 decet
694 3138 762 3181 rem
784 3116 938 3201 publicam
961 3136 1067 3179 amare
1090 3115 1303 3202 libertatisque
1325 3118 1508 3184 defenso-sn

147 3227 216 3270 rem
239 3228 307 3272 esse
329 3209 378 3273 vel
400 3210 526 3293 ingenio
549 3209 598 3274 vel
617 3208 711 3275 rebus
733 3215 827 3294 gestis
848 3210 897 3274 vel
920 3209 1023 3273 studio
1045 3218 1139 3294 atque
1161 3208 1379 3293 efflagitatione
1402 3233 1469 3276 om·

147 3299 245 3364 nium.
289 3303 395 3377 Quare
417 3325 479 3377 non
502 3307 648 3369 Octavius
670 3314 717 3368 est
738 3304 914 3388 rogandus,
937 3313 971 3368 ut
994 3303 1068 3366 velit
1089 3323 1146 3367 nos
1168 3302 1270 3366 salvos
1292 3324 1377 3369 esse:
1404 3326 1467 3369 ma-

146 3393 194 3476 gis
216 3402 281 3458 tute
296 3407 325 3460 te
347 3397 518 3468 exsuscita,
542 3407 575 3461 ut
597 3419 664 3462 eam
688 3397 863 3471 civitatem,
887 3397 995 3482 inqua
1017 3396 1152 3461 maxima
1174 3396 1314 3480 gessisti,
1336 3394 1467 3462 liberam

146 3498 239 3573 atque
268 3488 427 3554 honestam
451 3490 648 3576 scrupulos,
678 3491 822 3556 simodo
852 3490 914 3556 sint
934 3491 1052 3577 populo
1074 3489 1170 3555 duces
1197 3489 1237 3554 ad
1257 3490 1466 3557 resistendum

146 3581 365 3666 improborum
387 3584 535 3649 consiliis.
1475 3610 1505 3647 ss

552 3728 648 3790 XVII.
691 3729 837 3792 BRUTUS
859 3726 1003 3791 ATTICO
1026 3728 1057 3789 S.

232 3847 259 3908 1.
289 3844 406 3910 Scribis
434 3845 510 3910 mihi
540 3846 647 3910 mirari
677 3847 873 3923 Ciceronem,
904 3845 988 3932 quod
1018 3845 1095 3910 nihil
1125 3844 1296 3930 significem
1325 3868 1462 3933 unquam

145 3935 185 4000 de
206 3937 271 4002 suis
299 3939 384 4003 actis.
428 3941 583 4015 Quoniam
613 3939 823 4025 mellagitas,
853 3950 962 4005 coactu
990 3949 1045 4003 tuo
1067 3939 1218 4013 scribam,
1248 3963 1328 4027 quae
1348 3943 1460 4007 sentio.

146 4031 257 4095 Omnia
283 4031 393 4096 secisse
416 4033 596 4098 Ciceronem
627 4035 746 4121 optimo
773 4034 877 4098 animo
907 4033 982 4097 scio.
1027 4034 1110 4110 Quid
1140 4034 1223 4098 enirn
1250 4036 1326 4100 mihi
1352 4037 1462 4121 explo-

143 4123 242 4187 ratius
270 4145 339 4189 esse
368 4136 469 4211 potest
496 4151 589 4212 quam
611 4129 692 4194 illius
714 4127 834 4191 animus
863 4131 893 4190 in
919 4146 987 4190 rem
1009 4126 1187 4211 publicam?
1225 4128 1287 4192 Sed
1308 4129 1459 4214 quaedam
1470 4145 1500 4186 m

143 4216 221 4280 mihi
242 4217 380 4293 videtur,
403 4220 479 4305 quid
501 4223 622 4287 dicam?
645 4220 787 4305 imperite
809 4219 859 4283 vir
880 4222 1020 4285 omnium
1036 4221 1314 4306 prudentissimus,
1336 4243 1375 4285 nn
1396 4243 1461 4286 am·

212 4436 238 4485 1.
259 4441 403 4498 provocari
421 4440 495 4490 ntur.
526 4465 555 4476 -
592 4439 856 4491 2.ttn1n:niln.
885 4464 916 4474 -
953 4440 979 4489 4.
1004 4439 1070 4490 iatoc
1089 4440 1109 4490 1.
1138 4464 1171 4477 -·
1207 4441 1287 4489 ctiam
1305 4454 1361 4489 om.
1382 4440 1403 4489 l.
1428 4462 1454 4473 —

141 4504 168 4553 ’1.
195 4518 243 4555 nec
259 4509 344 4557 virtus
369 4510 412 4559 nl:
437 4524 520 4572 neque
537 4514 622 4560 virtue
645 4512 711 4560 nte.
740 4534 772 4544 -
808 4510 924 4558 alionum
949 4510 1110 4559 Bouhierius
1129 4509 1162 4558 ad
1182 4510 1291 4559 Tuscul.
1312 4512 1341 4570 1,
1360 4510 1404 4559 45.
1426 4533 1456 4545 -

142 4575 816 4642 111ιέ1-14.ειή]ει·ΜΒι.-16.Ιιιέι.
839 4602 866 4612 -
887 4579 930 4629 22.
950 4581 1113 4642 incopitutoe
1131 4580 1171 4628 Vb
1184 4587 1208 4628 et
1226 4595 1265 4643 pr.
1280 4581 1317 4631 Μ.
1339 4604 1370 4615 -
1389 4593 1460 4643 quaa

140 4646 165 4692 ai
182 4646 261 4695 aliter
279 4646 300 4696 1.
328 4672 359 4682 -
399 4650 441 4698 23.
461 4653 570 4700 ueniunt
588 4652 648 4701 bill.
676 4676 703 4687 ·-
741 4651 776 4697 iis
795 4650 831 4699 li:
851 4650 891 4697 hir
910 4650 982 4700 hilii.
1008 4674 1035 4684 -
1072 4651 1117 4699 11.
1134 4653 1252 4699 maxima
1270 4650 1336 4701 nin:
1356 4664 1457 4713 magon

141 4714 185 4763 lli.
212 4740 241 4749 -
282 4718 325 4767 27.
346 4714 387 4780 ac]
406 4726 455 4769 out
475 4720 496 4768 l.
525 4746 557 4756 -
594 4722 637 4771 30.
664 4721 733 4782 Quia
751 4718 793 4770 vel
812 4719 957 4768 delendum
979 4720 1020 4770 rel
1039 4719 1092 4780 leg.
1114 4720 1194 4781 Quin.
1224 4721 1275 4771 On.
1304 4721 1397 4784 ltaque
1416 4734 1456 4770 se·

140 4783 278 4835 clusimus.
307 4812 334 4824 ·-
373 4791 445 4838 dccet
462 4803 517 4838 rem
535 4791 600 4842 hili:
621 4792 691 4841 decet
708 4803 788 4854 quam
806 4794 831 4837 tc
848 4802 904 4838 rem
923 4790 964 4838 iti.
992 4815 1019 4826 -
1058 4789 1102 4839 33.
1123 4794 1220 4840 tutele
1239 4791 1278 4840 Vb
1297 4797 1333 4850 (et
1350 4792 1407 4850 hil:
1426 4797 1457 4840 tu

140 4861 164 4902 tc
181 4855 249 4906 ltili.
273 4881 301 4892 -
338 4857 382 4909 38.
402 4872 442 4909 me
458 4859 566 4926 {lapitas
582 4861 661 4912 nini:
681 4858 813 4926 efflagitas
830 4859 860 4909 li.
