3256 5400
480 237 486 247 '
586 239 660 302 Lm.
682 237 750 304 XV.
791 240 851 304 ER.
874 240 904 304 c.
925 242 956 304 ’1.
977 240 1010 305 8.
1030 242 1061 305 9.

636 400 700 462 ur.
743 394 792 480 (A.
817 399 849 463 u
872 399 904 462 c.
925 396 1011 477 aas.)

285 520 326 581 Μ.
348 519 490 583 CICERO
518 520 682 585 PROCOS.
707 520 1092 585 summosano
1114 522 1199 587 COS.
1224 523 1351 590 DESlG.

242 629 378 695 Maxima
398 650 468 693 sum
489 628 604 696 laetitia
625 629 775 706 allectus,
804 649 874 695 cum
897 630 1003 696 audivi
1023 632 1182 697 consulem
1203 640 1234 698 te
1255 633 1370 702 lactum
1391 656 1478 716 esse;

158 744 294 810 eumque
321 721 474 788 honorem
501 721 556 789 tibi
584 722 660 789 deos
680 723 842 788 fortunare
862 724 936 790 volo
957 733 1050 811 atque
1080 746 1099 790 a
1120 735 1151 789 te
1172 747 1231 813 pro
1252 737 1306 794 tua
1327 728 1477 815 parentis·

160 839 223 906 que
249 816 294 882 tui
322 816 471 902 dignitato
500 817 720 883 administrari.
777 821 853 882 Nam
880 839 952 884 cum
973 827 1004 883 te
1026 838 1151 905 semper
1176 821 1276 887 amavi
1298 821 1502 910 dilexiquc,s

161 920 227 977 tum
248 910 312 976 mei
332 910 576 977 amantissimum
598 915 731 996 cognovi
753 911 893 977 inomni
918 911 1069 977 varietate
1090 933 1197 978 rerum
1219 936 1374 993 mearnm;
1413 925 1478 981 tum

161 1010 258 1091 patris
279 1005 324 1070 tui
346 1003 488 1090 pluribus
509 1003 669 1071 beneficiis
694 1004 748 1071 vel
769 1006 915 1072 defensus
936 1003 1076 1071 tristibus
1098 1007 1292 1093 temporibus
1314 1011 1363 1075 vel
1385 1030 1478 1076 orna·

159 1107 208 1163 tus
229 1097 373 1163 secundis
405 1107 436 1163 et
457 1121 526 1164 sum
548 1107 631 1165 totus
651 1110 757 1165 vester
777 1109 809 1165 et
830 1121 899 1166 esse
920 1097 1038 1177 debeo;
1071 1120 1144 1164 cum
1164 1102 1349 1186 praesertim
1370 1102 1478 1168 matris

158 1201 245 1265 tuae,
280 1191 481 1276 gravissimae
502 1203 594 1280 atque
615 1193 752 1278 optimae
772 1193 923 1269 feminae,
956 1194 1076 1259 maiora
1097 1213 1173 1278 erga
1194 1194 1325 1259 salutem
1347 1195 1479 1281 dignita·

159 1293 284 1371 temque
305 1306 405 1350 meam
427 1286 544 1360 studia,
580 1307 674 1374 quam
705 1296 795 1352 crant
815 1309 835 1352 a
855 1287 988 1353 muliere
1016 1286 1217 1372 postulanda,
1250 1289 1478 1374 perspexerim.
1491 1314 1517 1351 m

159 1380 359 1465 Quapropter
379 1401 397 1445 a
417 1388 449 1446 te
468 1389 542 1467 peto
565 1380 598 1446 in
619 1380 771 1446 maiorem
792 1381 940 1458 modum,
960 1390 996 1448 ut
1015 1402 1066 1447 me
1080 1380 1240 1447 absentem
1254 1380 1365 1467 diligas
1384 1390 1477 1469 atque

157 1471 316 1538 delendas.

622 1618 702 1681 un.
745 1613 794 1701 (A.
820 1617 852 1680 u.
875 1618 907 1681 c.
929 1612 1017 1701 ms.)

296 1741 337 1804 Μ.
361 1738 502 1804 CICERO
523 1738 690 1804 PROCOS.
715 1739 746 1802 S.
766 1742 805 1803 D.
828 1741 861 1804 C.
881 1737 1094 1802 bllRCELLO
1117 1738 1336 1804 COLLEGAE.

241 1849 423 1916 Marcellum
451 1858 539 1916 tuum
566 1850 727 1915 consulem
758 1848 874 1914 lactum
906 1858 999 1935 teque
1029 1869 1065 1913 ea
1087 1847 1205 1915 laetitia
1225 1848 1372 1915 effectum
1393 1871 1476 1923 esse,
1492 1872 1516 1909 ιι

158 1964 251 2029 quam
272 1943 408 2008 maxime
429 1943 562 2030 optasti,
598 1942 773 2009 mirandum
794 1943 828 2008 in
849 1942 978 2007 modum
999 1941 1138 2027 gaudem
1169 1942 1266 2029 idque
1286 1963 1358 2008 cum
1379 1943 1478 2029 ipsius

158 2056 266 2112 causa,
302 2044 368 2102 tum
395 2038 481 2124 quod
511 2047 544 2103 te
572 2037 718 2103 omnibus
745 2035 976 2102 secundissimis
997 2034 1093 2102 rebus
1115 2035 1331 2122 dignissimum
1352 2037 1477 2113 iudico,

158 2131 246 2195 cuius
271 2151 345 2215 erga
374 2152 424 2196 me
451 2131 639 2217 singularem
671 2130 923 2197 benevolentiam
943 2129 995 2194 vel
1015 2129 1049 2195 in
1070 2128 1180 2198 labore
1200 2151 1273 2195 meo
1294 2131 1344 2196 vel
1365 2131 1400 2196 in
1421 2131 1477 2198 bo·

158 2244 236 2289 nore
258 2225 425 2311 perspexi,
458 2234 555 2291 totam
576 2223 711 2311 denique
739 2224 867 2289 domum
889 2232 1025 2288 vestram
1046 2223 1096 2290 vel
1121 2223 1228 2289 salutis
1249 2222 1300 2289 vel
1322 2222 1478 2308 dignitatis

159 2338 245 2382 meae
266 2317 522 2384 studiosissimam
543 2316 836 2405 cupidissimamque
864 2316 1008 2401 cognovi.
1062 2318 1168 2394 Quare
1189 2325 1312 2402 gratum
1334 2318 1411 2383 mihi
1431 2317 1515 2407 [ιι-ω

158 2410 257 2484 ceris,
290 2410 318 2475 si
339 2412 434 2477 uxori
455 2421 526 2478 tuae
553 2416 680 2487 Iuniae.
716 2411 919 2497 gravissimae
940 2419 1034 2496 atque
1055 2411 1193 2498 optimae
1213 2409 1365 2485 feminae,
1400 2415 1477 2476 meis

158 2503 264 2571 verbis
284 2505 348 2570 eris
368 2505 550 2590 gratulatus.
593 2509 671 2570 Ate
691 2503 741 2581 id,
777 2502 864 2592 quod
884 2503 998 2580 suesti,
1034 2512 1130 2592 peto,
1152 2525 1203 2570 me
1223 2503 1384 2570 absentem
1408 2503 1478 2569 dili·

158 2619 215 2684 gas
234 2607 328 2686 atque
348 2598 508 2666 delendas.

531 2772 534 2776 ι
630 2739 686 2803 m.
728 2737 781 2818 (a.
805 2739 837 2802 o.
861 2739 892 2804 c.
915 2739 1005 2818 703.)
1138 2728 1145 2735 '

358 2864 399 2927 Μ.
422 2861 564 2927 CICERO
585 2861 750 2926 PROCOS.
774 2861 805 2924 S.
826 2862 864 2925 D.
886 2863 927 2925 Μ.
949 2860 1162 2926 MARCELLO
1185 2860 1270 2926 COS.
1487 2887 1515 2927 ss
1543 2900 1547 2909 ·

244 2975 272 3038 l.
308 2975 353 3038 Te
380 2979 412 3038 et
441 2971 564 3059 pietatis
593 2971 625 3037 in
653 2980 725 3038 tuos
759 2980 791 3036 et
816 2971 912 3037 animi
933 2977 966 3039 in
987 2993 1055 3038 rem
1084 2969 1241 3057 publicam
1262 2980 1294 3036 et
1315 2970 1477 3039 clarissimi

158 3074 253 3154 atque
278 3065 388 3153 optimi
414 3066 611 3142 consulatus,
645 3069 678 3132 C.
707 3065 855 3132 Marcello
883 3066 1011 3132 consule
1042 3064 1147 3140 lacto,
1182 3064 1318 3130 fructum
1340 3064 1477 3151 cepisse.

159 3161 358 3228 vehementer
378 3159 511 3246 gaudeo.
553 3165 622 3226 Non
643 3158 769 3237 dubito,
803 3159 880 3247 quaid
900 3169 1078 3246 praesentes
1100 3158 1249 3236 sentiant;
1271 3178 1329 3223 nos
1350 3158 1476 3243 quidem

158 3253 321 3341 longinqui
342 3263 373 3319 et
393 3275 411 3319 a
432 3262 463 3319 te
485 3254 554 3340 ipso
575 3254 661 3320 missi
682 3253 716 3318 in
736 3253 861 3318 ultimas
882 3263 989 3340 gentes
1010 3253 1052 3318 ad
1071 3252 1191 3318 caelum
1213 3251 1391 3317 mehercule
1420 3251 1479 3318 tol·

158 3349 252 3414 limus
280 3347 451 3414 verissimis
477 3369 514 3413 ac
541 3347 720 3414 iustissimis
747 3345 901 3412 laudibus.
957 3352 1035 3413 Nam
1063 3367 1135 3412 cum
1164 3354 1194 3410 te
1222 3367 1240 3410 a
1268 3344 1402 3432 pueritia
1425 3355 1516 3410 tuan

28 3517 32 3523 ³
159 3443 250 3510 unice
271 3442 435 3508 dilexerim
466 3450 563 3529 tuque
584 3462 634 3506 me
662 3441 695 3507 in
716 3440 802 3506 omni
823 3461 938 3525 genere
960 3462 1085 3528 semper
1111 3439 1335 3527 amplissimum
1357 3459 1426 3503 esse
1448 3451 1480 3504 et

150 3536 297 3603 ,volueris
324 3545 356 3601 et
382 3535 546 3611 iudicaris,
582 3543 649 3601 tum
678 3533 739 3601 boc
766 3535 816 3600 vel
844 3544 899 3601 tuo
930 3534 1012 3601 lacto
1034 3535 1083 3602 vel
1104 3534 1212 3621 populi
1233 3532 1366 3599 Romani
1387 3532 1426 3598 de
1448 3541 1479 3597 te

159 3629 275 3696 iudicio
296 3630 396 3695 multo
417 3630 519 3695 acrius
540 3628 817 3714 vehementiusque
839 3628 953 3714 diligo,
980 3629 1183 3715 maximaque
1204 3626 1321 3692 laetitia
1343 3625 1478 3700 afficior,

159 3746 231 3791 cum
252 3724 291 3789 ab
312 3721 491 3789 bominibus
506 3722 756 3809 prudentissimis
771 3723 910 3809 virisque
931 3723 1075 3809 optimis,
1098 3720 1243 3787 omnibus
1265 3718 1365 3794 dictis,
1380 3718 1477 3789 lactis,

160 3818 290 3892 studiis,
312 3817 477 3891 institutis,
498 3818 549 3882 vel
571 3838 621 3882 me
645 3816 691 3882 tui
712 3817 844 3882 similem
867 3837 939 3881 esse
957 3816 1052 3882 audio
1074 3816 1124 3881 vel
1146 3825 1176 3880 te
1198 3814 1270 3879 mci.
1326 3818 1357 3878 2.
1380 3817 1478 3879 Unum
1491 3828 1518 3866 *ὁ

160 3932 237 3978 vero
258 3911 285 3976 si
305 3909 393 3976 addis
415 3910 454 3975 ad
483 3909 744 3998 praeclarissimas
770 3932 823 3976 res
844 3910 1021 3976 consulatus
1044 3909 1109 3986 tui,
1145 3917 1180 3973 ut
1200 3915 1255 3974 aut
1275 3907 1351 3973 mibi
1374 3927 1481 3972 sncce-

160 4005 212 4072 dat
233 4025 326 4092 mam
348 4004 483 4090 primum
513 4004 625 4091 aliquis
646 4012 700 4070 aut
720 4025 759 4069 ne
781 4003 858 4091 qnid
879 4003 1005 4069 accedat
1035 4002 1186 4090 temporis
1207 4000 1247 4066 ad
1267 4000 1316 4076 id,
1339 4001 1425 4087 quod
1445 4008 1480 4064 tu

150 4099 235 4165 ‚mibi
268 4107 299 4163 et
323 4106 453 4178 senatus,
477 4098 620 4164 consulto
643 4107 677 4188 ¹et
707 4097 777 4184 lege
805 4097 915 4173 finisti,
949 4096 1053 4163 omnia
1076 4118 1125 4162 me
1146 4117 1205 4183 per
1226 4105 1257 4159 te
1278 4103 1480 4160 consecutum

159 4191 288 4281 putabo.
332 4194 422 4266 Cura,
443 4200 479 4257 ut
498 4192 600 4258 valeas
618 4201 649 4257 et
667 4213 718 4258 me
733 4191 892 4258 absentem
910 4190 1020 4276 diligas
1036 4200 1128 4277 atque
1143 4188 1300 4258 delendas.
1337 4188 1366 4255 3.
1391 4190 1480 4266 Quae

160 4287 236 4354 mibi
257 4286 297 4351 de
318 4285 439 4350 Parthis
460 4286 598 4352 nuntiata
619 4295 711 4362 sunt,
746 4286 821 4372 quia
842 4306 905 4350 non
925 4282 1074 4371 putabam
1095 4305 1114 4348 a
1135 4304 1186 4349 me
1207 4283 1384 4349 etiamnunc
1404 4279 1518 4347 scri-⁴⁰

160 4380 262 4447 benda
283 4400 352 4445 esse
373 4377 517 4465 publice,
552 4388 720 4466 propterea
741 4401 783 4444 ne
804 4400 864 4467 prn
886 4378 1094 4443 familiaritate
1116 4376 1242 4464 quidem
1265 4384 1372 4441 nostra
1393 4374 1479 4441 volui

160 4474 201 4540 ad
229 4484 259 4540 te
286 4471 440 4548 scribere,
477 4495 536 4549 ne,
572 4495 644 4539 cum
676 4473 715 4540 ad
754 4473 914 4539 consulem
947 4472 1161 4559 scripsissem,
1197 4469 1322 4558 publice
1355 4468 1482 4534 viderer

160 4589 331 4655 scrrpsrsse.

231 4750 256 4799 1.
277 4750 346 4800 Ante
365 4749 504 4813 epistolam
524 4752 665 4813 septimam
693 4762 792 4798 nouam
820 4749 894 4811 pouit
912 4747 950 4799 Μ.
980 4773 1012 4785 ·-
1047 4747 1075 4797 2.
1094 4747 1133 4799 Μ.
1151 4746 1276 4799 Marcelle
1294 4746 1339 4798 tls
1360 4746 1388 4796 G.
1407 4745 1480 4797 dior·

161 4819 323 4872 rettnE-
361 4818 877 4871 &conmumcettzcecomutomts
