3256 5400
456 239 529 300 LIB.
551 239 634 301 xtss.
677 241 735 302 lil’.
758 240 810 302 67.
832 240 884 302 68.
906 239 958 302 60.
978 241 1030 304 70.
1053 243 1103 304 71.
1125 242 1176 304 73.
1398 245 1456 306 aot

136 393 219 481 piam
240 395 273 459 iu
295 393 366 458 Asia
388 414 468 480 opus
490 404 553 468 est,
587 394 627 459 36
649 395 730 460 13333
751 393 890 460 scribere
911 401 1078 470 oonsuevl,
1101 395 1194 461 huius
1216 419 1287 462 cum
1310 419 1406 482 opera
1428 410 1460 464 ot

137 490 216 564 lide,
239 499 305 554 tum
326 488 422 553 domo
440 499 521 554 3133
537 490 583 553 311
605 498 762 575 tamquam
785 510 863 553 mea.
919 493 1003 554 Haec
1021 491 1061 555 ad
1084 502 1113 556 te
1128 513 1167 556 eo
1181 491 1323 576 pluribus
1338 493 1458 579 scripsi.

137 595 170 650 ut
191 583 381 667 iutelligeres
395 604 445 646 me
464 604 526 647 uon
541 584 564 662 1
578 583 706 666 vulgare
723 603 780 647 nec
794 581 969 656 ambitiose,
992 584 1048 649 sed
1068 595 1104 650 ut
1125 607 1184 671 pro
1206 585 1333 650 homine
1347 588 1458 653 intimo

136 700 172 744 ac
202 677 280 743 mibi
309 677 543 764 pernecessario
573 676 722 741 scribere.
778 680 808 741 2.
835 681 912 742 Peto
934 677 1030 762 igitur
1051 701 1070 743 a
1091 690 1137 753 13,
1165 688 1199 743 31
1221 680 1253 742 13
1276 702 1310 744 33
1333 690 1458 747 333133-

136 773 255 848 333313,
292 793 384 858 quam
416 769 510 834 babet
533 769 572 834 de
600 770 697 836 londo
724 793 795 835 cum
826 771 963 857 quodam
986 773 1202 858 Colophonio,
1240 777 1325 838 etin
1346 774 1482 840 celerina

135 867 251 940 rebus,
288 876 439 953 quantum
471 863 548 928 fides
578 874 631 928 tua
658 865 793 949 patietur
821 874 1033 951 quantumque
1059 876 1113 930 tuo
1136 867 1302 932 commodo
1323 869 1457 954 poteris.

136 972 253 1027 tantum
269 961 297 1025 ei
318 959 447 1023 bonoris
464 959 524 1021 mei
547 978 640 1022 causa
655 960 851 1037 commodes;
874 962 948 1033 etsi,
971 971 1009 1024 ut
1028 960 1095 1024 eius
1109 960 1293 1025 modestiam
1314 964 1458 1046 cognovi,

135 1054 239 1140 gravis
261 1052 317 1118 tibi
334 1053 424 1137 nulla
449 1053 480 1115 13
502 1073 538 1115 33
561 1057 630 1115 3311.
683 1053 715 1116 Si
738 1063 768 1117 et
789 1076 857 1118 mea
880 1053 1151 1118 commendatione
1173 1062 1204 1116 et
1227 1075 1280 1117 sua
1303 1055 1458 1140 probitate

134 1156 295 1227 assecutus
318 1147 392 1219 erit,
415 1154 450 1210 ut
471 1145 510 1209 de
533 1168 566 1209 se
589 1144 669 1209 bene
692 1147 870 1221 existimes,
894 1148 998 1210 omnia
1021 1168 1054 1210 se
1077 1147 1223 1232 adeptum
1245 1147 1456 1213 arbitrabitur.

136 1246 174 1307 Ut
196 1241 292 1325 igitur
314 1262 387 1305 eum
409 1240 542 1323 recipias
565 1241 597 1303 iu
620 1239 713 1304 fidem
734 1239 910 1327 habeasque
933 1247 963 1305 iu
986 1261 1118 1304 numero
1141 1249 1282 1313 tuorum,
1314 1251 1343 1305 te
1367 1241 1496 1306 rebe-¹⁰

134 1343 257 1400 menter
278 1334 370 1399 etiam
393 1343 485 1420 atque
507 1334 600 1399 etiam
623 1355 712 1419 rogo.
755 1339 836 1418 Ego,
860 1338 991 1421 quaele
1013 1335 1092 1399 velle
1114 1353 1258 1420 quaeque
1279 1335 1318 1399 ad
1340 1345 1370 1399 13
1387 1357 1458 1421 per-

134 1429 234 1496 tinere
252 1427 445 1504 arbitrabor,
468 1429 572 1493 omnia
593 1429 731 1494 studiose
753 1429 981 1514 diligenterque
1002 1428 1131 1494 curabo.

591 1571 683 1632 333.
728 1567 776 1651 (a,
803 1573 835 1634 3.
859 1572 890 1633 3.
914 1569 999 1648 333.)

351 1695 393 1755 11.
421 1692 563 1756 CICERO
586 1695 619 1755 P.
641 1693 827 1756 SERVILIO
851 1693 1058 1756 COLLEGAE
1080 1695 1111 1756 S.
1134 1695 1243 1757 PLUR.

219 1802 385 1881 0313333
407 1800 608 1866 3313133333
630 1811 682 1866 tua
705 1802 737 1865 in
759 1824 809 1866 me
831 1802 1063 1877 benevolentia,
1086 1804 1131 1869 sic
1153 1802 1199 1877 lit,
1232 1815 1268 1868 ut
1291 1804 1378 1869 multi
1400 1819 1494 1889 perte

134 1920 184 1964 me
203 1897 262 1962 tibi
284 1896 381 1960 331131
407 1895 630 1960 commendari.
683 1900 750 1980 Ego
775 1907 878 1960 autem
904 1895 1010 1961 tribuo
1032 1919 1254 1982 nonnunquam
1277 1897 1307 1960 13
1330 1897 1457 1980 vulgus,

133 1992 190 2057 sed
210 1991 396 2078 plerumque
419 1989 615 2063 necessariis,
637 2000 672 2053 ut
695 1989 754 2053 boc
776 1998 927 2074 tempore.
970 1995 1047 2055 Nam
1069 2012 1141 2055 cum
1168 1996 1202 2055 T.
1224 1990 1337 2076 Ampio
1359 1989 1456 2055 Balbo

133 2085 209 2150 mibi
232 2105 352 2173 summa
373 2083 564 2148 familiaritas
587 2082 847 2168 necessitudoque
870 2094 926 2147 est.
969 2084 1043 2148 Eius
1066 2083 1232 2158 libertum,
1255 2090 1289 2149 T.
1312 2084 1456 2169 Ampium

132 2178 346 2253 Menandrum,
370 2177 526 2242 homiuem
542 2177 626 2261 frugi
642 2186 673 2240 31
694 2176 877 2250 modestum,
902 2186 932 2240 et
944 2186 1077 2262 patrono
1099 2189 1130 2242 ct
1151 2178 1241 2243 nobis
1256 2177 1457 2242 vehementer

132 2271 318 2358 probatum,
348 2270 403 2336 tibi
424 2271 609 2335 commendo
636 2275 787 2334 maiorem
812 2270 844 2334 in
875 2271 1014 2335 modum.
1063 2270 1272 2337 Vehementer
1291 2271 1367 2335 mibi
1386 2291 1492 2355 gra-an

133 2377 198 2431 tum
222 2365 348 2439 leceris,
371 2365 416 2439 si,
448 2364 687 2450 quibuscunque
711 2362 807 2428 rebus
832 2363 899 2428 siue
924 2373 975 2429 tua
999 2365 1141 2430 molestia
1163 2365 1296 2450 poteris,
1319 2364 1348 2428 31
1371 2386 1456 2429 cont·

133 2459 280 2526 modaris.
325 2457 419 2536 Quod
440 2468 475 2523 ut
496 2457 605 2530 133133,
630 2467 660 2522 13
682 2457 884 2521 vehementer
905 2459 1001 2523 etiam
1022 2468 1115 2545 atque
1138 2458 1231 2522 etiam
1252 2478 1342 2542 rogo.

580 2600 689 2661 3333.
731 2599 784 2677 (n.
811 2600 842 2661 u.
865 2602 895 2663 c.
918 2598 1002 2681 333.)

377 2724 418 2786 Μ.
441 2720 583 2785 CICERO
607 2721 638 2782 S.
661 2723 697 2782 D.
720 2722 753 2781 P.
776 2721 959 2784 SERVlLlO
983 2720 1201 2784 COLLECAE.

216 2834 330 2900 1131133
351 2831 409 2897 tibi
431 2830 644 2895 commendem
667 2849 794 2894 3333333
817 2839 879 2902 331,
913 2830 1060 2916 quoniam
1083 2829 1229 2896 omnibus
1252 2841 1324 2896 uota
1347 2841 1493 2896 nostrata

133 2927 329 2993 necessitudo
360 2935 406 2990 est
440 2935 555 3010 tuaque
584 2944 659 3008 erga
680 2945 731 2988 me
753 2923 982 2989 benevolentia.
1025 2924 1088 2989 Sed
1109 2934 1212 2988 tamen
1235 2930 1291 2990 etsi
1314 2930 1455 2990 omnium

132 3043 240 3096 causa,
274 3041 353 3107 qnos
375 3016 579 3091 commendo,
612 3018 692 3082 velle
715 3016 831 3092 debeo,
867 3027 971 3082 tamen
999 3038 1070 3082 cum
1093 3017 1238 3083 omnibus
1260 3040 1323 3083 non
1345 3019 1454 3083 eadem

132 3115 209 3180 mibi
230 3135 323 3179 causa
345 3122 401 3177 est.
455 3118 489 3177 T.
512 3111 645 3196 Agusius
668 3120 699 3175 31
720 3132 825 3176 comes
847 3133 935 3176 meus
957 3111 1015 3176 1311
1036 3112 1090 3176 1113
1112 3112 1291 3177 miserrimo
1312 3122 1455 3197 tempore

133 3216 165 3273 31
185 3214 325 3274 omnium
345 3207 510 3278 itinerum,
542 3205 788 3288 navigationum,
820 3205 978 3280 laborum,
1001 3205 1214 3290 periculorum
1237 3227 1381 3270 meorum
1403 3227 1455 3270 so-

132 3304 214 3378 cius;
236 3323 337 3388 neque
367 3300 427 3365 boc
458 3308 600 3383 tempore
629 3298 859 3363 discessisseta
894 3319 959 3373 me,
995 3299 1055 3363 nisi
1084 3319 1144 3383 ego
1174 3299 1202 3363 ei
1234 3300 1454 3385 permisissem.
1465 3325 1493 3365 33

133 3401 239 3475 Quare
261 3401 306 3462 sic
327 3393 384 3459 tibi
406 3414 477 3457 eum
500 3392 702 3465 commendo,
726 3400 761 3457 ut
781 3413 879 3457 unum
903 3391 942 3456 de
964 3392 1042 3456 meis
1064 3391 1243 3458 domesticis
1266 3403 1296 3457 et
1318 3393 1454 3458 maxime

132 3489 325 3555 necessariis.
377 3492 560 3572 Pergratum
590 3485 666 3549 mibi
686 3484 815 3558 leceris,
849 3485 876 3549 si
905 3507 977 3551 eum
999 3486 1041 3551 ita
1063 3487 1219 3558 tractaris,
1249 3496 1284 3551 ut
1305 3486 1455 3570 intelligat

131 3581 210 3647 hanc
230 3581 531 3647 commendationem
554 3579 615 3644 sibi
637 3599 749 3662 magno
771 3600 831 3644 usu
853 3587 946 3665 atque
968 3579 1149 3645 adiumento
1172 3580 1277 3646 luisse.

571 3722 696 3784 3333.
741 3718 789 3801 (n.
816 3723 847 3785 3.
872 3723 904 3785 o.
925 3719 1011 3802 333.)

421 3848 462 3908 11.
484 3843 626 3907 CICERO
648 3845 681 3904 P.
704 3843 886 3907 SERVlLlO
910 3842 1117 3908 COLLEGAE
1140 3846 1171 3906 S.
1465 3877 1492 3917 ,5

216 3963 244 4021 1.
267 3955 456 4028 Caerelliae,
479 3954 672 4017 necessariae
695 3974 801 4027 meae,
832 3975 916 4026 rem,
939 3953 1455 4037 3333133,333333313333131311-

130 4072 181 4115 cas
210 4049 426 4115 commendavi
453 4047 510 4112 tibi
541 4067 689 4131 praesens
712 4048 744 4110 in
767 4047 865 4112 hortis
888 4051 948 4112 tuis
971 4068 1065 4132 quam
1085 4047 1174 4131 potui
1196 4047 1453 4130 diligentissime,

130 4156 226 4230 tuque
248 4143 325 4208 mibi
346 4163 405 4228 pro
428 4152 479 4207 tua
501 4140 726 4206 cousuetudine
756 4162 877 4226 proque
900 4141 961 4205 tuis
984 4140 1016 4204 13
1040 4161 1089 4204 me
1112 4141 1273 4225 perpetuis
1296 4141 1455 4206 maximis·

130 4259 192 4325 que
216 4238 327 4303 officiis
359 4236 463 4301 omnia
485 4246 516 4300 13
538 4235 692 4299 iacturum
713 4234 930 4299 liberalissime
955 4234 1111 4320 recepisti.
1164 4235 1343 4300 Meminisse
1365 4246 1395 4299 13
1421 4234 1453 4299 16

128 4352 246 4418 spero;
267 4330 332 4395 scio
354 4331 436 4394 enim
459 4330 571 4394 solere.
615 4327 676 4392 Sed
698 4338 800 4392 tamen
825 4328 995 4393 Caerelliae
1016 4336 1238 4413 procuratores
1260 4329 1490 4413 scripserunro

129 4434 160 4489 13
181 4433 312 4511 propter
341 4423 584 4507 magnitudinem
618 4422 797 4508 provinciae
820 4421 1113 4506 multitudinemque
1138 4422 1337 4506 negotiorum
1359 4421 1452 4485 etiam

129 4530 221 4605 atque
248 4519 342 4584 etiam
362 4539 431 4583 esse
458 4515 812 4582 commonefaciendum.
863 4520 893 4580 2.
926 4519 1001 4580 Peto
1022 4514 1132 4598 igitur,
1163 4525 1198 4580 ut
1219 4515 1399 4580 memineris
1422 4525 1451 4579 te

199 4685 225 4733 t.
245 4684 349 4745 coptam
367 4683 403 4732 tlt.
434 4708 467 4718 —-
503 4682 530 4731 3.
548 4681 657 4744 oulana
675 4679 721 4728 bl:
741 4679 886 4742 vulgariter
906 4675 948 4741 (33
967 4680 1077 4742 3311333
1097 4681 1281 4736 correctione,
1302 4679 1347 4728 aed
1369 4679 1451 4727 aerbo

129 4751 341 4813 nonTulllano)
372 4752 402 4801 ll.
440 4752 511 4801 Fert.
531 4751 652 4813 pnlpura.
673 4750 724 4800 03.
747 4773 776 4783 -
814 4749 839 4797 7.
859 4751 883 4798 aa·
902 4749 1067 4799 Cratander:
1087 4750 1190 4800 331111.
1213 4773 1243 4784 -
1279 4749 1305 4798 9.
1326 4749 1452 4796 310331-

129 4825 199 4874 linat
229 4826 256 4874 33·
274 4823 321 4882 11,
348 4823 436 4872 31111.
459 4845 486 4855 -
524 4823 674 4882 ademptum
692 4819 729 4868 11.
752 4843 781 4853 -
820 4820 862 4868 17.
882 4825 911 4868 ot
938 4819 1104 4870 Cratander:
1131 4823 1158 4869 tn
1177 4817 1235 4868 1111.
1260 4842 1287 4852 -
1325 4819 1368 4868 ⁶25.
1389 4832 1451 4880 qno-

128 4897 201 4944 nlnm
218 4895 263 4944 ll:
283 4893 387 4957 333363
406 4893 436 4942 ll.
459 4916 489 4927 -
525 4891 569 4941 33.
588 4892 648 4940 uara
665 4888 822 4939 Cratander.
