3256 5400
1408 239 1466 297 m

141 400 193 450 me
215 383 283 450 sint
302 382 483 469 adscripta.
525 382 674 451 iucunde
694 384 799 471 igitur
818 385 932 470 itaqua
945 384 1010 454 boc
1026 389 1208 453 extremum
1222 405 1340 453 munus
1355 387 1469 472 abeas,

142 490 180 552 ut
201 506 286 572 quas
307 487 452 554 'ihomas
472 488 644 554 includere
666 486 858 555 enchiridiis
872 488 1050 559 meditatur
1064 493 1188 581 exiguo
1203 490 1268 558 boc
1282 493 1339 557 tuo
1353 492 1469 558 labore

141 592 378 679 purgatissima
399 589 575 678 prodeant.
589 629 644 648 --
666 591 773 658 Nonis
794 591 867 657 lun.
883 590 1140 660 Muxxxvli.
1162 594 1341 661 venetiis»

227 690 324 775 Quod
346 693 389 761 ad
411 694 594 761 Victoriam
617 697 721 780 ipsum
744 698 882 779 attinet,
903 714 986 761 sane
1007 697 1037 763 ia
1056 698 1120 763 iam
1142 700 1176 763 in
1199 701 1304 785 prima
1322 697 1469 765 editione

142 798 307 881 permulta
328 797 518 865 emendavit
539 817 559 865 e
580 797 756 889 Mediceo,
778 800 946 865 nonnuliis
969 804 1078 867 tamen
1094 802 1191 867 etiam
1206 807 1324 889 aperie
1338 803 1470 869 vitiosis

142 898 258 967 eodem
282 919 325 967 ex
347 901 442 967 fonte
464 904 593 968 ascitis:
629 903 732 992 louge
753 902 961 970 emendatior
981 908 1090 970 antem
1114 899 1225 989 priore
1247 906 1394 973 editione
1416 908 1470 972 est

142 1003 252 1070 altera
280 1007 359 1071 anui
386 1002 603 1095 MDLXX1,
636 1006 670 1072 in
695 1024 762 1093 qua
793 1009 960 1074 tacite-
989 1008 1100 1074 nullae
1129 1010 1214 1075 enim
1234 1009 1370 1078 additae
1391 1012 1470 1077 sunt

142 1109 380 1176 annotationes
400 1110 599 1195 -recepit
627 1108 716 1175 haud
744 1127 871 1196 paucas
900 1112 999 1178 etiam
1024 1110 1170 1178 Munatii
1200 1115 1235 1179 et
1256 1113 1470 1200 Maiaspinae

142 1210 323 1280 lectiones:
356 1213 536 1299 bambino,
568 1231 632 1298 quo
664 1216 774 1280 tamen
802 1215 865 1280 lam
887 1232 949 1300 per
971 1215 1226 1301 quinquennium
1248 1219 1298 1282 uti
1321 1219 1470 1301 poterat,

142 1333 283 1398 prorsus
303 1315 507 1403 posthabito.
548 1316 579 1382 Ε
601 1317 780 1383 collatione
801 1321 911 1384 autem
932 1318 1014 1386 (lod
1036 1318 1182 1386 Medicei
1204 1337 1293 1386 nunc
1315 1337 1471 1404 comper-

143 1422 211 1484 tma
232 1418 409 1505 babemus,
430 1425 536 1508 ipsum
558 1420 648 1485 iilum
670 1415 825 1488 codicem
844 1420 1208 1511 intelligendumessa,
1228 1423 1284 1488 ubi
1299 1421 1471 1489 Victorius

143 1522 270 1607 antiqui
291 1525 344 1591 aui
364 1524 441 1593 iibri
460 1528 660 1593 mentionem
681 1527 780 1611 iacit,
802 1527 992 1613 neutiquam
1014 1525 1190 1592 editionem
1212 1527 1269 1590 vel
1291 1525 1472 1591 lensonia-

144 1642 219 1690 nam
242 1627 298 1693 vel
318 1624 518 1713 Mmanam,
540 1634 577 1696 ut
598 1631 758 1695 immerito
779 1631 970 1715 suspicatus
991 1633 1044 1695 est
1064 1628 1243 1695 Ernestius
1257 1627 1301 1695 ad
1315 1628 1421 1696 Attic.
1434 1628 1470 1716 8,

145 1726 214 1812 11,
236 1747 268 1815 p.
285 1723 379 1797 7116.
401 1730 467 1799 Ed.
484 1734 557 1799 mai.
600 1730 773 1814 Quomodo
794 1732 931 1801 Accolti
952 1733 1119 1799 varietate
1139 1734 1173 1798 in
1195 1733 1303 1798 altera
1323 1730 1472 1799 editione

144 1849 225 1896 usus
243 1833 289 1899 sil
296 1852 489 1920 ,nusquam
509 1840 660 1922 apparet.
702 1836 754 1902 lle
777 1834 1039 1906 dubitationibus
1052 1838 1163 1902 autem
1178 1836 1363 1924 nonnullis,
1386 1852 1471 1921 quae

143 1938 270 2002 moveri
304 1943 461 2023 poterunt
493 1937 658 2006 adversus
690 1940 832 2009 Victorii
863 1939 975 2027 tidem,
1009 1941 1149 2008 consule
1182 1958 1269 2027 quae
1300 1937 1470 2026 disputavi

144 2057 223 2129 pag.
242 2035 332 2109 189.
353 2041 417 2108 ud.
438 2061 531 2110 meae
553 2044 682 2128 prioris.

228 2138 309 2210 Scb.
325 2140 497 2212 corradi
487 2163 522 2211 m
543 2148 670 2215 criticis
690 2148 802 2214 nullae
822 2147 1059 2235 propemodum
1079 2150 1157 2214 sunt
1180 2150 1310 2235 partes:
1341 2087 1473 2217 raroia

145 2246 348 2315 coniecturis
369 2249 537 2340 indulget:
559 2253 653 2316 inmo
677 2254 710 2316 in
732 2251 785 2317 bis
806 2254 904 2338 ipsis,
925 2271 1012 2339 quae
1029 2253 1059 2319 ei
1074 2253 1185 2319 solent
1200 2254 1313 2338 tribui,
1335 2252 1472 2340 plerae-

146 2370 209 2439 que
231 2351 448 2439 depromptae
469 2358 548 2420 sunt
569 2372 589 2420 e
610 2353 771 2443 Margine
792 2351 1030 2427 Cratandrina:
1067 2360 1118 2440 et,
1147 2358 1185 2422 ut
1205 2356 1275 2440 bic,
1296 2356 1471 2424 Manutius

146 2473 276 2541 quoque
298 2459 511 2543 interpretem
535 2460 648 2542 potius
668 2460 738 2538 egit
767 2477 861 2544 quam
888 2461 1045 2529 criticum.
1089 2459 1141 2526 lle
1163 2459 1377 2547 Maiasplnae
1398 2479 1472 2527 me-

145 2560 218 2623 ritis
239 2561 273 2624 in
295 2561 337 2626 lis
358 2563 571 2647 praesertim,
594 2579 679 2646 quae
700 2562 743 2626 ab
766 2579 809 2627 eo
825 2567 978 2629 correcta
992 2564 1071 2628 sunt
1086 2564 1275 2651 corrigique
1291 2568 1472 2649 potuerunt

146 2680 166 2727 e
187 2662 280 2728 libris
301 2663 516 2750 vulgaribus,
550 2663 731 2731 cuiusmodi
754 2682 868 2730 omnes
889 2665 1041 2749 fuerunt,
1074 2667 1131 2753 qui
1153 2667 1182 2731 ei
1206 2671 1341 2751 praesto
1364 2670 1472 2753 erant,
1506 2715 1510 2725 .

147 2764 297 2852 equidem
319 2766 497 2854 benignius
518 2766 726 2835 iudicandum
748 2786 887 2855 censeo,
910 2786 1005 2854 quam
1022 2768 1147 2835 iactum
1168 2767 1266 2839 video
1284 2774 1318 2835 ct
1331 2789 1353 2837 a
1367 2772 1472 2838 Lam-

146 2868 224 2937 bino
254 2874 290 2935 et
317 2871 360 2938 ab
389 2869 563 2957 Ernestio,
594 2874 660 2937 nisi
689 2871 712 2935 ii
742 2871 785 2937 de
812 2873 893 2937 solis
923 2871 1012 2937 iilius
1039 2863 1248 2938 coniecturis
1268 2876 1472 2960 asperiorem

146 2973 345 3039 sententiam
366 2975 524 3041 tulerunt.
567 2975 722 3042 Ceterum
747 2973 961 3061 Malaspinae
991 2973 1257 3061 emendationes,
1289 2978 1323 3042 in
1353 2979 1472 3066 quibua

146 3074 294 3142 tortasse
323 3082 462 3165 propter
489 3079 603 3145 nescio
638 3097 735 3165 quam
764 3080 962 3145 simultatem
993 3097 1071 3145 raro
1099 3079 1241 3147 Victorii
1272 3084 1472 3150 mentionem

146 3179 267 3261 inlicit,
294 3181 486 3248 referuntur
507 3180 747 3249 adlectionem
768 3181 1009 3249 Manutianam.

231 3284 410 3352 Lambinus
437 3286 472 3351 ln
500 3287 690 3374 permultis,
722 3286 778 3353 ubi
804 3288 861 3353 vel
882 3303 903 3352 a
924 3285 1102 3355 Cratandrl
1124 3288 1181 3355 vel
1203 3304 1224 3353 a
1244 3286 1392 3355 Manutii
1413 3308 1472 3357 re-

147 3388 306 3457 censione
327 3388 471 3474 recedit,
504 3391 666 3457 lectiones
687 3387 770 3456 cdd.
790 3388 1004 3477 Malaapinae
1026 3389 1238 3480 eiusdemque
1260 3395 1473 3462 coniecturas

146 3493 292 3579 recepit:
319 3495 415 3559 nimis
435 3494 587 3583 neglexit
610 3493 812 3578 victorium,
833 3494 867 3558 in
890 3512 985 3580 quem
1006 3496 1184 3580 aliquoties
1204 3499 1315 3563 acrius
1336 3498 1472 3564 invehi-

148 3601 211 3662 tur.
253 3595 418 3664 Videlicet
439 3596 472 3661 bl
494 3600 566 3663 tres
587 3597 864 3683 praestantissimi
885 3598 974 3663 illius
995 3600 1155 3684 temporis
1169 3599 1341 3667 Ciceronis
1363 3603 1473 3668 inter-

148 3705 263 3787 pretes
283 3704 395 3765 mutua
416 3701 505 3765 inter
525 3719 564 3766 se
586 3718 700 3765 omnes
718 3701 937 3767 aemulatione
951 3719 992 3769 ac
1009 3720 1113 3788 prope
1129 3704 1298 3771 inimicitia
1312 3707 1474 3772 concitati

149 3807 261 3888 erant,
283 3822 368 3889 quae
390 3802 519 3890 quidem
542 3805 749 3871 concertatio
772 3806 909 3872 criticae
931 3804 1105 3872 Tullianae
1119 3826 1202 3873 sane
1218 3809 1340 3896 obiuit,
1362 3810 1474 3876 nulius

149 3924 262 3973 eorum
283 3923 355 3974 cum
377 3905 514 3973 duorum
535 3910 736 3974 aemulorum
757 3907 847 3974 bona
868 3908 972 3974 veliet
992 3928 1189 3999 agnoscere.
1230 3910 1332 3978 Haud
1345 3931 1422 3979 raro
1437 3915 1473 3978 in

151 4009 266 4077 ordine
287 4011 465 4078 verborum
486 4011 557 4078 abit
578 4015 613 4077 et
633 4029 654 4076 a
676 4006 863 4078 Cratandro
886 4015 920 4077 et
941 4032 962 4078 a
982 4012 1155 4105 Manuiio,
1183 4014 1239 4080 ubi
1262 4018 1387 4092 tamen,
1410 4016 1475 4083 de-

150 4114 280 4201 perdito
303 4133 391 4182 nunc
411 4114 471 4182 cd.
485 4114 733 4199 Tornaesiano,
746 4114 882 4181 deltam
904 4119 1035 4203 nequit,
1056 4120 1165 4185 utrum
1179 4119 1305 4186 aurium
1319 4119 1474 4188 iudicium

150 4217 337 4306 dumtaxat,
359 4237 403 4285 an
425 4214 484 4286 Cd.
502 4219 591 4285 iiiam
614 4222 753 4286 secutus
773 4219 828 4284 sit.

235 4321 357 4413 Magni
378 4324 533 4389 momenti
553 4321 598 4388 ad
619 4324 767 4390 criticam
788 4322 904 4390 barum
924 4324 1011 4410 Epp.
1025 4328 1258 4394 tractationem
1279 4330 1357 4394 aunt
1370 4327 1475 4394 Lam·

150 4425 218 4496 bini
246 4421 355 4495 Curae
381 4424 550 4493 secundae
577 4430 696 4513 partin
717 4429 751 4493 in
771 4426 1044 4497 adnotationibus
1068 4429 1316 4516 Repetitlonum
1337 4431 1476 4500 Lambb.

151 4533 325 4618 partimin
346 4531 524 4599 earundem
545 4532 696 4621 margine
723 4530 943 4617 reperiendae
965 4537 1000 4600 et
1021 4536 1275 4619 praetermissae
1297 4554 1319 4602 a
1338 4533 1475 4601 Kleinio

150 4640 184 4702 in
206 4637 290 4704 libro
312 4636 507 4722 ceteroquin
527 4636 717 4719 utilissimo,
748 4655 813 4723 quo
836 4637 966 4719 priores
989 4639 1106 4703 summi
1132 4640 1239 4706 critici
1266 4637 1476 4706 emendatio-

150 4760 213 4808 nes
241 4737 412 4807 'l'uilianas
441 4740 634 4826 complexus
661 4743 723 4806 cst.
768 4740 878 4806 Habet
898 4739 1061 4808 interdum
1083 4741 1209 4831 Margo
1232 4743 1289 4808 ilia
1310 4742 1475 4808 lectiones

151 4863 215 4916 nee
239 4845 399 4914 lambino
427 4845 462 4911 in
489 4843 667 4915 Annotatt.
693 4862 802 4932 neque
827 4843 932 4912 Boaio
958 4849 1175 4929 memoratas,
1205 4845 1266 4914 sed
1294 4845 1475 4915 manifesto
