3256 5400
417 252 491 315 LlB.
514 252 566 320 Ν.
601 251 661 315 ΕΡ.
685 250 735 315 tt.
757 252 807 317 ib.
851 249 926 314 Lm.
948 248 986 310 ll.
1027 247 1087 311 ΕΡ.
1111 249 1139 309 1.
1163 248 1194 309 2.
1423 248 1465 309 67

141 429 228 482 snm,
250 408 307 495 qui
327 405 443 473 bellum
464 426 553 491 gero.
597 409 687 484 Quae
708 406 857 494 quoniam
878 390 937 470 nec
954 404 1077 470 ratione
1092 425 1150 469 nec
1163 404 1319 470 maiorum
1340 415 1465 472 nostro-

141 523 214 569 rnm
235 500 400 567 clementia
418 499 675 574 administrastis,
697 523 761 567 non
781 500 841 566 erit
862 497 1056 572 mirandum,
1078 498 1105 565 si
1120 520 1177 565 ros
1195 497 1378 583 poenitebit.
1421 506 1465 566 Te

141 604 206 663 tam
224 593 336 661 mobili
356 595 390 659 in
410 615 461 659 me
482 613 634 680 meosque
655 613 724 658 esse
748 594 854 659 auimo
875 612 939 658 non
961 591 1136 678 sperabam.
1192 596 1242 656 Me
1267 592 1386 658 interea
1408 614 1467 660 nec

140 688 334 757 domesticus
353 687 448 755 dolor
468 709 527 754 nec
547 688 731 775 cuiusquam
753 687 868 753 iniuria
890 707 907 750 a
929 684 1110 772 republica
1131 684 1275 751 abducet.

625 830 668 892 11.
711 826 762 911 (A.
788 832 819 894 U.
843 832 876 894 C.
898 828 984 915 692.)
1476 851 1490 888 ι

237 956 281 1020 bl.
310 954 473 1018 TULLIUS
503 954 545 1017 bl.
577 955 611 1017 F.
640 950 1068 1110 quClgtgosl).lel}TELLO
1097 950 1136 1025 Q.
1163 953 1196 1013 F.
1226 952 1367 1016 CELERl

231 1160 260 1224 l.
281 1157 317 1224 si
336 1167 372 1222 tu
393 1155 615 1243 exercitusque
637 1156 763 1229 valetis,
799 1154 881 1219 bene
903 1164 959 1219 est.
1016 1153 1134 1220 Scribis
1163 1155 1203 1221 ad
1229 1176 1279 1221 me
1308 1166 1338 1221 te
1360 1159 1468 1224 existi-

142 1273 266 1326 masse,
288 1271 375 1336 „pro
396 1258 507 1316 mutuo
527 1250 611 1315 inter
632 1272 690 1316 nos
711 1251 817 1316 animo
839 1259 871 1315 ct
891 1270 951 1335 pro
971 1250 1171 1315 reconciliata
1186 1251 1287 1335 gratia
1307 1274 1467 1340 nunquam

143 1355 175 1414 te
195 1366 214 1409 a
236 1365 288 1408 mc
308 1341 448 1409 ludibrio
469 1343 589 1408 laesum
611 1344 679 1409 iri.'’
724 1343 818 1423 Quod
839 1343 1015 1409 cuiusmodi
1037 1345 1093 1418 sit,
1116 1345 1190 1409 satis
1206 1345 1382 1430 intelligere
1404 1368 1466 1411 non
1482 1376 1507 1417 ιι

142 1458 290 1526 possum,
326 1434 383 1501 sed
412 1446 516 1501 tamen
545 1437 689 1523 suspicor
716 1438 756 1503 ad
786 1448 816 1503 te
846 1460 914 1503 esse
947 1437 1073 1503 allatmu
1102 1460 1170 1511 me,
1204 1440 1237 1503 in
1265 1451 1374 1506 senatu
1396 1463 1467 1505 curn

143 1531 354 1618 disputarem,
376 1530 550 1615 permultos
572 1551 660 1606 esse,
687 1534 831 1619 quirem
853 1531 1009 1618 publicam
1030 1553 1048 1595 a
1070 1554 1121 1597 me
1143 1542 1359 1598 conservatam
1381 1534 1470 1600 dole·

143 1634 230 1698 rent,
264 1623 399 1698 dixisse,
429 1631 497 1688 ate
518 1625 713 1711 propinquos
734 1637 827 1697 tuos,
856 1624 970 1712 quibus
992 1645 1109 1709 negare
1130 1642 1195 1690 non
1216 1627 1387 1712 potuisses,
1410 1630 1468 1694 im·

142 1728 305 1807 petresse,
337 1726 448 1790 ntea,
485 1740 566 1804 qnae
594 1719 755 1785 statuisses
784 1719 841 1784 tibi
863 1719 896 1784 in
917 1727 1026 1784 senatu
1055 1718 1095 1783 do
1124 1741 1193 1784 mea
1216 1720 1308 1785 laude
1331 1743 1399 1788 esse
1420 1723 1468 1788 di-

143 1811 257 1887 cenda,
289 1811 451 1877 reticeres.
505 1812 599 1890 Quod
620 1835 692 1878 cum
713 1813 872 1886 dicerem,
908 1812 985 1878 illud
1014 1811 1162 1878 adiunxi:
1202 1813 1278 1878 mihi
1299 1825 1402 1881 tecum
1424 1817 1467 1880 ita
1481 1844 1507 1884 ιι

144 1906 342 1993 dispertitum
364 1905 504 1972 officium
525 1906 622 1972 fuisse
643 1908 677 1973 in
693 1907 743 1973 rei
756 1905 901 1992 publicae
915 1906 1013 1972 salute
1027 1907 1208 1980 retinenda,
1233 1918 1267 1972 ut
1282 1930 1342 1993 ego
1357 1910 1468 1976 urbem

143 2022 163 2067 a
190 1998 373 2066 domesticis
404 1998 527 2065 insidiis
557 2008 589 2065 et
610 1999 650 2065 ab
677 2001 824 2067 intestino
856 2001 994 2076 scelere,
1030 2011 1065 2066 tu
1086 2000 1206 2066 ltaliam
1228 2010 1260 2066 et
1281 2000 1321 2066 ab
1343 2006 1470 2071 antiatis

144 2091 287 2161 hostibus
309 2101 340 2157 et
361 2091 400 2160 ab
423 2095 543 2160 occulta
565 2095 783 2160 coniuratione
804 2094 1009 2172 detenderes3
1031 2104 1123 2182 atquc
1146 2095 1225 2159 hanc
1240 2105 1378 2161 nostram
1394 2100 1469 2164 tanti

145 2196 262 2255 ettam
282 2186 437 2273 praeclari
458 2189 599 2253 muneris
622 2189 800 2254 societatem
822 2210 841 2253 a
862 2189 924 2254 tuis
945 2189 1131 2275 propinquis
1146 2188 1380 2263 labefactatam,
1404 2192 1469 2279 qui,

145 2302 218 2347 cnm
239 2290 274 2347 tu
296 2303 315 2346 a
336 2301 387 2346 me
408 2280 505 2346 rebus
535 2283 733 2368 amplissimis
754 2292 847 2368 atquc
873 2282 1196 2348 honorificentissimis
1218 2295 1346 2350 ornatus
1369 2309 1507 2361 esses,sa

144 2376 342 2451 timuissent,
371 2396 412 2440 ne
439 2395 521 2461 quae
551 2377 628 2441 mibi
656 2397 729 2462 pars
759 2375 815 2442 abs
844 2386 874 2441 te
909 2375 1077 2442 voluntatis
1110 2384 1236 2440 mutuae
1267 2378 1470 2444 tribueretur.

145 2474 177 2537 2.
197 2474 267 2536 Hoc
288 2469 323 2534 in
343 2488 488 2535 sermone
509 2489 581 2533 cum
603 2491 621 2533 a
640 2490 691 2534 mc
712 2480 945 2555 exponeretur,
978 2489 1059 2553 quae
1083 2489 1152 2533 mea
1179 2472 1370 2556 exspectatio
1393 2472 1469 2537 suis·

146 2573 194 2632 set
213 2561 367 2630 orationis
393 2571 466 2627 tuae
499 2571 678 2649 quantoque
699 2564 731 2628 in
753 2585 864 2628 errore
892 2573 1034 2627 versatus
1057 2582 1174 2635 essem,
1208 2564 1276 2628 visa
1298 2575 1345 2629 cst
1366 2567 1470 2631 oratio

146 2680 210 2725 non
230 2654 400 2724 iniucunda
422 2665 453 2722 et
473 2655 642 2721 mediocris
664 2657 791 2742 quidam
812 2664 860 2720 est
880 2655 964 2719 risus
982 2664 1182 2729 consecutus,
1205 2677 1269 2720 non
1290 2657 1321 2722 in
1344 2669 1392 2731 te,
1415 2658 1471 2723 sed

146 2751 246 2838 magis
267 2750 302 2815 in
323 2769 466 2815 errorem
488 2769 593 2815 meum
616 2757 648 2814 et
668 2750 754 2835 quod
775 2771 825 2815 me
847 2747 902 2812 abs
923 2757 954 2814 te
977 2747 1099 2833 cupisse
1115 2746 1235 2812 laudari
1249 2760 1357 2834 aperte
1376 2760 1508 2839 atquess

146 2846 282 2930 ingenua
303 2841 484 2908 confitebar.
528 2847 593 2910 lam
614 2845 675 2909 boc
696 2864 760 2908 non
780 2850 884 2929 potest
898 2843 931 2906 in
946 2849 977 2906 te
992 2862 1055 2906 non
1070 2840 1243 2906 honorilice
1259 2863 1327 2907 esse
1342 2844 1469 2920 dictum,

146 2961 198 3005 me
218 2939 252 3004 in
279 2929 460 3004 clarissimis
488 2938 567 3002 meis
593 2947 686 3024 atque
714 2935 913 3022 amplissimis
941 2933 1037 3000 rebus
1058 2944 1162 2999 tamen
1183 2934 1310 3021 aliquod
1332 2939 1471 3004 testimo-

146 3035 235 3098 nium
256 3041 328 3098 tuae
349 3031 436 3097 vocis
457 3030 576 3097 habere
597 3032 744 3097 voluisse.
787 3036 817 3096 3.
840 3029 936 3108 Quod
957 3038 1060 3094 autem
1082 3029 1124 3093 ita
1143 3028 1272 3105 scribis,
1294 3054 1380 3119 „pro
1402 3055 1471 3099 mu·

147 3137 203 3192 tno
223 3126 308 3191 inter
328 3145 387 3191 nos
401 3125 546 3199 auimo”,
568 3124 644 3212 quid
658 3133 694 3190 tu
708 3125 867 3190 existimes
887 3145 955 3189 esse
970 3123 1003 3187 in
1018 3123 1153 3188 amicitia
1168 3134 1324 3200 mutuum,
1347 3127 1470 3203 nescio;

147 3219 295 3308 equidem
312 3219 374 3285 boc
394 3217 548 3295 arbitror,
579 3241 650 3284 cum
671 3241 730 3306 par
750 3220 895 3284 voluntas
917 3218 1069 3303 accipitur
1090 3227 1121 3281 et
1142 3218 1294 3284 redditur.
1338 3227 1421 3306 Ego,
1444 3221 1508 3286 siaa

147 3313 208 3380 boc
234 3312 354 3387 dicam,
389 3334 441 3377 me
470 3322 524 3378 tua
546 3335 638 3380 causa
670 3312 917 3401 praetermisisse
946 3312 1152 3397 provinciam,
1186 3311 1243 3377 tibi
1272 3314 1338 3400 ipsc
1370 3315 1472 3379 levior

147 3407 257 3473 ridear
278 3427 368 3485 esse;
400 3427 490 3471 meae
522 3407 605 3472 enim
632 3407 770 3472 rationes
799 3406 841 3471 ita
869 3406 1009 3471 tulerunt
1034 3414 1126 3492 atque
1160 3406 1228 3470 eius
1260 3408 1322 3473 mei
1349 3408 1471 3474 consilii

146 3500 302 3566 maiorem
323 3501 356 3566 in
378 3499 444 3565 dies
466 3499 606 3585 singulos
627 3501 763 3566 fructum
778 3500 1033 3585 voluptatemque
1052 3500 1151 3586 capio.
1194 3499 1274 3564 lllud
1296 3500 1387 3575 dico,
1410 3523 1471 3576 me,

146 3603 183 3663 nt
202 3594 341 3681 primunr
362 3595 396 3660 in
416 3595 563 3660 contione
585 3592 780 3681 provinciam
801 3592 1017 3679 deposuerim,
1051 3593 1170 3666 statim,
1207 3595 1470 3679 quemadmodum
1498 3671 1503 3682 ἱ

148 3709 217 3755 cam
239 3686 296 3753 tibi
317 3686 495 3762 traderem,
531 3689 671 3772 cogitare
693 3687 845 3772 coepisse.
899 3687 981 3751 Nihil
1009 3686 1080 3752 dico
1102 3687 1142 3752 de.
1164 3687 1328 3754 sortitione
1350 3699 1510 3767 vestram

148 3790 269 3847 tanmm
290 3790 322 3846 te
343 3781 496 3866 suspicari
518 3781 592 3846 volo
614 3781 691 3846 nibil
712 3780 744 3844 in
765 3800 803 3844 ea
821 3801 857 3845 re
878 3802 937 3866 per
957 3780 1109 3866 collegam
1123 3803 1229 3846 meum
1251 3802 1301 3845 mc
1322 3782 1472 3847 insciente

148 3896 218 3942 esse
239 3874 367 3940 iactum.
417 3874 596 3942 Recordare
617 3883 740 3940 cetera:
763 3894 856 3959 quam
878 3874 941 3940 cito
963 3885 1105 3940 senatum
1124 3876 1180 3941 illo
1202 3875 1253 3940 die
1275 3876 1354 3941 facta
1380 3878 1474 3941 sorti·

149 3968 236 4034 tione
263 3967 436 4053 coegerim
474 3988 568 4054 qnam
596 3968 693 4033 multa
722 3968 762 4033 de
791 3979 822 4033 tc
849 3968 948 4034 verba
978 3968 1121 4046 fecerim,
1158 3992 1229 4035 curn
1253 3971 1374 4056 tuipse
1396 3971 1473 4035 mihi

149 4060 258 4128 dixisti
279 4061 453 4127 orationem
475 4082 577 4126 meam
599 4084 662 4127 non
685 4063 786 4127 solum
808 4063 841 4128 in
862 4072 892 4127 te
915 4063 1140 4139 honorificam,
1161 4063 1217 4129 sed
1239 4065 1334 4128 etiam
1355 4065 1387 4130 in
1408 4065 1474 4129 col·

149 4155 235 4241 legas
256 4163 328 4220 tuos
349 4153 607 4221 contumeliosam
628 4154 735 4220 luisse.
785 4161 816 4222 1.
840 4161 903 4221 lam
924 4157 1002 4222 illud
1023 4168 1147 4223 senatus
1168 4158 1358 4232 consultum,
1387 4157 1510 4243 quadan

150 4271 190 4318 eo
210 4249 263 4316 dic
284 4248 401 4316 lactum
423 4259 484 4324 est,
519 4271 557 4315 ea
578 4249 807 4336 perscriptione
828 4259 889 4324 est,
926 4260 981 4326 ut,
1009 4249 1084 4316 dum
1106 4250 1137 4316 id
1159 4250 1311 4325 exstabit,
1334 4250 1472 4317 cilicium

150 4363 257 4409 neum
278 4342 312 4408 in
333 4352 364 4409 te
386 4342 559 4409 obscurum
580 4364 649 4409 esse
670 4364 735 4408 non
755 4343 864 4427 possit.
907 4348 1019 4410 Postea
1040 4366 1117 4410 vero
1139 4365 1233 4431 qnam
1248 4343 1407 4431 protectus
1429 4365 1473 4418 es,

150 4436 245 4503 velim
264 4437 453 4512 recordere,
474 4458 555 4523 qnae
576 4456 637 4522 ego
658 4436 698 4501 dc
719 4444 751 4501 te
772 4436 805 4500 in
826 4446 937 4503 senatu
959 4439 1097 4523 egerim,
1119 4460 1200 4525 quac
1222 4439 1254 4502 in
1275 4436 1474 4504 contionibus

150 4526 308 4605 dixerim,
341 4550 419 4616 quas
441 4528 481 4595 ad
504 4538 534 4593 te
555 4529 675 4594 litteras
696 4529 848 4595 miserim.
902 4533 991 4608 Quae
1013 4554 1083 4597 cum
1106 4532 1210 4597 omnia
1233 4532 1418 4616 collegeris,
1441 4539 1475 4595 tu

218 4690 731 4753 &mecoenammootttm-
765 4692 1410 4758 21.mqeasv:mquam,mqnan.
1445 4717 1474 4727 -

151 4758 196 4811 2³.
213 4763 341 4812 mnaso
357 4760 609 4825 Martyni-Lagnna.
627 4785 660 4795 -
680 4760 724 4811 11.
744 4763 852 4823 quidam
869 4770 894 4814 st
911 4765 979 4812 ιιίιιι
997 4762 1036 4814 Μ.
1058 4788 1088 4798 -
1107 4763 1151 4814 31.
1170 4765 1223 4825 ipsi
1239 4763 1364 4812 ambros.
1386 4763 1428 4811 15.
1443 4784 1476 4799 -·

153 4829 448 4953 muphgblppi·
456 4832 647 4896 perscriptione
672 4831 798 4882 Ambros.
818 4833 868 4884 15:
894 4835 1100 4897 mancupem
1124 4833 1184 4885 bill.
1210 4856 1241 4868 -
1285 4832 1330 4883 dt.
1350 4840 1405 4883 tam
1423 4832 1477 4893 ipsc
