3216 5408
173 193 235 258 tu
598 186 874 254 nrtsroaaaott
894 188 946 252 AD
968 184 1059 252 rau.

172 348 237 417 bat
289 345 428 415 Videbar
449 345 532 411 enim
553 345 647 421 mihi,
678 366 750 411 cum
771 365 822 409 me
846 343 878 408 in
899 365 951 409 res
972 341 1254 408 turbulentissimas
1275 340 1499 408 infidelissimis

172 442 267 509 sociis
296 441 510 516 demisissem,
545 439 720 526 praeceptis
757 438 882 502 illorum
916 459 979 502 non
1016 437 1090 501 satis
1122 437 1275 522 paruisse.
1331 441 1501 521 lgnoscunt

173 536 266 610 mibi,
295 543 444 600 revocant
466 532 776 598 inconsuetudinem
798 531 975 616 pristinam,
998 538 1109 616 teque,
1131 528 1217 614 quod
1238 529 1272 593 in
1293 550 1333 595 eo
1354 550 1501 616 perman·

173 629 267 701 seris,
290 628 512 713 sapientiorem
534 650 628 714 quam
651 647 700 691 me
723 625 830 690 dicunt
850 624 958 690 luisse.
1002 621 1232 702 Quamobrem,
1262 626 1412 708 quoniam
1434 624 1501 709 pla·

149 722 248 788 acatis
269 722 308 786 iis
328 732 419 798 utor,
451 722 564 787 videor
584 741 712 806 sperare
734 718 867 792 debere,
905 718 932 783 si
954 726 984 782 te
1005 716 1155 791 viderim,
1189 725 1221 780 et
1242 737 1294 791 ea,
1324 737 1406 802 quae
1427 737 1501 802 pre·

173 826 273 890 mant,
297 825 328 881 et
349 836 402 890 ea,
425 835 505 903 quae
526 814 742 900 impendeant,
765 833 815 877 me
838 813 927 877 facile
947 811 1159 876 transiturum.
1204 809 1420 888 Quamobrem
1432 815 1499 874 sive

171 910 206 976 in
227 910 402 976 Tusculano
424 910 491 974 sive
519 914 551 974 in
574 912 711 974 Cumano
740 906 779 972 ad
807 916 837 971 te
863 904 998 992 placebit
1024 905 1106 977 sive,
1130 904 1216 990 quod
1237 905 1363 968 minime
1385 904 1498 976 velim,

58 1034 60 1039 ·
172 1009 307 1079 Romae,
344 1002 515 1069 dummodo
537 1001 629 1067 simul
652 1001 767 1075 simus,
801 1000 962 1086 perficiam
983 997 1145 1086 prolecto,
1182 1007 1218 1063 ut
1238 997 1271 1063 id
1292 998 1419 1083 utrique
1442 1017 1498 1061 no·

172 1102 272 1164 suem
293 1096 582 1163 commodissimum
604 1117 673 1161 esse
694 1095 849 1160 videatur.

136 1275 163 1316 a
648 1257 691 1319 n.
737 1256 787 1334 (a,
814 1256 845 1318 u.
869 1257 900 1319 e.
924 1251 1009 1338 ms.)

659 1386 801 1450 CICERO
828 1386 1015 1451 VARRONI.

258 1513 287 1576 1.
310 1508 456 1577 Caninius
478 1506 561 1572 idem
576 1516 648 1572 tuus
670 1515 701 1570 et
715 1504 799 1570 idem
819 1516 940 1581 noster,
962 1526 1033 1570 cum
1055 1504 1095 1570 ad
1116 1525 1166 1569 mo
1187 1508 1372 1591 pervesperi
1394 1509 1499 1570 venis-

173 1613 220 1671 set
241 1611 327 1669 etse
348 1601 501 1689 postridie
523 1621 614 1665 mane
636 1598 675 1664 ad
696 1608 727 1663 te
748 1600 866 1666 iturum
889 1621 957 1673 esse
970 1599 1115 1674 dixisset,
1139 1601 1204 1665 dixi
1227 1599 1256 1662 ei
1278 1620 1329 1663 me
1351 1599 1498 1665 daturum

172 1697 305 1784 aliquid;
340 1716 430 1759 mane
451 1705 486 1760 ut
506 1703 642 1781 peteret,
673 1694 793 1780 rogavi.
837 1693 1014 1778 Conscripsi
1037 1695 1200 1780 epistolam
1223 1703 1335 1769 noctu;
1365 1714 1423 1757 nec
1445 1693 1498 1758 ille

137 1791 212 1857 read
233 1811 284 1855 mc
305 1788 416 1866 rediit;
439 1787 571 1854 oblitum
593 1788 722 1853 credidi.
769 1792 813 1852 do
833 1796 936 1851 tamen
959 1809 1029 1852 eam
1051 1787 1150 1872 ipsam
1173 1787 1229 1852 tibi
1253 1789 1416 1874 epistolam
1439 1793 1499 1853 mi-

172 1885 281 1951 sissem
313 1905 372 1969 per
402 1903 506 1957 meos,
541 1883 602 1946 nisi
623 1881 779 1947 audissem
802 1903 843 1946 ex
866 1881 978 1946 eodem
1000 1881 1151 1967 postridie
1174 1890 1316 1946 lemane
1339 1903 1356 1946 e
1379 1888 1499 1947 Tuscu-

171 1978 244 2045 lano
266 1979 435 2045 exiturum.
493 1980 533 2040 At
559 1974 616 2040 tibi
645 1985 773 2062 repente
806 1975 913 2061 paucis
939 1984 1010 2062 post
1036 1974 1164 2049 diebus,
1197 1995 1268 2040 cum
1290 1975 1419 2040 minime
1441 1998 1497 2040 ex-

172 2082 361 2158 spectarem,
394 2070 480 2134 venit
507 2068 626 2134 adme
655 2069 800 2134 Caninius
827 2090 934 2145 mane;
970 2068 1126 2156 proficisci
1152 2066 1191 2132 ad
1224 2078 1256 2133 te
1278 2069 1380 2134 statim
1406 2069 1496 2134 dixit.

171 2166 237 2232 Etsi
259 2175 326 2230 erat
348 2166 447 2239 ἕωλος
469 2163 520 2228 illa
543 2162 690 2249 epistola,
728 2162 914 2248 praesertim
941 2162 1033 2226 tantis
1056 2171 1164 2247 postea
1191 2162 1282 2227 novis
1303 2161 1399 2228 rebus
1420 2163 1497 2227 alla-

133 2259 228 2334 mtis,
258 2268 362 2323 tamen
390 2257 496 2344 perire
523 2255 771 2322 lucubrationem
794 2278 895 2320 meam
916 2256 1003 2320 nolui
1025 2265 1057 2320 et
1078 2276 1148 2320 eam
1170 2255 1268 2341 ipsam
1291 2257 1420 2321 Caninio
1442 2257 1497 2321 de-

171 2350 219 2429 di;
256 2350 312 2416 sed
340 2371 411 2416 cum
439 2371 478 2415 eo
506 2359 542 2415 ut
569 2371 641 2415 cum
670 2349 796 2414 bomine
825 2349 919 2415 docto
947 2358 978 2414 et
1005 2354 1050 2414 tui
1080 2350 1292 2446 amantissimo
1314 2350 1437 2416 locutus
1459 2371 1497 2415 ea

171 2466 259 2520 sum,
281 2467 362 2530 quae
383 2445 549 2531 pertulisse
573 2444 660 2508 illum
682 2443 720 2507 ad
740 2454 771 2508 te
790 2443 946 2507 existimo.
1005 2447 1035 2507 2.
1058 2442 1128 2509 Tibi
1149 2452 1252 2508 autem
1272 2443 1354 2508 idem
1374 2445 1496 2509 consilii

172 2538 234 2611 do,
263 2538 350 2624 quod
371 2538 512 2603 mihimet
533 2537 609 2622 ipsi:
640 2546 676 2601 ut
706 2536 840 2601 vitemus
861 2535 970 2601 oculos
993 2535 1170 2610 bominum,
1202 2537 1228 2602 si
1250 2537 1371 2622 linguas
1392 2543 1495 2603 minus

149 2630 261 2695 ‘facile
283 2631 449 2716 possimus.
494 2630 556 2707 Qui
580 2630 663 2694 enim
687 2629 819 2694 victoria
841 2650 875 2693 se
898 2628 1048 2702 efferunt,
1071 2630 1160 2717 quasi
1182 2630 1284 2695 victos
1299 2651 1357 2695 nos
1372 2629 1497 2695 intuen-

134 2741 241 2811 etun
264 2733 319 2819 qui
341 2741 446 2798 autem
468 2732 567 2797 victos
588 2742 713 2797 nostros
728 2731 857 2796 moleste
883 2729 1003 2806 lerunt,
1026 2753 1084 2797 nos
1110 2731 1348 2798 dolentvivere.
1392 2735 1497 2811 Quae·

171 2846 224 2891 res
244 2826 397 2901 fortasse,
427 2847 508 2900 cur,
540 2846 611 2890 cum
633 2824 710 2889 baec
731 2825 763 2888 in
785 2823 864 2889 urbe
886 2824 961 2898 sint,
998 2846 1062 2890 non
1084 2824 1201 2901 absim,
1230 2825 1495 2913 quemadmodum

171 2927 216 2985 tu.
259 2926 306 2985 Tu
328 2920 411 2984 enim
433 2920 515 3006 ipse,
552 2918 607 3004 qui
628 2928 659 2983 et
680 2939 730 2982 me
753 2929 784 2983 et
805 2919 883 2983 alios
904 2916 1070 3004 prudentia
1091 2920 1205 2995 vincis,
1235 2920 1359 2993 omnia,
1382 2917 1494 2994 credo,

171 3012 293 3088 vidisti,
325 3013 402 3077 nibil
435 3022 465 3077 te
497 3013 626 3077 omnino
654 3011 773 3077 fefellit.
828 3012 907 3089 Quis
934 3022 982 3077 est
1002 3021 1066 3077 tam
1093 3014 1238 3100 lynceus,
1272 3013 1327 3098 qui
1348 3013 1381 3079 in
1402 3013 1494 3078 tantis

171 3105 310 3171 tenebris
335 3106 413 3171 nihil
435 3104 588 3179 offendat,
622 3127 776 3191 nusquam
797 3104 956 3170 incurrat?
993 3110 1023 3170 3.
1045 3112 1089 3171 Ac
1109 3107 1187 3172 mibi
1209 3106 1337 3194 quidem
1353 3108 1416 3172 iam
1430 3106 1496 3193 pri-

134 3198 244 3265 adem
266 3199 407 3264 venitin
427 3208 563 3263 mentem
585 3197 703 3263 bellum
725 3219 793 3263 esse
815 3198 921 3285 aliquo
944 3199 1049 3273 exire,
1080 3209 1115 3264 ut
1137 3222 1189 3276 ea,
1222 3222 1301 3287 quae
1323 3200 1495 3285 agebantur

172 3292 223 3358 bic
254 3313 397 3378 quaeque
430 3291 628 3367 dicebantur,
665 3313 723 3357 nec
755 3291 896 3357 viderem
924 3313 982 3357 nec
1007 3293 1160 3359 audirem.
1204 3293 1267 3360 Sed
1283 3293 1495 3359 calumniabar

171 3385 253 3472 ipse;
276 3385 439 3471 putabam,
476 3386 530 3471 qui
552 3384 678 3451 obviam
700 3385 776 3451 mibi
797 3390 947 3461 venisset,
980 3395 1015 3452 ut
1036 3387 1149 3474 cuique
1171 3387 1372 3453 commodum
1394 3395 1493 3459 esset,

172 3479 400 3566 suspicaturum
422 3488 476 3544 aut
496 3477 668 3555 dicturum,
702 3479 928 3543 etiamsinon
950 3479 1176 3566 suspicaretur:
1200 3485 1284 3557 „Hic
1309 3491 1362 3547 aut
1384 3479 1495 3545 metuit

173 3579 204 3637 et
225 3594 262 3636 ea
284 3593 320 3636 re
347 3571 443 3656 fugit;
476 3581 529 3637 aut
550 3570 666 3659 aliquid
688 3573 802 3657 cogitat
824 3582 856 3637 et
880 3571 974 3637 habet
994 3594 1105 3638 navem
1127 3579 1296 3662 paratam.”
1351 3573 1494 3658 Denique

134 3680 162 3720 ’ὁ
172 3664 329 3730 levissime
363 3666 417 3751 qui
445 3667 656 3751 suspicaretur
683 3674 713 3730 et
740 3666 795 3751 qui
816 3666 948 3731 sortasse
970 3687 1020 3730 me
1042 3667 1160 3753 optime
1182 3669 1335 3744 novisset,
1370 3676 1495 3754 putaret

172 3777 223 3823 me
244 3756 363 3823 idcirco
385 3759 562 3835 discedere,
599 3758 685 3846 quod
707 3756 858 3845 quosdam
880 3758 1023 3824 homines
1045 3761 1128 3825 oculi
1150 3762 1213 3826 mei
1234 3760 1319 3827 serre
1341 3783 1405 3826 non
1422 3780 1494 3845 pos-

171 3859 252 3916 sunt.
305 3855 390 3916 Haec
423 3873 482 3937 ego
511 3853 671 3938 suspicans
698 3852 800 3917 adbuc
828 3857 944 3917 Romae
972 3874 1098 3931 maneo;
1135 3863 1167 3918 et
1192 3863 1296 3919 tamen
1318 3853 1493 3933 λεληθότως

171 3944 364 4010 consuetudo
387 3945 533 4011 diuturna
554 3946 666 4010 callum
688 3945 750 4010 iam
772 3944 906 4010 obduxit
927 3945 1088 4010 stomacho
1116 3968 1198 4012 meo.
1255 3952 1285 4013 1.
1317 3946 1422 4011 Habes
1444 3967 1495 4010 ra·

171 4037 289 4131 tionem
311 4039 372 4103 mei
393 4039 527 4104 consilii.
570 4038 640 4103 Tibi
661 4039 758 4124 igitur
779 4038 839 4103 boc
861 4059 992 4104 censeo:
1016 4040 1173 4106 latendum
1195 4041 1344 4127 tantisper
1364 4038 1492 4112 ibidem,

167 4274 171 4281 ·
241 4259 267 4308 1.
287 4259 405 4307 videbam
423 4257 461 4308 Μ.
494 4281 523 4291 -
560 4257 751 4321 infidelissimos
771 4257 808 4307 Μ.
830 4281 860 4292 -
897 4258 923 4306 2.
943 4258 1079 4307 demisaam
1097 4259 1134 4308 M.
1163 4284 1195 4296 -
1232 4259 1258 4308 3.
1283 4273 1314 4308 eo
1345 4259 1493 4308 Lambinus

170 4340 233 4377 cum
248 4327 436 4392 Cdd.aliq.-
456 4326 484 4375 d.
503 4326 681 4390 quoniomlll:
701 4328 806 4390 quondo
826 4326 896 4375 11.-
920 4328 946 4377 5.
966 4328 1057 4379 iiabl:
1077 4328 1203 4378 31311.-
1222 4337 1247 4379 et
1265 4343 1344 4392 oeque
1360 4343 1390 4391 p.
1409 4336 1432 4378 et
1452 4343 1494 4378 os·

170 4411 236 4462 quoe
254 4397 291 4448 Μ.
318 4423 349 4432 -
385 4399 412 4447 3.
431 4397 552 4445 videatur
569 4397 735 4446 Cratander:
767 4397 898 4445 dividetur
916 4396 962 4455 Μ,
993 4399 1151 4448 diiudicetur
1170 4399 1207 4458 li,
1231 4400 1360 4448 iudicetur
1378 4399 1493 4448 Benedi-

170 4473 239 4517 ctus.
260 4490 290 4501 -
329 4467 371 4516 12.
398 4467 466 4515 wem
491 4473 551 4514 tuos
568 4474 593 4516 et
611 4467 776 4516 Cratander:
807 4467 875 4515 idem
893 4473 918 4515 et
935 4467 981 4526 Μ,
1009 4469 1153 4517 tumidem
1170 4476 1193 4518 et
1215 4468 1244 4517 li.
1267 4494 1298 4505 —
1336 4468 1379 4517 13.
1398 4470 1494 4518 derum

170 4537 208 4588 Μ.
232 4560 260 4570 -
299 4537 341 4585 td.
361 4536 477 4599 aliquid;
503 4549 579 4584 mone
596 4543 626 4585 ut
645 4536 801 4585 Schtltzius:
821 4536 923 4599 aliquid
939 4551 1030 4594 mone:
1054 4545 1083 4586 ot
1103 4538 1134 4587 li.
1155 4563 1186 4574 -
1224 4539 1265 4588 15.
1286 4538 1322 4588 dc
1340 4546 1428 4588 tomen
1446 4539 1492 4590 bl:

171 4608 292 4656 Attamen
311 4606 342 4655 E.
366 4630 389 4639 —
431 4605 631 4655 17.aoctn1.
653 4629 684 4641 -
720 4607 904 4668 seispsctorem
922 4606 959 4657 Μ.
983 4632 1009 4642 -
1039 4607 1250 4658 2110111213
1268 4608 1306 4659 Μ.
1328 4634 1355 4644 -
1378 4610 1418 4657 tui
1436 4623 1492 4659 om.

171 4676 209 4726 Μ.
244 4700 272 4710 -
309 4676 354 4724 22.
374 4674 422 4724 tibi
439 4676 675 4724 ontemecomilii
697 4676 733 4725 Μ.
767 4701 796 4711 -
834 4675 878 4724 23.
898 4677 994 4740 linguis
1011 4677 1049 4727 Μ.
1080 4702 1114 4713 -
1150 4677 1195 4727 26.
1226 4692 1291 4737 cor,
1311 4675 1378 4739 mun]
1397 4679 1495 4728 circum

172 4745 208 4796 Μ.
230 4768 260 4779 -·
295 4751 356 4794 aunt
375 4746 412 4794 Μ.
439 4767 470 4779 -
513 4745 557 4792 28.
577 4746 621 4807 qui
638 4747 667 4793 ia
685 4747 768 4794 tantia
787 4745 829 4795 M:
848 4748 893 4809 qai
912 4749 994 4795 tontis
1014 4747 1043 4796 E.
1071 4771 1099 4781 -
1138 4749 1182 4796 32.
1201 4749 1255 4810 ipse
1273 4763 1312 4797 aee
1332 4749 1427 4798 amur.
1448 4749 1492 4800 14.

172 4827 261 4864 aree.
282 4829 318 4864 m.
349 4840 378 4850 -
415 4813 459 4863 36.
483 4821 592 4876 possunt
611 4814 654 4865 tt:
672 4820 778 4877 possent
797 4814 828 4863 li.
849 4838 880 4850 -
916 4816 961 4866 33.
979 4816 1078 4866 dianio
1095 4817 1254 4868 columniam
1273 4818 1383 4868 obducit
1401 4819 1439 4871 Μ.
