3256 5400
164 231 226 297 ios
595 227 871 291 EPISTULARUM
892 230 944 291 All
966 226 1056 289 rsit.

163 413 242 457 mus.
287 394 313 456 O
341 410 391 453 me
418 385 589 472 perdituml
625 385 834 451 aalllictuml
872 383 948 470 quid
972 402 1054 446 nune
1085 402 1195 465 rogem
1219 391 1269 454 te,
1300 391 1335 447 ut
1362 383 1485 456 venias,

163 487 328 550 mulierem
345 502 488 566 aegram,
511 488 542 544 et
564 500 699 565 corpore
723 488 754 543 et
771 479 876 542 animo
897 477 1093 543 conlectam?
1116 482 1183 542 Non
1202 484 1334 561 rogem?
1358 480 1431 543 Sine
1455 488 1486 543 te

163 579 258 664 igitur
277 583 357 642 siml
390 575 526 661 Opinor,
549 574 593 638 sic
607 595 713 659 agam:
737 573 763 637 si
790 581 837 636 est
860 593 931 657 spes
952 572 1051 637 nostri
1073 572 1207 646 reditus,
1231 595 1300 638 eam
1319 577 1486 640 conlirmes

163 685 195 739 et
216 694 285 737 rem
302 670 447 746 adiuves3
470 668 531 743 sin,
553 678 589 732 ut
613 689 673 752 ego
694 677 817 739 metuo,
841 675 1030 730 transactum
1057 674 1120 739 cst,
1143 687 1272 752 quoquo
1288 670 1383 735 modo
1397 681 1486 755 potes

138 765 202 832 aad
224 786 274 828 me
294 763 343 827 lac
366 762 481 828 venias.
539 765 638 828 Unum
668 761 727 827 boe
750 761 847 825 seito:
884 759 911 823 si
933 770 962 825 te
988 758 1127 834 habebo,
1161 782 1224 826 non
1252 763 1328 827 mibi
1355 763 1486 828 videbor

162 859 253 945 plane
282 857 412 942 perisse.
467 854 530 920 Sed
555 854 630 941 quid
654 855 788 920 Tulliola
809 862 878 920 mel
905 852 981 919 liet?
1012 859 1078 919 lam
1110 855 1142 919 id
1172 877 1228 921 vos
1253 856 1373 935 videte;
1411 856 1485 921 mibi

162 952 249 1017 deest
276 950 450 1014 consilium.
504 948 567 1013 Sed
588 960 693 1023 certe,
717 970 846 1034 quoquo
868 946 963 1012 modo
979 968 1012 1012 se
1033 969 1085 1011 res
1104 947 1254 1022 babebit,
1276 950 1359 1014 illius
1381 952 1486 1016 misel-

161 1042 210 1110 lae
232 1056 263 1109 el
287 1043 487 1109 matrimonio
509 1054 539 1108 et
562 1042 663 1106 lamas
690 1040 890 1107 serviendum
917 1050 973 1105 est.
1024 1042 1130 1118 Quid?
1161 1045 1271 1109 Cicero
1296 1065 1385 1108 meus
1410 1044 1486 1128 quid

161 1145 254 1225 aget?
286 1143 348 1203 lste
370 1159 447 1203 vero
470 1137 509 1202 sit
533 1136 564 1200 in
583 1136 652 1200 sinu
677 1156 802 1221 semper
826 1145 858 1200 el
877 1136 1044 1220 complexu
1070 1157 1151 1202 meo.
1195 1142 1262 1202 Non
1283 1158 1365 1223 queo
1392 1138 1483 1221 plura

126 1234 223 1299 roiam
241 1232 395 1307 scribere;
425 1231 554 1317 impedit
578 1249 713 1293 maeror.
770 1235 817 1294 Tu
840 1228 915 1317 quid
940 1229 1067 1313 egeris,
1090 1231 1213 1296 nescio:
1238 1241 1344 1296 utrum
1367 1231 1486 1317 aliquid

161 1337 282 1401 teneas,
320 1349 374 1400 an,
411 1325 495 1413 quod
523 1332 646 1398 metuo,
682 1323 773 1409 plane
796 1323 839 1388 sis
858 1323 999 1408 spoliata.
1053 1327 1083 1388 l.
1106 1325 1268 1396 Pisonem,
1305 1334 1340 1390 nt
1357 1325 1484 1396 scribis,

160 1441 254 1507 spero
273 1421 341 1485 lore
359 1441 484 1505 semper
509 1429 661 1482 nostrum.
704 1422 750 1481 lle
772 1417 888 1481 lamilia
910 1416 1053 1491 liberata,
1077 1417 1154 1483 nihil
1180 1429 1242 1492 est,
1266 1417 1351 1504 quod
1367 1428 1397 1482 te
1419 1438 1483 1482 mo·

159 1524 240 1580 veat.
298 1514 452 1585 Primum,
489 1511 550 1576 tuis
573 1511 615 1574 ita
637 1511 827 1595 promissum
854 1522 918 1586 est,
948 1519 979 1576 te
1003 1511 1157 1577 iacturam
1180 1533 1269 1586 esse,
1292 1522 1327 1577 ut
1352 1513 1485 1599 quisque

160 1618 243 1675 esset
267 1607 405 1673 meritus.
454 1610 509 1669 Est
537 1613 642 1668 autem
664 1603 697 1668 in
725 1605 829 1669 officio
857 1605 957 1670 adhuc
983 1605 1147 1690 Orpbeus;
1181 1615 1345 1692 praeterea
1372 1628 1486 1691 magno

125 1722 258 1789 inopere
290 1723 393 1767 nemo.
447 1703 632 1765 Ceterorum
662 1718 828 1763 servorum
861 1720 898 1763 ea
931 1719 1024 1763 causa
1055 1708 1115 1774 est,
1149 1708 1201 1772 ul,
1232 1700 1259 1764 si
1279 1723 1369 1765 resa
1395 1701 1485 1766 nobis

72 1796 78 1808 '
160 1795 292 1870 abisset,
321 1793 425 1859 liberti
446 1792 545 1857 nostri
565 1800 683 1866 essent,
707 1792 734 1855 si
751 1790 895 1857 obtinere
920 1793 1109 1878 potuissent;
1132 1793 1178 1856 sin
1202 1792 1243 1857 ad
1266 1816 1324 1859 nos
1350 1795 1486 1880 pertine-

160 1899 222 1964 ret,
245 1893 415 1962 servirent,
438 1895 656 1972 praeterquam
669 1883 784 1970 oppido
800 1887 901 1971 pauci.
945 1886 1007 1951 Sed
1024 1887 1101 1951 haee
1115 1887 1237 1951 minora
1257 1899 1338 1953 sunt.
1385 1895 1413 1953 5.
1437 1894 1485 1952 Tu

159 1982 245 2069 quod
274 2002 324 2045 me
356 1980 508 2053 hortaris,
536 1988 572 2043 ul
594 1978 699 2042 animo
722 1978 781 2042 sim
810 2000 923 2063 magno
945 1988 976 2043 et
997 2001 1085 2065 spem
1110 1979 1241 2045 babeam
1261 1982 1485 2068 reciperandae

159 2077 283 2151 salutis,
305 2075 339 2140 id
357 2075 452 2139 velim
480 2073 520 2137 sit
542 2071 712 2145 eiusmodi,
736 2080 771 2136 ul
791 2082 876 2136 recte
896 2093 1024 2157 sperare
1047 2075 1214 2159 possimus.
1257 2081 1364 2150 Nunc,
1387 2082 1486 2141 miser

121 2169 284 2256 anquando
306 2178 374 2235 tuas
402 2169 462 2233 iam
493 2167 612 2232 litteras
633 2164 812 2251 accipiam?
840 2165 910 2251 quis
932 2165 972 2230 ad
991 2189 1042 2231 me
1056 2167 1221 2253 perferet?
1258 2191 1335 2253 quas
1350 2190 1409 2254 ego
1430 2190 1486 2232 ex-

158 2273 344 2350 spectassem
367 2261 542 2334 Brundisii,
565 2261 593 2325 si
617 2269 699 2324 esset
715 2257 834 2323 licitum
854 2280 913 2345 per
930 2270 1058 2335 nantas,
1081 2261 1136 2348 qui
1160 2269 1374 2347 tempestatem
1396 2283 1486 2347 prae·

158 2358 332 2423 termittere
357 2358 536 2422 noluerunt.
593 2353 688 2432 Quod
708 2353 864 2439 reliquum
882 2362 945 2427 est,
982 2364 1120 2420 sustenta
1141 2364 1188 2430 te,
1225 2377 1294 2421 mea
1316 2357 1485 2430 Terentia,

158 2462 193 2517 ut
218 2462 324 2536 potes,
347 2449 575 2515 honestissime.
632 2445 798 2522 Viximus3
832 2446 1013 2527 lloruimus;
1041 2470 1105 2514 non
1126 2449 1237 2514 vitium
1259 2461 1400 2515 nostrum
1429 2449 1485 2514 sed

158 2545 258 2610 virtus
278 2554 384 2609 nostra
407 2564 465 2608 nos
488 2541 606 2606 afflixit.
649 2544 814 2605 Peccatum
835 2550 882 2605 est
902 2543 1034 2618 nullum,
1057 2542 1118 2607 nisi
1142 2543 1229 2628 quod
1247 2565 1309 2609 nan
1330 2565 1393 2609 una
1419 2547 1486 2607 ani-

122 2656 241 2703 vomam
264 2659 334 2703 cum
357 2636 549 2702 ornamentis
572 2633 743 2699 amisimus.
787 2633 849 2698 Sed
878 2635 905 2699 si
925 2636 985 2701 boc
1004 2635 1064 2700 fuit
1083 2634 1191 2700 liberis
1213 2637 1329 2702 nostris
1349 2637 1483 2721 gratius,

158 2752 216 2797 nos
235 2732 360 2803 vivere,
383 2740 503 2823 cetera,
526 2748 714 2815 quamquam
741 2727 870 2792 lerenda
893 2750 956 2794 non
978 2739 1063 2804 sunt,
1086 2728 1234 2795 ieramus.
1277 2736 1378 2816 Atque
1400 2752 1482 2815 ego,
1515 2804 1518 2811 ,

158 2825 212 2911 qui
235 2834 264 2889 te
287 2824 454 2900 confirmo,
477 2824 544 2909 ipso
565 2843 615 2886 me
638 2841 702 2884 non
724 2840 862 2905 possum.
906 2829 935 2888 6.
959 2822 1104 2888 Clodium
1129 2821 1374 2898 Philhetaerum,
1397 2823 1484 2910 quod

157 2917 334 2984 valetudine
355 2918 521 2983 oculorum
543 2914 792 3001 impediebatur,
817 2917 973 2982 bominem
995 2915 1139 2989 lidelem,
1171 2917 1288 2982 remisi.
1333 2918 1484 2983 Salustius

158 3011 262 3076 officio
283 3011 380 3075 vineit
401 3032 521 3076 omnes.
578 3009 767 3074 Pescennius
789 3019 836 3075 est
856 3010 1086 3096 perbenevolus
1109 3009 1214 3088 nobis;
1243 3032 1335 3097 quem
1359 3032 1484 3096 semper

121 3123 252 3191 sosporo
282 3105 328 3170 tui
354 3104 424 3169 lore
442 3103 673 3169 observantem.
731 3104 817 3168 Sicca
839 3103 962 3169 dixerat
988 3125 1021 3169 se
1044 3125 1165 3168 mecum
1194 3103 1283 3178 lore,
1307 3104 1360 3170 sed
1383 3111 1485 3169 Brun·

158 3199 241 3264 disio
274 3199 425 3264 discessit.
480 3202 579 3272 Cura,
614 3196 719 3284 quoad
746 3210 850 3283 pates,
879 3208 914 3263 ut
935 3198 1057 3274 valeas,
1089 3206 1120 3261 et
1148 3199 1193 3261 sic
1215 3199 1395 3271 existimes,
1432 3221 1485 3264 me

157 3292 372 3358 vehementius
391 3303 442 3357 tua
460 3291 587 3356 miseria
609 3312 701 3377 quam
723 3313 792 3356 mea
816 3292 1020 3357 commoveri.
1062 3296 1131 3357 Mea
1152 3293 1314 3366 Terentia,
1338 3293 1485 3357 lidissima

158 3394 250 3471 atque
271 3386 390 3471 optima
411 3406 511 3458 uxor,
542 3394 573 3449 et
594 3406 663 3449 mea
685 3386 845 3451 carissima
867 3385 978 3459 liliola,
1001 3395 1032 3450 et
1053 3405 1125 3471 spes
1145 3385 1266 3471 reliqua
1287 3396 1410 3458 nostra,
1433 3387 1485 3453 Ci-

157 3499 254 3554 cero,
277 3480 389 3545 valete.
432 3477 537 3544 Pridie
558 3477 713 3544 Kalendas
734 3479 850 3555 llaias,
873 3479 1051 3545 Brundisio.

120 3683 150 3727 „
651 3651 681 3712 v.
725 3647 773 3731 (s.
799 3652 832 3713 o.
855 3652 886 3713 a.
908 3649 993 3732 aaa.)

494 3772 656 3835 TULLIUS
679 3772 710 3834 S.
732 3774 769 3834 D.
792 3773 1013 3836 TERENTllE
1036 3776 1144 3839 SUAE.

245 3889 273 3949 1.
301 3882 334 3947 Si
359 3875 392 3946 tu
415 3889 446 3946 et
467 3881 586 3957 Tullia,
619 3882 675 3946 lnx
696 3890 818 3956 nostra,
846 3883 973 3956 valetis,
1007 3905 1065 3969 ego
1088 3894 1120 3949 el
1147 3884 1349 3950 suavissimus
1372 3884 1483 3949 Cicero

157 3978 305 4043 valemus.
354 3976 458 4040 Pridie
493 3976 566 4040 ldns
599 3974 752 4041 Octobres
782 3975 916 4041 Athenas
948 3979 1106 4053 venimus,
1143 3999 1214 4044 cnm
1237 4000 1311 4043 sane
1344 3978 1483 4043 adversis

157 4071 258 4135 ventis
281 4068 331 4135 nsi
353 4090 493 4133 essemus
516 4069 666 4155 tardeque
688 4080 719 4135 et
741 4069 937 4135 incommode
962 4071 1204 4156 navigassemus.
1247 4078 1293 4137 lle
1322 4093 1401 4137 nave
1428 4093 1484 4137 ex·

120 4163 301 4228 lleuntibus
316 4161 407 4228 nobis
424 4169 553 4228 Acastus
574 4185 646 4228 eum
667 4164 779 4229 litteris
800 4175 925 4250 praesto
946 4164 1006 4231 fuit
1026 4166 1301 4231 unoetvicesimo
1317 4166 1386 4243 die,
1410 4188 1484 4232 sane

157 4266 294 4322 strenue.
345 4256 459 4342 Accepi
481 4267 549 4322 tuas
571 4257 704 4331 litteras,
727 4256 841 4345 quibus
868 4260 1007 4325 intellexi
1029 4271 1059 4325 te
1082 4260 1205 4335 vereri,
1242 4281 1281 4325 ne
1303 4261 1483 4346 superiores

157 4350 234 4415 mihi
263 4350 403 4416 redditae
428 4373 492 4417 non
526 4361 639 4417 essent.
699 4355 814 4418 Omnes
836 4363 907 4418 sunt
929 4354 1069 4420 redditae
1092 4354 1390 4442 diligentissimeque
1412 4377 1429 4419 a
1453 4364 1483 4420 lo

226 4523 254 4572 4.
275 4537 302 4571 rs
321 4523 477 4572 Lambinus.
500 4549 530 4559 -
566 4523 593 4572 (l.
615 4524 727 4574 Tulliola
744 4525 790 4575 lll:
808 4528 840 4576 ds
859 4527 972 4576 Tulliola
989 4527 1020 4576 E.
1043 4550 1073 4561 -
1092 4528 1156 4575 miti
1174 4532 1212 4575 ast
1230 4526 1266 4575 ll.
1289 4550 1320 4561 -
1352 4527 1395 4576 16.
1415 4527 1483 4577 abis·

156 4599 196 4643 sat
213 4598 323 4642 anctore
342 4594 430 4642 amico
449 4594 573 4642 Lambini
592 4593 634 4643 li:
663 4595 759 4645 abesset
777 4596 814 4646 Μ.
844 4620 874 4631 -
909 4598 1051 4659 pertineret
1070 4596 1092 4645 l.
1113 4597 1157 4647 Fr.
1177 4595 1349 4646 Gronovius:
1370 4600 1483 4660 pertins-

156 4670 215 4713 rsut
232 4663 292 4712 ΜΕ.
313 4686 345 4698 -
380 4663 424 4712 23.
442 4669 537 4725 potas,
556 4664 741 4715 taanrustms.
780 4667 896 4716 Vicimus
908 4667 1082 4729 Madvigius:
1101 4673 1184 4728 potas.
1216 4667 1400 4716 Honestissima
1411 4669 1482 4717 virl-

155 4746 213 4782 mus
243 4733 273 4781 E.
303 4756 332 4765 -
369 4732 413 4781 26.
444 4747 602 4797 quamquam
628 4735 735 4798 seranda
763 4743 825 4785 suat
855 4737 902 4796 M,
932 4738 1037 4800 putando
1065 4735 1173 4798 suenda
1198 4744 1258 4785 suut
1287 4736 1429 4787 Minutins.
1450 4763 1482 4773 —

155 4803 200 4852 27.
219 4802 411 4851 Philhetaerum
428 4802 473 4856 M:
493 4804 666 4854 Plu'lstasrum
692 4806 722 4854 li.
743 4830 777 4839 -
794 4807 838 4857 29.
858 4809 938 4856 uincit
957 4807 1114 4855 Ernestins:
1141 4808 1223 4854 eiurat
1244 4807 1279 4856 Μ.
1302 4831 1332 4841 -
1352 4807 1394 4856 31.
1414 4807 1485 4872 quad

156 4872 193 4923 bl·
216 4898 244 4909 —
292 4872 336 4922 33.
359 4872 473 4923 Tulliola
490 4872 584 4924 aluus.
607 4898 634 4912 -
671 4875 715 4930 tl.
735 4876 803 4929 Maii
821 4876 851 4926 ll.
874 4900 904 4912 -
941 4876 984 4926 33.
1005 4877 1199 4942 dilipsutissims
1216 4891 1282 4940 auae
1299 4891 1317 4926 a
1335 4877 1372 4927 M.
