3256 5400
208 225 270 291 114
631 224 907 295 El'lS'l'OLlllilll
926 228 980 291 ln
1001 229 1092 294 ratt.

205 381 292 448 liaris
312 401 411 448 meus.
462 383 492 448 2.
521 380 584 447 Sed
604 402 741 468 monam
762 382 859 448 modo
880 383 929 448 ins
951 382 1042 449 civile
1063 382 1229 459 defendes,
1251 405 1322 451 crim
1343 385 1449 451 omnia
1471 393 1524 452 tna

205 496 298 542 cansa
312 475 427 549 iacias„
448 496 513 540 non
527 474 664 543 civium?
706 475 765 542 Ubi
785 497 883 564 porro
898 477 951 542 illa
965 478 1026 543 erit
1038 477 1338 553 formulafidnciae,
1361 499 1405 544 vn
1421 498 1523 546 innan

205 587 315 637 nonos
336 587 422 634 anna
443 587 547 634 aaran
569 585 734 635 oroarnr.
792 570 871 647 Quis
899 571 982 635 enim
1012 579 1074 644 est,
1107 571 1161 657 qui
1192 571 1265 636 lacit
1285 571 1363 638 nihil
1383 572 1445 638 nisi
1464 594 1522 638 sua

205 667 317 728 causat
351 660 446 738 Quod
475 661 525 725 ins
550 671 667 730 statues
701 680 855 733 connum
888 683 1104 737 nrvmvnno,
1140 674 1220 730 cum*
1246 685 1412 731 commune
1443 665 1522 731 nihil
1613 662 1615 667 ’

181 755 304 843 apnssit
333 773 402 823 csse
431 754 513 840 apud
542 775 611 828 eos,
644 755 698 840 qui
719 758 823 822 omnia
852 758 1009 844 voluptate
1037 779 1095 823 sna
1124 758 1320 825 metiuntur?
1351 759 1521 836 Quomodo

204 859 309 917 autem
337 847 394 913 tibi
429 848 565 935 placebit
591 853 703 914 lovnnr
729 869 879 916 minnan
900 851 1026 927 iurare,
1059 872 1131 916 cum
1151 852 1244 925 scias,
1275 857 1382 917 lovem
1404 851 1521 918 iratum

204 966 273 1012 esse
292 943 409 1008 nemini
431 949 544 1029 posset
582 942 666 1020 Quid
687 943 740 1007 liet
765 964 863 1029 porro
891 944 1009 1030 populo
1031 943 1207 1016 Ulubrano,
1243 943 1271 1009 si
1295 954 1331 1009 tu
1351 939 1526 1018 statueris,

203 1039 429 1106 antummum
458 1057 522 1102 non
551 1043 720 1123 oporteret
754 1038 860 1113 Quare
889 1038 916 1101 si
945 1037 1076 1123 planca
1107 1036 1199 1102 nobis
1230 1037 1351 1112 dctich,
1387 1038 1520 1104 moleste

203 1134 289 1213 lero3
322 1133 517 1208 sin.Pansae
549 1131 700 1198 assentari
727 1129 926 1196 commodum
948 1141 1010 1203 est,
1033 1129 1173 1214 ignosco.
1225 1131 1320 1198 Modo
1336 1131 1440 1198 scribe
1463 1133 1520 1199 ali-

167 1226 329 1314 oquando
351 1226 391 1294 ad
412 1247 487 1300 nos,
509 1225 586 1313 quid
607 1245 680 1311 agas
701 1234 732 1290 et
752 1222 882 1290 anobis
903 1222 979 1310 qnid
1001 1222 1071 1289 fieri
1092 1232 1147 1290 ant
1167 1224 1273 1292 curari
1293 1225 1381 1292 velis.

657 1368 745 1430 1111.
787 1363 837 1446 (A.
863 1366 896 1428 u
917 1365 950 1428 c.
971 1366 1061 1444 ror.)

582 1490 623 1553 Μ.
646 1485 789 1552 CICERO
812 1487 844 1550 S.
865 1488 903 1549 D.
926 1485 1133 1550 TREBATIO.

286 1605 315 1666 1.
350 1599 476 1665 Adeone
505 1618 555 1662 me
584 1597 733 1662 iniustum
760 1616 829 1662 esse
862 1596 1061 1671 existimasti,
1096 1606 1133 1662 ut
1152 1595 1210 1661 tibi
1230 1597 1400 1674 irascerer,
1430 1599 1517 1686 qnod

201 1715 312 1780 parum
334 1694 410 1758 mihi
430 1701 575 1758 constans
597 1700 627 1756 ct
650 1690 781 1758 nimium
803 1689 935 1776 cupidus
958 1689 1129 1757 decedendi
1147 1690 1293 1756 viderere
1315 1692 1357 1758 ob
1383 1715 1517 1781 eamque

165 1800 325 1852 ¹⁶causam
353 1807 404 1851 me
425 1785 616 1851 arbitrarere
639 1785 759 1850 litteras
784 1784 823 1849 ad
845 1792 876 1849 te
896 1783 1015 1850 iamdiu
1035 1804 1099 1849 non
1120 1783 1264 1850 misisse?
1299 1785 1374 1852 blibi
1391 1798 1517 1872 portur-

200 1879 285 1945 batio
313 1879 409 1945 animi
437 1879 497 1955 tui,
534 1899 627 1966 quam
655 1878 766 1965 primis
792 1876 903 1942 litteris
928 1875 1170 1963 perspiciebam,
1207 1877 1382 1944 molestiam
1403 1875 1517 1946 attulit.

198 1977 305 2062 Neque
338 1973 399 2038 alia
425 1972 489 2038 uda
516 1971 576 2038 fuit
603 1993 695 2038 cansa
721 1970 961 2037 intermissionis
986 1970 1204 2057 epistolarum,
1240 1970 1301 2037 nisi
1322 1971 1423 2063 quod,
1459 1971 1517 2040 ubi

198 2086 298 2139 esses,
327 2066 418 2152 plane
440 2065 627 2137 nesciebam.
683 2064 742 2130 llic
760 2072 795 2130 tn
815 2085 867 2129 me
891 2063 984 2128 etiam
1005 2063 1166 2129 insimulas
1192 2083 1250 2128 nec
1274 2064 1516 2132 satisfactionem

68 2214 70 2219 .
198 2179 299 2225 meam
321 2158 445 2245 accipis.
498 2157 596 2233 dudi,
632 2163 722 2225 Testa
747 2155 806 2222 mi:
840 2165 946 2221 utrum
969 2155 1189 2243 superbiorem
1213 2167 1244 2222 te
1268 2158 1401 2245 pecunia
1425 2158 1514 2236 lacit,

161 2263 238 2314 wan
259 2249 344 2337 quod
364 2259 393 2315 te
413 2246 587 2339 imperator
614 2250 772 2318 consulit?
804 2248 939 2326 Moriar,
972 2249 1020 2326 ni,
1055 2271 1136 2336 qnae
1157 2259 1210 2316 tna
1228 2251 1407 2338 gloriaest,
1437 2261 1515 2338 puto

197 2353 229 2409 te
249 2345 341 2410 malle
364 2366 382 2409 a
403 2348 536 2411 Caesare
557 2345 678 2412 consuli
697 2365 792 2434 quam
810 2342 959 2410 inaurari.
1002 2342 1132 2410 sivero
1155 2353 1323 2434 utrumque
1346 2352 1406 2418 est,
1444 2343 1515 2431 quis

197 2448 227 2504 te
249 2437 329 2503 leret
356 2447 482 2525 praeter
508 2460 576 2514 me,
612 2438 666 2526 qui
690 2437 797 2504 omnia
827 2435 911 2500 serre
937 2442 1089 2522 possum?
1141 2442 1172 2503 2.
1200 2437 1278 2511 Sed,
1316 2447 1352 2503 ut
1372 2435 1414 2503 ad
1445 2459 1515 2503 rem

197 2529 343 2605 redeam,
367 2540 397 2595 te
421 2531 492 2596 istic
508 2531 640 2597 invitum
659 2553 723 2597 non
750 2550 819 2596 esse
842 2529 1044 2596 vehementer
1062 2531 1201 2616 gaudeo,
1224 2539 1272 2606 et,
1293 2540 1330 2597 nt
1350 2528 1516 2597 illuderet

199 2625 382 2700 molestum,
409 2624 454 2690 sic
480 2622 540 2690 hoc
558 2633 605 2691 est
629 2623 811 2690 iucundum.
868 2629 1000 2691 Tantum
1023 2636 1144 2699 metuo,
1173 2646 1214 2693 ne
1237 2623 1403 2693 artificium
1426 2634 1516 2692 tuum

161 2729 189 2770 ⁸³
201 2715 259 2781 tibi
278 2737 390 2804 parum
412 2716 522 2803 prosit.
545 2713 654 2793 ¹Nam,
675 2726 712 2782 ut
727 2715 835 2791 audio,
856 2717 927 2786 istic

324 2841 393 2903 Noa
412 2859 451 2913 aa
471 2841 538 2902 iure
559 2851 682 2902 osonum
702 2849 885 2912 comestum,
906 2842 957 2905 sed
976 2861 1062 2924 oropo
1079 2843 1165 2923 ferro

321 2935 396 2997 Rem
417 2943 559 3015 repetunt.

195 3057 235 3118 Et
256 3059 291 3118 tu
311 3052 394 3118 soles
414 3052 455 3118 ad
474 3053 539 3118 vim
564 3051 740 3118 faciundam
755 3051 918 3118 adhiberit
939 3074 1042 3140 neque
1060 3062 1122 3127 est,
1144 3052 1231 3142 qnod
1247 3053 1331 3119 illam
1352 3052 1515 3141 exceptio-

196 3167 269 3212 nem
297 3147 329 3211 in
358 3145 524 3212 interdicto
552 3147 773 3232 pertimescas:
811 3164 879 3221 ovo
903 3164 947 3212 rv
968 3165 1073 3212 aaron
1095 3166 1130 3212 vr
1152 3165 1343 3214 nourmnvs
1364 3166 1513 3214 sanaris

159 3251 266 3306 ”non
286 3259 448 3318 vnnnn1s3
476 3240 543 3305 scio
571 3240 670 3314 enim,
702 3249 733 3305 te
765 3259 829 3304 non
856 3259 925 3304 esse
953 3259 1117 3328 procacem
1143 3240 1176 3304 in
1197 3240 1388 3307 lacessendo.
1431 3238 1513 3315 Sed,

196 3342 231 3399 ut
260 3355 320 3419 ego
352 3353 479 3421 quoque
507 3341 537 3397 te
569 3333 686 3420 aliquid
718 3333 902 3399 admoneam
924 3332 964 3398 de
985 3334 1096 3398 vestris
1117 3333 1328 3400 cantionibus:
1364 3334 1513 3400 Treviros

196 3428 275 3493 vites
292 3448 420 3505 oensem
453 3427 548 3493 audio
569 3428 717 3515 capitales
739 3446 825 3505 esse;
858 3427 982 3491 mallem
1004 3448 1103 3502 euro,
1132 3448 1226 3503 aere,
1249 3435 1380 3514 argento
1399 3437 1513 3493 essent

196 3521 259 3586 Sed
288 3522 364 3586 alias
392 3519 577 3587 iocabimur.
612 3527 667 3587 >Tu
695 3521 734 3586 ad
762 3521 877 3587 mede
905 3522 973 3590 istis
994 3522 1090 3590 rebus
1111 3521 1257 3590 omnibns
1278 3520 1398 3590 scribas
1418 3520 1519 3587 velim·

196 3635 291 3702 qnam
312 3613 558 3700 diligentissime.
600 3619 638 3681 D.
660 3634 727 3680 1111.
749 3619 828 3681 Non.
849 3620 939 3682 Mart.
1515 3645 1518 3652 ·

159 3779 188 3821 a
657 3758 737 3820 rm
780 3755 829 3841 (l.
855 3760 887 3822 u.
910 3760 941 3822 c.
964 3755 1049 3842 ror.)

146 3901 148 3904 -
670 3868 812 3934 cronno
834 3869 1040 3935 summm.

282 3991 310 4052 1.
333 3985 523 4078 Chrysippus
544 3987 680 4063 Vettius,
704 3988 775 4076 Cyri
796 3987 956 4053 architecti
976 3986 1127 4064 libertus,
1149 3987 1239 4062 lecit,
1262 3997 1298 4054 nt
1317 3997 1349 4054 tc
1369 4010 1434 4055 non
1455 3990 1513 4056 im·

195 4100 369 4146 memorem
390 4094 531 4168 putarem
552 4082 630 4160 mei;
653 4081 785 4146 salutem
805 4082 888 4147 enim
909 4079 1016 4147 verbis
1037 4083 1100 4147 tuis
1120 4081 1198 4148 mihi
1219 4083 1385 4149 nuntiarat
1413 4085 1513 4152 Valde

196 4177 257 4240 iam
279 4175 381 4241 lautus
403 4195 451 4252 es,
474 4177 528 4263 qni
550 4195 681 4262 gravere
703 4175 820 4241 litteras
842 4174 881 4240 ad
902 4197 953 4241 me
968 4174 1059 4251 dare,
1082 4175 1202 4242 bomini
1215 4177 1513 4264 praesertimpropo

158 4266 378 4334 ”domestico
431 4268 551 4347 Quodsi
579 4268 719 4333 scribere
747 4267 863 4333 oblitus
891 4288 942 4343 es,
979 4269 1084 4334 minus
1112 4269 1202 4335 multi
1224 4273 1285 4335 iam
1307 4278 1338 4335 te
1359 4270 1513 4336 advocato

265 4441 292 4490 2.
310 4442 390 4504 focus
407 4443 468 4492 cod.
488 4442 562 4504 Lips.
597 4466 626 4478 -
662 4441 688 4490 ³·
708 4442 780 4492 Fort.
801 4441 864 4504 Quo
881 4443 950 4492 sotor
968 4439 1050 4505 (hene
1067 4440 1158 4505 aget),
1185 4444 1230 4506 out
1251 4444 1317 4506 rosit
1334 4448 1387 4494 cet.
1407 4443 1459 4495 On.
1480 4468 1511 4480 -

194 4508 445 4574 'Lfietporrohls
470 4509 665 4577 porroplstll.
690 4536 719 4548 -
757 4511 890 4563 strobi:
916 4511 1040 4563 silh—
1076 4508 1323 4574 9.sst]sthl.-
1359 4513 1513 4576 improbi·

194 4581 244 4629 aab
263 4593 318 4638 ma.
338 4580 444 4644 Repett.
464 4581 559 4632 hamb.
581 4604 610 4616 -
645 4579 694 4632 25.
709 4587 740 4631 ot
757 4581 838 4631 oudto
855 4580 902 4631 Ma
920 4583 961 4632 tte
979 4582 1060 4632 oudto
1078 4581 1108 4633 ll.
1130 4606 1160 4616 -
1191 4580 1235 4632 26.
1255 4596 1331 4647 mapa
1348 4582 1511 4634 unctum:

194 4653 278 4715 mopts
296 4650 355 4700 ME.
373 4674 403 4686 -
422 4650 467 4701 28.
484 4651 557 4702 Fert.
575 4650 619 4702 Set
636 4656 666 4700 tu
682 4651 748 4701 soter
764 4674 776 4688 ·
792 4674 803 4687 ·
820 4650 946 4702 ndtttsrt.
966 4651 1017 4704 01.
1032 4674 1063 4688 -
1082 4650 1127 4702 m.
1146 4649 1342 4710 praestetur:
1360 4665 1432 4712 oron
1450 4652 1511 4704 llll.

195 4718 250 4770 Cir.
272 4720 402 4771 Huschkii
421 4719 501 4771 Anal.
521 4722 571 4771 litt.
593 4735 620 4784 p.
639 4721 699 4771 152.
727 4743 758 4756 -
794 4719 838 4772 ³0.
858 4735 910 4772 ror
927 4721 1038 4772 seclusit
1055 4719 1085 4771 ll.
1113 4745 1142 4758 -
1180 4719 1224 4771 st.
1242 4724 1335 4772 oestrtr
1351 4721 1395 4772 hl:
1414 4723 1514 4774 nostris

195 4789 226 4911 ἓ.
263 4789 319 4843 Ctr.
346 4805 407 4840 mor
434 4791 482 4854 Bp.
509 4792 558 4851 18,
578 4792 604 4841 1.
631 4812 659 4827 -
695 4791 801 4843 treviros
818 4790 857 4844 ll.
878 4817 907 4830 -
929 4790 974 4842 82.
992 4797 1123 4857 arpenta,
1141 4789 1258 4853 mrsu,
1276 4791 1386 4844 hmhrr.
1405 4793 1434 4845 d.
1454 4791 1519 4855 ld,
