3256 5400
673 247 732 309 ΕΡ.
753 247 806 309 ΑΙ)
828 245 999 308 Al'TlCllM

644 403 714 468 ιιι.
759 400 809 485 (ι.
836 404 869 468 ιι
893 403 923 467 c.
946 401 1031 482 rio.)

642 543 785 610 CICERO
817 544 961 608 A'l'TlCO
993 544 1025 606 S.

264 685 289 746 i.
322 684 404 743 Bene
427 671 604 740 mehercule
631 671 672 737 de
699 672 863 738 Buthroto.
906 670 945 736 At
972 691 1033 758 ego
1058 670 1208 736 Tironem
1237 672 1276 737 ad
1306 671 1504 739 Dolabellam

175 797 245 839 cum
262 770 386 843 litteris,
409 767 481 854 quia
502 767 656 841 iusseras,
680 765 837 831 miseram.
875 763 960 842 Quid
982 770 1094 829 noeetr
1115 769 1162 829 De
1178 766 1294 831 nostris
1315 777 1423 831 autem
1443 770 1506 830 An·

153 866 300 934 stiatibus
322 863 396 928 satis
412 858 542 925 videbar
557 861 649 944 plane
663 861 842 944 scripsisse,
865 868 978 923 utnon
997 857 1171 932 dubitares,
1195 869 1297 924 essent
1315 860 1392 946 quin
1407 857 1504 925 otiosi

174 957 270 1023 futuri
299 955 450 1038 usurique
479 951 632 1019 beneficio
661 953 785 1017 Antonii
815 952 1053 1017 contumelioso.
1109 952 1233 1019 Cassius
1262 951 1504 1018 frumentariam

174 1073 241 1117 rem
263 1047 497 1135 aspernabatur.
540 1051 616 1112 Eam
638 1047 770 1111 Servilia
793 1045 983 1110 sublaturam
1006 1066 1046 1110 ex
1062 1057 1187 1111 senatus
1209 1047 1353 1113 consulto
1374 1067 1410 1111 so
1435 1065 1506 1109 esse

174 1143 306 1211 dicebat.
349 1147 462 1206 Noster
483 1161 576 1215 vero,
598 1151 655 1207 καὶ
668 1141 760 1223 μάλα
776 1141 911 1224 σεμνός,
933 1140 965 1203 in
987 1145 1107 1215 Asiam,
1130 1149 1332 1226 posteaquam
1355 1138 1435 1204 mihi
1458 1147 1507 1203 est

174 1259 318 1304 assensus
341 1247 407 1302 tuto
430 1255 463 1299 se
480 1239 598 1300 Romae
620 1255 689 1300 esse
712 1257 774 1299 non
794 1255 940 1319 posse-
957 1232 1048 1298 ludos
1070 1234 1152 1299 enim
1165 1235 1287 1308 ¹absens
1308 1234 1415 1305 lacere
1440 1253 1506 1296 ma·

142 1332 257 1396 nolebat
277 1367 335 1404 —,
357 1329 460 1394 statim
482 1338 586 1394 autem
609 1328 798 1400 seiturnm,
820 1328 912 1392 simul
935 1348 972 1392 ac
992 1324 1140 1392 ludorum
1162 1340 1345 1414 apparatum
1368 1328 1425 1401 iis,
1450 1325 1506 1411 qui

174 1425 314 1490 curaturi
341 1433 458 1495 essent,
490 1421 675 1487 tradidisset.
719 1421 847 1505 Nauigia
875 1420 1056 1506 colligebat;
1087 1432 1155 1485 erat
1183 1423 1304 1486 animus
1333 1422 1368 1486 in
1395 1440 1505 1484 cursu.

173 1522 296 1585 interea
321 1518 355 1582 in
377 1515 493 1581 eisdem
521 1516 598 1580 loeis
628 1524 717 1580 erant
739 1514 848 1579 futuri.
890 1520 1006 1579 Brutus
1028 1514 1155 1600 quidem
1180 1514 1336 1581 seuiebat
1357 1518 1505 1579 Asturae.

174 1616 206 1676 2.
228 1616 262 1676 L.
278 1610 402 1696 quidem
420 1608 572 1675 Antonius
595 1607 764 1673 liberaliter
785 1608 896 1672 litteris
918 1601 985 1673 sine
1000 1629 1075 1672 cura
1099 1629 1236 1673 measse
1257 1607 1355 1673 iubet.
1391 1605 1505 1672 Habeo

175 1726 272 1772 unum
296 1702 497 1778 beneficium
519 1702 651 1769 alterum
669 1701 816 1775 lortasso,
839 1700 864 1766 si
884 1701 915 1766 in
931 1701 1139 1767 Tusculanum
1162 1702 1292 1767 venerit.
1333 1700 1504 1786 Onegotia

141 1819 239 1865 rsnon
267 1795 411 1861 serenda!
440 1816 521 1881 quae
549 1796 695 1860 feruntur
725 1805 838 1860 tamen.
884 1799 961 1860 Τῶν
990 1799 1018 1861 δ’
1046 1805 1157 1862 αἰτίαν
1184 1803 1248 1862 τῶν
1276 1799 1433 1879 Βρούτων
1460 1805 1506 1869 τις

175 1890 274 1970 sigere
305 1890 491 1965 Octaviano,
520 1898 555 1953 ut
583 1888 746 1975 perspexi,
776 1888 850 1953 satis
872 1889 1004 1972 ingenii,
1035 1893 1109 1955 satis
1130 1889 1242 1965 animi:
1273 1888 1505 1972 videbaturque

175 1992 250 2067 erga
273 1992 397 2048 nostros
420 1983 528 2069 ἥρωας
550 1983 592 2047 ita
613 1981 700 2058 lore,
723 1991 759 2046 ut
773 2003 831 2046 nos
845 1983 1010 2056 vellemus,
1033 1987 1195 2051 animatus.
1232 1982 1293 2048 Sed
1311 1982 1388 2070 quid
1410 1981 1505 2046 aetati
1548 1979 1552 1985 ’

175 2075 365 2142 credendum
381 2077 433 2147 sit,
457 2075 531 2161 quid
548 2076 682 2150 nomini,
705 2076 779 2162 quid
800 2076 980 2149 hereditati,
1003 2075 1079 2161 quid
1093 2078 1285 2156 κατηχήσιι,
1308 2074 1415 2160 magni
1430 2096 1506 2139 con-

175 2173 238 2236 silii
267 2182 322 2236 est.
366 2171 502 2235 Vitricus
530 2169 656 2255 quidem
686 2169 762 2234 nibil
784 2169 945 2246 censebat;
976 2190 1069 2255 quem
1092 2176 1224 2234 Asturae
1253 2171 1397 2235 uidimus.
1443 2167 1505 2233 Sed

140 2277 278 2332 satamon
302 2264 429 2330 alendus
445 2272 507 2340 est;
529 2273 573 2337 et,
596 2273 630 2329 ut
644 2263 718 2327 nibil
738 2262 838 2336 aliud,
861 2261 900 2328 ab
923 2262 1058 2328 Antonio
1080 2262 1300 2349 seiungendus.
1336 2262 1505 2328 Marcellus

176 2359 351 2445 praeclare,
384 2357 409 2422 si
433 2357 585 2443 praecipit
610 2357 751 2436 †n0stro
773 2357 889 2422 nostri:
921 2357 970 2421 cui
993 2356 1120 2444 quidem
1141 2356 1194 2420 ille
1216 2356 1338 2422 deditus
1360 2355 1436 2420 mihi
1460 2357 1507 2420 vi·

177 2451 319 2516 debatur.
356 2457 472 2516 Pansae
486 2463 590 2517 autem
613 2461 644 2517 ct
658 2450 761 2516 Hirtio
783 2472 845 2515 non
866 2450 959 2516 nimis
981 2447 1137 2516 credebat.
1174 2454 1261 2516 Bona
1281 2448 1415 2523 indoles,
1439 2451 1505 2514 ἕοὶι

179 2551 335 2630 διαμείνῃ.

632 2706 721 2770 ιιιι.
765 2707 818 2781 (A.
845 2707 877 2769 u
901 2707 932 2770 c.
956 2709 1046 2782 ιιι.)

142 2884 169 2927 ι.
537 2827 541 2836 ’
660 2846 804 2909 cronno
827 2848 970 2911 arrico
993 2848 1023 2909 c.

266 2982 293 3040 t.
321 2994 398 3041 vrit.
426 2976 492 3041 Kal.
523 2976 600 3040 duas
621 2997 640 3040 a
663 2985 693 3039 te
715 2975 821 3061 accepi
851 2975 1007 3061 epistolas.
1051 2975 1259 3061 Respondebo
1286 2976 1380 3061 igitur
1402 2979 1504 3064 priori

177 3069 275 3155 prius.
318 3069 479 3134 Assentior
506 3068 580 3143 tibi,
609 3083 643 3136 ut
671 3091 729 3133 nec
755 3068 848 3135 duces
876 3069 973 3134 simus
996 3089 1053 3133 nec
1075 3090 1184 3154 agmen
1208 3091 1369 3156 cogaruus;
1401 3071 1506 3136 iarea-

178 3185 247 3228 mus
270 3174 383 3228 tamen.
428 3163 609 3228 Orationem
632 3161 687 3226 tibi
712 3163 792 3227 misi.
831 3162 905 3226 Eius
927 3162 1148 3227 custodiendae
1170 3176 1201 3229 et
1223 3163 1432 3248 proferendae
1454 3187 1506 3231 ar

177 3255 305 3323 bitrium
329 3268 426 3322 tuum.
470 3254 531 3321 Sed
554 3255 679 3342 quando
702 3257 789 3321 illum
812 3254 912 3332 diem,
935 3277 1004 3320 cum
1029 3268 1061 3321 tu
1083 3255 1236 3322 edendam
1257 3264 1368 3343 putes‘l
1402 3264 1432 3322 2.
1456 3263 1506 3323 Ιιι-

143 3348 299 3423 arducius,
322 3367 399 3435 quas
413 3348 541 3422 scribis,
565 3371 628 3413 non
644 3351 784 3434 intelligo
799 3348 868 3414 lieri
885 3370 987 3434 posse.
1023 3350 1135 3414 Melior
1150 3360 1197 3415 est
1211 3355 1503 3432 duartcmoupsta,

177 3463 238 3527 qua
268 3464 318 3506 me
348 3464 479 3507 usurum
507 3442 653 3509 arbitror.
699 3442 793 3520 Quod
820 3442 930 3507 scribis
960 3442 1099 3527 legiones
1127 3442 1203 3508 duas
1225 3445 1426 3510 Brundisium
1451 3466 1510 3538 ve·¹

178 3536 276 3609 nisse,
299 3558 355 3600 vos
378 3538 482 3601 omnia
504 3539 601 3622 prius.
646 3537 772 3603 Scribas
794 3537 904 3620 igitur,
927 3536 1079 3622 quidquid
1102 3537 1250 3603 audieris.
1294 3544 1323 3604 3.
1351 3538 1504 3604 Varronis

177 3630 333 3712 διάλογον
356 3643 513 3716 exspecto.
557 3636 622 3695 lam
643 3629 747 3716 probo
765 3634 1031 3717 ‘Hpcraieclemm
1061 3632 1245 3715 praesertim
1268 3652 1339 3696 cunr
1361 3642 1393 3695 tu
1418 3642 1503 3695 turtio

177 3742 276 3807 opere
298 3723 471 3801 delectere3
494 3724 549 3788 sed
571 3725 663 3811 quale
686 3725 779 3797 velis,
803 3724 897 3789 velim
919 3724 1010 3789 scire.
1048 3725 1141 3800 Quod
1162 3725 1203 3789 ad
1225 3736 1254 3790 te
1276 3734 1387 3790 autea
1409 3736 1503 3809 atque

186 3879 226 3886 -a
255 3880 357 3887 -..u-u.
405 3884 413 3887 ..
441 3883 482 3887 ⁷-.
508 3883 563 3887 --..
583 3884 860 3890 ..-—.--.-——·-
1066 3884 1259 3890 ——.-———.
1281 3884 1313 3889 .-,-
1400 3884 1404 3888 .
1428 3883 1497 3890 —-—

246 3951 272 3999 5.
299 3951 433 4000 dubitaris
450 3951 501 4001 Ml.
526 3977 556 3987 -
593 3952 816 4015 quinersentli,
836 3967 985 4017 rursusque
1003 3953 1163 4004 Lambinus.
1182 3978 1216 3989 -
1251 3953 1279 4004 7.
1304 3949 1347 4015 sc]
1366 3953 1447 4003 deli.
1471 3977 1500 3990 —

177 4020 203 4070 8.
223 4032 285 4069 cero
304 4021 402 4070 Brutus
421 4022 530 4071 Graecis
548 4023 655 4071 omissis
674 4022 704 4072 R.
733 4049 756 4058 -
798 4025 848 4073 καὶ
866 4023 947 4088 μάλα
965 4023 1079 4088 σεμνῶς
1097 4038 1159 4073 cum
1179 4037 1233 4086 mg.
1255 4023 1327 4073 Crat.
1346 4024 1502 4082 Manutius,

176 4091 226 4139 καὶ
243 4086 312 4156 μάλ’
329 4085 461 4156 ἄσμενος
479 4092 545 4142 Cod.
566 4093 600 4147 ti)
620 4092 727 4148 Ursini,
746 4094 818 4156 quod
839 4095 936 4155 placet.
964 4094 1015 4144 On.
1034 4119 1067 4129 —
1097 4095 1122 4144 a.
1143 4095 1267 4143 obsecras
1286 4107 1327 4156 pr.
1347 4093 1389 4154 M,
1410 4094 1503 4142 adrem

175 4174 219 4209 aus
237 4173 308 4210 corr.
328 4161 364 4210 M·
390 4185 416 4193 -
444 4163 486 4212 10.
507 4163 546 4211 bia
563 4161 615 4211 Ml.
637 4184 667 4198 -·
690 4166 731 4212 tt.
752 4163 923 4213 tradidissent
944 4178 983 4228 pr.
1004 4163 1041 4213 M.
1063 4189 1093 4199 -
1115 4166 1157 4214 12.
1178 4164 1279 4212 bisdnm
1296 4163 1334 4214 M.
1355 4189 1385 4198 -
1404 4175 1431 4212 aa
1449 4163 1504 4211 ote

176 4229 222 4279 but
240 4229 277 4278 ad
293 4237 367 4278 stura
387 4245 427 4293 pr.
448 4232 485 4282 M.
506 4258 533 4268 —
555 4231 668 4281 Asturae
686 4234 829 4298 affuturum
849 4234 870 4282 l.
896 4234 988 4284 -1A
1008 4237 1136 4298 sortasse,
1156 4237 1180 4284 ai
1199 4236 1229 4282 in
1247 4247 1309 4282 cum
1324 4234 1437 4282 Ascens.
1459 4246 1501 4295 pr.

176 4306 203 4350 at
221 4312 276 4348 sec.
296 4301 452 4350 Schuetzius
472 4304 499 4350 in
519 4303 566 4351 Ed.
588 4304 670 4353 mair
699 4303 811 4364 fortusse
829 4304 954 4365 tanil,
982 4303 1111 4365 fortuna,
1129 4305 1205 4354 niin
1225 4302 1282 4353 lili.
1309 4328 1339 4338 -
1376 4304 1420 4352 15.
1448 4299 1503 4352 τάν

62 4402 72 4423 .
174 4367 204 4420 it
228 4370 369 4419 Victorius.
407 4371 452 4427 (Ut
472 4386 535 4426 nos,
555 4372 587 4420 X.
627 4373 666 4423 lla
686 4374 713 4423 M
734 4388 787 4423 uon
808 4376 1019 4433 satisconstat.)
1045 4400 1076 4410 -
1114 4390 1155 4437 τις
1172 4371 1263 4435 rixavi
1288 4372 1447 4421 Lambinus·
1472 4396 1498 4405 -

176 4439 219 4489 iti.
238 4441 267 4488 in
287 4440 397 4489 Octavio
416 4441 437 4489 l.
461 4467 487 4478 -
521 4443 660 4492 videbatur
678 4455 745 4506 quoa
763 4444 784 4492 l.
809 4467 836 4478 -
867 4445 908 4494 17.
929 4442 1003 4508 ergo]
1024 4445 1096 4507 opud
1114 4445 1146 4494 tt.
1167 4467 1200 4479 -
1229 4443 1273 4492 21.
1292 4452 1385 4493 nostro
1403 4438 1502 4503 nostri]

176 4509 271 4558 Latere
291 4511 416 4560 videntur
434 4525 476 4561 ιι.
496 4510 609 4562 Graeca.
639 4513 689 4563 On.
722 4540 748 4549 -
787 4514 830 4563 22.
851 4512 942 4577 nimis]
961 4515 1099 4564 miriusli.
1128 4538 1159 4550 -
1198 4513 1241 4562 23.
1268 4511 1391 4579 διαμενη
1410 4513 1440 4562 ll·
1472 4538 1502 4548 -·

175 4579 219 4628 26.
241 4578 341 4628 Octavo
361 4581 405 4629 lli.
428 4604 456 4615 -
490 4584 684 4642 epistoturdet.
706 4598 775 4633 corr.
795 4585 838 4644 M,
857 4585 961 4634 litterar
980 4585 1002 4634 l.
1025 4610 1054 4621 -
1093 4583 1135 4634 28,
1157 4583 1269 4633 Malim:
1288 4584 1355 4632 Eius
1372 4592 1395 4633 et
1415 4587 1502 4630 eusto—
1566 4580 1573 4590 '

176 4648 298 4698 diendue.
326 4649 377 4703 02.
400 4676 426 4686 -
467 4651 511 4700 29.
531 4655 657 4701 tuumrit
677 4654 698 4702 l.
722 4679 749 4690 -
788 4656 856 4703 diem
874 4669 932 4704 cum
951 4655 1049 4704 tuendo
1064 4661 1142 4715 putes
1159 4653 1230 4715 Mll,
1249 4655 1320 4702 diem
1337 4653 1503 4702 intuendum

171 4726 249 4781 putes
269 4720 290 4769 i.
310 4744 343 4754 -
378 4721 421 4771 30.
441 4736 678 4793 αναντιφορησια
696 4724 727 4772 tt.
752 4748 779 4760 -
816 4724 859 4774 31.
880 4725 1026 4789 legationes
1043 4725 1118 4775 Mlti.
1156 4725 1243 4780 (Corr.
1263 4735 1351 4785 cmg.
1372 4723 1500 4780 Crat.)-

174 4788 219 4906 ῗί2.
232 4791 547 4916 ‘'flodaillddeovmlblam
560 4790 656 4855 probol
675 4793 798 4855 improbo
818 4795 893 4845 Mill.
929 4794 1018 4857 (Corr.
1039 4792 1202 4856 Manutius.)
1223 4817 1253 4831 ···
1287 4786 1502 4865 ‘Mpauletc'aion
