3256 5400
409 240 483 303 LIB.
504 239 572 303 vlt.
606 239 666 302 lll’.
687 237 740 302 82.
760 238 813 301 83.
856 237 931 300 LIB.
952 237 1032 300 vm.
1076 237 1133 298 ΕΡ.
1158 237 1186 298 1.
1397 237 1457 301 125

139 409 208 469 tar,
229 405 265 462 ut
285 394 330 460 ait
350 393 533 459 Philoctetes
554 392 636 479 apud
650 392 794 468 Accium,
820 393 933 456 obiecta
952 394 1061 474 glorie.
1104 397 1134 456 2.
1157 390 1219 456 Sed
1232 399 1334 456 tamen
1353 394 1459 460 omnia

140 489 218 555 uitii
238 497 347 562 errant,
380 486 408 553 si
430 487 624 560 inveneris,
653 485 817 561 bilariora;
840 504 1029 570 quamquam
1051 485 1177 557 venies,
1200 495 1234 550 ut
1256 485 1324 570 ipse
1346 485 1459 551 intelli·

140 582 204 667 g’m,
235 581 270 646 iu
291 580 499 646 maximarum
519 579 608 666 quasi
630 599 817 644 concursum
838 577 1093 662 occupationum,
1122 599 1198 664 quas
1220 578 1267 651 si,
1303 589 1338 644 ut
1369 580 1459 645 volu·

140 696 227 748 uus,
259 673 497 758 exceperimus,
530 693 590 758 ego
611 693 689 737 vero
711 672 839 736 inultm
860 671 990 735 salutem
1011 683 1043 735 et
1063 670 1134 736 loro
1157 671 1257 735 dicam
1280 681 1311 736 et
1331 673 1457 749 curiae,

140 768 306 854 rivumque
328 777 430 832 tecum
451 767 582 831 multum
604 776 636 831 et
657 786 729 831 cum
750 763 968 829 communibus
990 764 1105 828 nostris
1127 762 1328 829 amatoribus.
1380 770 1482 838 Numa

141 870 174 925 et
194 860 317 926 Cassius
345 872 417 926 tuus
447 868 478 924 et
499 858 659 925 Dolabella
679 868 804 932 noster,
839 856 888 920 vel
911 857 1014 941 potius
1035 866 1168 942 uterque
1190 868 1313 931 noster,
1349 859 1459 924 studiis

141 952 251 1019 iisdem
272 962 416 1018 tenentur
437 962 468 1017 et
489 951 569 1016 meis
589 951 784 1038 aequissimis
804 959 935 1016 utuntur
949 947 1088 1013 auribus.
1133 953 1219 1035 Opus
1234 961 1281 1016 est
1294 951 1356 1016 buc
1371 952 1457 1017 lima·

141 1047 210 1113 tulo
239 1057 272 1112 et
297 1047 396 1132 polito
423 1055 478 1110 tuo
506 1044 623 1110 indicio
652 1056 683 1111 et
714 1045 774 1110 illis
803 1041 1008 1108 interioribus
1038 1042 1149 1107 litteris
1183 1042 1305 1127 [meis],
1343 1045 1458 1131 quibus

141 1160 235 1226 saepe
261 1139 521 1205 verecundiorem
553 1159 603 1202 me
625 1138 657 1202 in
684 1137 842 1224 loquendo
865 1136 950 1200 lacis.
991 1134 1067 1200 Ilibi
1093 1136 1176 1200 enirn
1203 1135 1373 1202 iudicatum
1394 1147 1457 1210 est,

142 1230 286 1299 simodo
305 1233 367 1298 hoc
388 1236 501 1298 Caesar
522 1240 575 1295 aut
601 1231 737 1317 patietur
764 1239 817 1295 aut
844 1230 945 1303 volet,
981 1229 1140 1314 deponere
1161 1229 1245 1294 illam
1267 1230 1327 1294 iem
1350 1251 1497 1316 perso-10

141 1348 230 1401 nm,
250 1325 284 1391 in
306 1346 439 1412 quanm
461 1344 554 1409 saepe
577 1324 622 1390 illi
643 1325 703 1410 ipsi
724 1323 874 1411 probavi,
898 1342 934 1386 ac
955 1343 1005 1386 me
1027 1330 1127 1387 totum
1149 1320 1182 1386 in
1203 1322 1320 1387 litteras
1342 1322 1458 1387 abdere

142 1428 306 1504 tecumque
327 1429 451 1483 etcum
473 1417 585 1482 ceteris
607 1438 715 1482 earum
737 1414 885 1482 studiosis
906 1413 1126 1480 honestissimo
1148 1414 1214 1479 otio
1235 1414 1367 1500 perfrui.
1411 1421 1459 1480 Tu

142 1512 253 1577 vellem
274 1532 314 1576 ne
335 1511 455 1575 veritus
476 1531 576 1584 esses,
599 1531 638 1575 ne
660 1508 840 1595 †pluribus
862 1508 1000 1592 legerem
1022 1518 1090 1573 tuas
1113 1507 1247 1580 litteras,
1270 1508 1296 1573 si
1318 1509 1394 1573 mibi
1418 1543 1457 1556 -

142 1603 405 1693 quemadmodum
426 1601 536 1668 scribis
557 1638 598 1651 -
619 1605 777 1688 longiores
805 1602 886 1668 forte
908 1600 1061 1677 misisses;
1094 1621 1130 1664 ec
1151 1601 1244 1666 velim
1265 1602 1394 1687 posthac
1415 1603 1460 1667 sic

142 1708 272 1774 statuas,
294 1707 363 1764 tuas
384 1696 462 1762 mibi
482 1696 599 1763 litteras
620 1696 817 1782 longissimas
837 1715 979 1782 quasque
1000 1693 1190 1780 gratissimas
1211 1693 1292 1760 fore.
1470 1720 1497 1766 ss

658 2139 809 2200 LIBER
837 2139 944 2199 vm.

642 2331 961 2395 mentm

350 2494 392 2581 Ε
461 2497 594 2585 Pl
666 2493 1145 2583 sutoria
1209 2494 1253 2580 Ε

768 2711 832 2768 ΑΙ)

431 2880 483 2953 M.
512 2880 784 2956 TULLIUM
810 2876 1177 2956 CICERONEM.

629 3195 978 3276 amnem)

593 3318 1014 3381 cfflmmmms

146 3448 176 3510 1.
220 3423 325 3529 Quod
354 3443 410 3509 tibi
432 3443 586 3510 decedens
607 3444 764 3531 pollicitus
785 3466 857 3510 snm
878 3465 928 3509 me
949 3464 1058 3510 omnes
1087 3465 1138 3509 res
1166 3444 1301 3511 urbanas
1331 3446 1460 3531 diligen·

144 3537 262 3604 dssime
283 3536 339 3604 tibi
361 3538 622 3625 perscripturum,
659 3538 729 3602 data
751 3558 848 3622 opera
869 3537 995 3623 paravi,
1025 3537 1078 3625 qui
1100 3538 1145 3603 sic
1165 3540 1270 3603 omnia
1293 3560 1461 3627 perseque-

143 3641 250 3706 retur,
271 3641 307 3696 ut
327 3652 455 3706 verear,
485 3653 524 3695 ne
545 3630 603 3696 tibi
624 3632 755 3696 nimium
776 3639 885 3715 arguta
906 3630 983 3695 baec
1003 3631 1151 3697 sedulitas
1173 3632 1327 3698 videatur.
1370 3640 1499 3701 Tam-so

145 3724 203 3791 etsi
224 3736 258 3791 tu
279 3723 343 3789 scio
365 3745 459 3810 quam
480 3725 523 3789 sis
544 3724 688 3790 curiosus
710 3735 741 3789 et
761 3745 856 3810 quam
877 3723 1024 3790 omnibns
1045 3725 1315 3811 peregrinantibus
1337 3738 1460 3811 gratum

145 3822 185 3883 sit
211 3818 410 3883 minimarum
437 3838 565 3904 quoque
592 3838 716 3891 rerum,
753 3838 833 3904 quae
865 3817 950 3883 domi
981 3828 1154 3903 gerantur,
1189 3818 1260 3883 lieri
1293 3821 1460 3895 certiores,

146 3920 248 3977 tamen
269 3911 302 3976 in
323 3909 383 3976 boc
404 3920 434 3975 te
456 3910 625 3997 deprecor,
647 3933 687 3975 ne
700 3932 806 3975 meum
824 3909 885 3975 hoc
898 3911 1034 3975 officium
1049 3913 1246 3996 arrogantiae
1263 3912 1460 3988 condemnes,

146 4003 231 4091 quod
258 4002 341 4069 bunc
368 4001 508 4069 laborem
539 4002 628 4068 alteri
657 4002 814 4089 delegavi:
851 4025 914 4069 non
936 4004 1011 4090 quin
1033 4005 1109 4069 mibi
1131 4006 1347 4071 suavissimum
1370 4008 1409 4072 sit
1430 4016 1462 4071 et

146 4109 297 4184 occupato
318 4106 349 4161 et
370 4095 409 4161 ad
431 4096 547 4162 litteras
569 4095 763 4171 scribendas,
785 4107 821 4162 ut
840 4106 875 4161 tu
896 4097 992 4171 nosti,
1014 4098 1186 4184 pigerrimo
1203 4108 1275 4164 tuae
1289 4101 1500 4166 memoriness

146 4190 221 4256 dare
241 4212 387 4278 operam;
423 4188 479 4254 sed
502 4190 604 4276 ipsum
626 4191 793 4265 volumen,
816 4189 901 4277 quod
922 4188 977 4255 tibi
999 4190 1090 4264 misi,
1113 4192 1219 4267 facile,
1242 4201 1277 4257 ut
1298 4212 1358 4277 ego
1379 4192 1463 4257 arbi·

146 4293 230 4361 tror,
263 4305 313 4349 me
335 4294 472 4349 excusat.
522 4283 634 4349 Nescio
656 4283 744 4348 cuius
767 4282 823 4348 otii
844 4292 926 4348 esset
946 4305 1010 4349 non
1030 4283 1127 4350 modo
1148 4283 1344 4371 perscribere
1365 4285 1459 4360 baec,

215 4503 241 4552 1.
268 4502 369 4553 αὸίιοια
390 4503 477 4567 glorie
506 4502 646 4564 Ciceroni,
675 4515 730 4552 non
756 4500 856 4562 Accio,
889 4503 982 4552 tribuit
1000 4503 1030 4552 ll.
1059 4529 1087 4539 -
1126 4504 1152 4552 2.
1172 4504 1256 4552 centu
1274 4503 1368 4552 lanta:
1392 4505 1464 4552 cents

146 4571 205 4622 111.
237 4595 267 4610 ·-
312 4572 338 4622 8.
365 4572 459 4623 litteris
484 4573 520 4622 ea
543 4573 633 4636 qulbus
658 4572 820 4631 Iamblnus,
847 4572 941 4622 litteris
959 4573 1050 4636 quibus
1068 4570 1135 4633 (om.
1154 4571 1227 4632 meu)
1247 4573 1278 4622 ll.
1301 4598 1330 4609 -
1367 4573 1411 4622 13.
1429 4586 1461 4623 oe

143 4640 262 4704 pluribus
288 4641 333 4692 tt:
364 4655 396 4692 ae
423 4643 570 4704 perinvitus
598 4643 629 4692 ll.
674 4643 746 4694 liort.
764 4656 796 4693 ne
812 4655 860 4705 per
879 4642 1013 4692 librarios.
1034 4642 1185 4705 opponitur
1202 4643 1297 4704 Toplc.
1317 4645 1350 4691 l:
1373 4650 1403 4693 ut
1421 4655 1463 4692 eos

147 4707 253 4774 (libros)
277 4724 326 4773 per
348 4718 373 4761 te
398 4712 452 4774 ipss
477 4712 580 4776 bones.
606 4713 658 4764 Οι.
677 4738 712 4748 -
748 4712 792 4762 ts.
810 4712 931 4762 decem
949 4712 995 4762 tt:
1021 4713 1149 4762 deudsnti
1167 4711 1205 4767 li,
1224 4712 1354 4761 &medem
1375 4711 1395 4760 l.
1417 4712 1460 4762 Fr.

147 4779 309 4832 Gronovius.
338 4807 371 4817 -
411 4780 456 4831 25.
487 4788 512 4832 st
539 4778 585 4844 nd]
610 4789 641 4833 ot
666 4784 703 4834 nd
731 4781 769 4833 ld.
799 4806 828 4818 -
871 4783 915 4832 2¹1.
947 4782 1080 4832 mutabit
1110 4781 1229 4831 malebat
1252 4780 1400 4833 Ernestius.
1428 4805 1461 4816 -

146 4850 292 4915 wenta.
