3256 5400
188 237 249 300 418
686 236 744 300 ΕΡ.
766 236 818 298 ΑΙ)
839 235 1015 299 dT’l'lCUll

313 398 348 460 Si
368 415 459 477 acque
479 397 555 477 lepos
573 413 664 477 nepo
683 410 781 456 mores
801 386 908 474 coeunt
929 426 967 437 —
992 426 1032 438 -

188 544 219 600 et
240 544 343 600 cetera
364 555 476 618 magno
498 555 568 599 cum
590 531 717 597 fremitu
738 539 769 595 et
790 531 927 595 clamore
949 540 1020 596 sunt
1041 529 1131 595 dieta.
1176 535 1289 597 Caesar
1310 553 1381 597 cum
1406 530 1518 597 venis·

187 638 234 693 set
255 638 380 693 mortuo
401 629 527 713 plausu,
550 630 644 692 Curio
667 623 747 689 lilius
768 633 815 688 est
834 624 1003 690 insecutus.
1059 626 1138 690 Huic
1159 629 1200 690 ita
1223 626 1364 711 plausum
1387 635 1453 700 est,
1478 635 1516 691 ut

186 723 270 788 salva
298 743 333 786 re
363 720 487 806 publica
513 719 663 805 Pompeio
690 717 794 804 plaudi
822 716 953 782 solebat.
1006 719 1088 783 Tulit
1110 723 1223 783 Caesar
1243 721 1391 803 graviter.
1447 720 1515 783 Lit-

163 826 272 881 sterae
294 820 430 902 Capuam
451 813 490 879 ad
511 813 694 898 Pompeium
715 812 823 878 volare
845 811 1038 876 dicebantur.
1081 813 1199 877 Inimici
1221 824 1310 877 erant
1330 813 1512 901 equitibus,

185 915 240 998 qui
271 908 398 976 Curioni
427 916 541 973 stantes
566 907 761 992 plauserant;
794 904 899 970 hostes
928 903 1083 971 omuibus.
1140 906 1269 971 Rosciae
1298 907 1379 992 legi,
1413 908 1513 972 ctiam

185 1001 421 1075 frumentariae,
444 998 675 1065 minitabantur.
719 1002 798 1063 Sane
820 1020 872 1063 res
892 1008 960 1063 erat
981 998 1171 1084 perturbata.
1203 999 1366 1085 vEquidem
1388 1000 1512 1065 malue-

184 1119 267 1171 ram,
289 1095 374 1182 quod
395 1103 462 1160 erat
482 1103 660 1178 susceptum
681 1091 819 1166 abillis,
841 1092 961 1156 silentio
983 1093 1125 1170 transiri3
1147 1091 1202 1157 scd
1223 1114 1354 1168 vereor,
1377 1099 1418 1159 ne
1442 1114 1510 1158 uon

185 1191 285 1256 bocat-
338 1192 406 1253 Non
432 1187 537 1252 ferunt
559 1186 718 1260 homines,
744 1184 831 1272 quod
853 1184 1067 1250 videturesse
1089 1196 1191 1252 tamen
1217 1187 1390 1254 lereudum.
1443 1187 1509 1253 Sed

149 1308 175 1350 n
187 1292 235 1350 est
247 1283 308 1348 iam
322 1303 384 1347 una
399 1302 462 1346 vox
477 1281 635 1353 omnium,
655 1280 756 1364 magis
777 1278 852 1345 odio
875 1279 995 1345 iirmata
1016 1300 1109 1366 quam
1130 1280 1297 1367 praesidio.
1339 1286 1369 1347 d.
1392 1287 1509 1348 Noster

184 1386 287 1443 autem
314 1374 443 1440 Publius
469 1373 545 1438 mihi
573 1373 748 1447 minitatur,
784 1372 929 1438 inimicus
960 1382 1026 1448 est;
1063 1374 1222 1460 impendet
1247 1375 1431 1458 negotium,
1466 1375 1508 1440 ad

183 1469 269 1558 quod
285 1480 319 1536 tu
333 1469 450 1534 sedicet
470 1465 639 1532 advolabis.
683 1465 801 1534 Videor
822 1466 900 1531 mibi
919 1476 1062 1532 nostrum
1084 1468 1172 1533 illum
1193 1469 1389 1534 consularem
1411 1489 1508 1533 exer-

183 1565 278 1629 citum
305 1561 462 1628 bonorum
493 1561 659 1635 omnium,
692 1561 785 1625 etiam
812 1560 886 1625 satis
913 1558 1094 1635 bonorum,
1130 1561 1247 1627 babere
1278 1561 1506 1627 firmissimum.

183 1657 350 1743 Pompeius
371 1654 523 1740 significat
542 1655 680 1720 studium
701 1674 776 1738 erga
797 1675 847 1719 me
869 1676 931 1720 uon
953 1654 1122 1721 mediocre.
1172 1655 1257 1721 Idem
1280 1656 1411 1720 affirmat
1432 1676 1507 1720 ver-

148 1750 258 1817 rsbum
280 1749 319 1814 de
340 1770 391 1814 me
412 1749 499 1815 illum
521 1769 583 1813 non
605 1769 674 1813 esse
694 1748 866 1824 facturum
888 1748 920 1812 iu
938 1770 1003 1836 quo
1017 1771 1080 1813 nou
1094 1770 1145 1814 me
1166 1750 1219 1814 ille
1239 1749 1334 1824 fallit,
1356 1749 1412 1815 sed
1434 1750 1506 1835 ipse

183 1844 309 1909 fallitur.
359 1842 511 1910 Cosconio
533 1852 660 1908 mortuo
683 1862 750 1907 sum
773 1842 806 1906 in
828 1842 896 1907 eius
918 1842 1020 1907 locum
1043 1842 1199 1909 invitatus.
1249 1843 1285 1909 id
1305 1855 1374 1908 erat
1395 1844 1504 1908 vocari

183 1939 214 2003 iu
240 1939 343 2003 locum
370 1936 497 2002 mortui.
550 1935 631 2000 Nihil
661 1957 711 2001 me
732 1936 853 2022 turpius
874 1936 956 2020 apud
979 1936 1121 2001 homines
1142 1936 1266 2012 luisset,
1300 1957 1401 2023 neque
1423 1958 1505 2001 vero

181 2030 222 2096 ad
243 2035 333 2096 istam
354 2034 454 2115 ipsam
475 2032 664 2111 ἀσφάλειαν
686 2028 856 2115 quidquam
878 2029 1019 2094 alieuius.
1069 2034 1148 2096 Sunt
1169 2030 1252 2094 euim
1274 2030 1319 2095 illi
1340 2030 1422 2116 apud
1445 2029 1505 2095 bo-

183 2146 240 2190 nos
266 2123 429 2201 invidiosi;
462 2143 522 2208 ego
548 2122 633 2208 apud
654 2121 814 2208 improbos
840 2143 942 2187 meam
963 2122 1160 2188 retinuissem
1183 2123 1345 2199 iuvidiam,
1368 2125 1504 2189 abeuam

144 2217 429 2304 soassumpsissem.
472 2222 501 2282 5.
525 2220 709 2283 Caesarine
730 2213 791 2280 sibi
812 2215 878 2282 vult
899 2237 967 2281 esse
988 2216 1133 2302 legatum.
1174 2218 1344 2283 Honestior
1365 2217 1503 2282 declina·

183 2313 226 2378 tio
247 2312 324 2377 baec
344 2310 485 2397 periculi.
529 2309 590 2376 Sed
611 2330 671 2395 ego
692 2309 753 2374 hoc
773 2330 856 2374 nunc
876 2309 1020 2395 repudio.
1063 2310 1147 2389 Quid
1167 2333 1245 2397 ergo
1265 2317 1336 2378 esti
1357 2316 1504 2396 Pugnare

183 2407 273 2472 malo.
321 2405 403 2470 Nihil
429 2415 532 2471 mmeu
559 2403 645 2469 certi.
687 2409 804 2470 iterum
826 2402 913 2479 dico,
941 2404 1058 2469 utinam
1081 2405 1221 2472 adessesl
1254 2405 1310 2471 sed
1331 2404 1503 2480 tamen,si

181 2500 242 2565 erit
269 2520 408 2573 necesse,
436 2518 638 2563 arcessemus.
681 2495 765 2574 Quid
788 2496 893 2562 aliud?
925 2496 1020 2583 quid?
1052 2502 1120 2563 Hoc
1141 2501 1270 2585 opinor:
1293 2504 1369 2564 certi
1391 2518 1503 2564 sumus

182 2593 300 2679 perisse
328 2592 442 2658 omnia.
493 2590 577 2668 Quid
605 2590 689 2655 enim
710 2592 907 2675 ἀκκιζόμεδα
937 2591 1076 2657 tamdiu?
1112 2593 1174 2658 Sed
1196 2593 1273 2658 baec
1293 2593 1403 2678 scripsi
1424 2614 1502 2678 pro-

144 2708 294 2773 rsperaus
321 2695 352 2750 et
379 2683 558 2749 mehercule
586 2683 704 2748 timide.
746 2684 878 2749 Posthac
898 2683 937 2749 ad
959 2694 989 2749 te
1011 2694 1080 2758 aut,
1109 2686 1136 2750 si
1157 2685 1335 2772 perfidelem
1358 2684 1499 2760 habebo,

181 2781 232 2846 cui
258 2779 346 2855 dem,
374 2777 508 2843 scribam
536 2777 626 2863 plane
648 2777 770 2852 omnia,
804 2787 872 2852 aut,
895 2779 921 2842 si
943 2776 1076 2843 obscure
1099 2779 1248 2855 scribam,
1272 2789 1304 2844 tu
1326 2789 1429 2843 umen
1451 2779 1501 2844 iu·

181 2874 311 2959 telliges.
359 2879 395 2940 in
416 2871 454 2936 iis
476 2870 616 2956 epistolis
643 2892 693 2935 me
722 2871 876 2944 Laelium,
906 2880 936 2935 te
964 2871 1092 2936 Furium
1120 2872 1249 2951 laciam;
1280 2884 1383 2937 cetera
1405 2882 1501 2937 eruut

180 2978 216 3033 ἐν
243 2971 414 3052 ἁινιγμοῖς.
466 2964 525 3029 Hic
551 2964 715 3030 Caecilium
742 2964 873 3029 colimus
894 2973 925 3029 et
948 2962 1151 3031 observamus
1173 2965 1345 3051 diligenter.
1388 2965 1499 3032 Edicta

181 3058 284 3127 Bibuli
305 3060 400 3126 audio
421 3057 460 3125 ad
481 3068 512 3125 te
532 3058 636 3125 missa.
678 3058 720 3124 iis
741 3057 830 3123 ardet
851 3056 961 3122 dolore
983 3067 1014 3123 et
1034 3058 1081 3123 ira
1103 3070 1209 3126 noster
1229 3060 1404 3147 Pompeius.

145 3239 173 3280 so
641 3201 708 3263 XX.
750 3198 807 3279 (A.
834 3200 866 3262 U.
890 3200 922 3263 C.
944 3200 1039 3280 695.)

661 3320 802 3386 CICERO
824 3321 968 3384 ATTICO
992 3323 1023 3385 S.

266 3436 293 3498 l.
314 3437 458 3508 bulento,
486 3442 522 3498 ut
542 3443 573 3499 te
594 3431 674 3497 velle
695 3431 924 3504 intellexeram,
953 3431 1039 3497 nullo
1068 3431 1139 3498 loco
1164 3432 1260 3498 delui.
1301 3438 1496 3502 Numestium

179 3546 219 3589 ex
242 3525 353 3591 litteris
374 3527 435 3592 tuis
456 3525 594 3592 studiose
615 3524 738 3609 scriptis
760 3522 893 3588 libenter
913 3523 946 3589 in
966 3524 1132 3590 amicitiam
1158 3527 1273 3612 recepi.
1316 3530 1495 3603 Caecilium,

178 3618 292 3704 quibus
320 3618 415 3684 rebus
442 3640 589 3706 possum,
617 3629 708 3683 tueor
735 3616 910 3701 diligenter.
963 3623 1065 3684 Varro
1093 3619 1240 3687 satislacit
1260 3620 1361 3687 nobis.
1403 3627 1497 3688 Pom-

140 3712 267 3797 „peius
289 3722 372 3777 amat
393 3734 449 3778 nos
471 3732 623 3798 carosque
645 3709 748 3775 habet.
790 3711 922 3776 Credisi
944 3710 1076 3797 inquies.
1120 3713 1238 3779 Credo:
1266 3736 1396 3800 prorsus
1417 3715 1495 3780 mibi

178 3806 354 3891 persuadet.
411 3805 473 3870 Sed
503 3804 618 3891 iquia
646 3804 719 3869 volo
746 3816 966 3888 πραγματικοὶ
995 3804 1137 3871 homines
1165 3807 1310 3873 omuibus
1337 3807 1493 3881 historiis,

245 4024 272 4074 2.
292 4023 334 4073 An
351 4025 459 4074 emeret
476 4023 670 4072 intermortua?
688 4021 737 4072 On.
760 4048 791 4058 —
828 4021 855 4072 o.
873 4022 974 4089 bostra]
1001 4025 1092 4075 Nosces
1110 4026 1132 4077 1.
1156 4051 1184 4063 —
1223 4026 1249 4075 8.
1270 4028 1380 4077 transiri
1397 4028 1493 4077 Manu·

175 4095 247 4144 tius:
267 4095 380 4144 transire
396 4093 493 4144 ΜΕΙΕ.
512 4117 541 4126 -
573 4093 599 4142 9.
619 4089 716 4154 tomen]
735 4105 790 4141 non
807 4092 829 4141 Ι.
850 4116 881 4128 -
917 4095 959 4144 11.
979 4095 1043 4145 mibi
1059 4096 1213 4156 minitatur,
1231 4099 1350 4147 inimicus
1367 4106 1422 4154 est:
1440 4101 1494 4148 im-

172 4164 266 4227 pendet
283 4164 351 4215 titt:
378 4164 441 4212 mibi
458 4163 624 4220 inimicatur,
642 4163 761 4212 inimicos
779 4169 830 4220 cst,
847 4163 976 4226 impondat
994 4164 1022 4224 Ι,
1046 4165 1111 4215 mtbi
1127 4167 1296 4224 inimicorum
1313 4169 1441 4229 impendet
1461 4169 1491 4217 Ε.

177 4258 207 4273 -
244 4235 287 4284 12.
306 4232 400 4284 adimet
419 4240 448 4282 to
468 4233 489 4282 i.
520 4259 546 4269 -
582 4231 624 4281 rt.
643 4233 827 4283 studiumom.
846 4232 885 4284 Μ.
923 4230 1030 4295 (Habet
1047 4248 1101 4297 mg.
1120 4233 1176 4302 Μ.)
1207 4261 1238 4273 -
1274 4238 1317 4287 15.
1335 4237 1409 4286 titum
1433 4237 1491 4287 idle

173 4303 255 4354 olbam
273 4303 327 4353 itii.
360 4329 388 4339 -
428 4304 470 4352 1¹1.
489 4298 569 4363 Nibil]
594 4302 636 4352 Vel
654 4302 675 4351 l·
705 4325 738 4337 -
773 4303 809 4351 mi
827 4302 944 4354 malebat
961 4304 1110 4357 Ernestius.
1141 4328 1174 4343 -
1208 4307 1252 4357 20.
1272 4303 1338 4368 nult]
1359 4308 1427 4357 volet
1445 4307 1509 4367 ab·

173 4374 247 4424 esum
264 4374 310 4424 lii.
339 4396 370 4408 -
406 4373 545 4422 declinatio
562 4373 623 4421 boec
642 4373 687 4422 M:
718 4372 780 4422 boec
796 4372 936 4425 decbnotio
953 4373 1020 4424 iiiii.
1054 4401 1083 4411 -
1120 4375 1165 4428 21.
1184 4377 1231 4426 boe
1247 4390 1316 4426 nnnc
1333 4379 1440 4438 repudio
1461 4377 1491 4426 P.

175 4443 276 4495 Faber:
295 4444 343 4493 boc
359 4455 413 4491 nen
429 4443 538 4505 repudio
556 4441 636 4501 ΜΕΙ,
655 4443 702 4491 boc
719 4443 826 4505 repudio
845 4455 908 4492 cum
926 4442 991 4494 (iod.
1011 4443 1099 4495 Ursini
1120 4446 1150 4495 Ε.
1172 4471 1201 4483 -
1239 4447 1283 4495 22.
1303 4443 1384 4508 nito]
1408 4447 1450 4496 Vel
1468 4447 1491 4497 l.

174 4538 208 4548 -
237 4513 282 4564 23.
298 4514 453 4563 certissimos
470 4512 514 4572 Μ,
533 4513 598 4562 certi
614 4514 694 4562 simam
712 4511 735 4560 1.
762 4539 795 4548 -
830 4511 873 4564 25.
893 4508 951 4574 out]
969 4520 1057 4564 eutem
1074 4516 1106 4566 il.
1135 4540 1165 4551 -
1201 4516 1245 4566 23.
1266 4519 1354 4565 omnio
1370 4517 1450 4579 plene
1468 4517 1490 4566 l.

177 4605 208 4620 -
225 4583 270 4633 27.
289 4584 328 4632 bis
347 4583 392 4633 iil.
414 4605 442 4617 -
463 4581 507 4630 28.
526 4581 678 4647 αἰνίγμασι
696 4582 728 4630 Ε.
748 4607 780 4617 -
799 4582 856 4633 Hoc
873 4583 947 4634 ΜΕΙ.
968 4608 996 4620 -
1018 4585 1154 4649 dillpenter
1173 4619 1181 4636 .
1200 4587 1327 4636 elediata
1345 4587 1368 4636 l.
1388 4613 1419 4623 —
1445 4587 1490 4637 23.

174 4653 258 4702 niam
274 4653 349 4703 ordet
369 4652 389 4701 l.
424 4677 453 4688 -
491 4651 534 4701 33.
552 4648 667 4713 possum]
684 4665 781 4713 porum
799 4666 840 4715 pr.
859 4653 901 4714 Μ,
918 4665 972 4715 por
988 4660 1026 4704 ert
1045 4669 1114 4704 corr.
1132 4654 1170 4704 Μ.
1207 4656 1385 4706 Emendetum
1404 4662 1445 4707 est
1463 4657 1491 4707 in

176 4721 220 4772 iil.
242 4747 273 4759 -
292 4722 335 4772 35.
354 4722 431 4771 micbt
448 4719 485 4770 ill·
510 4717 574 4783 (qus
592 4720 654 4770 add.
673 4734 728 4782 mg.
747 4720 789 4781 Μ,
809 4727 838 4772 ut
855 4723 904 4773 sit:
924 4722 1005 4773 Credo
1015 4737 1142 4787 morsus,
1161 4725 1298 4789 mitique.)
1312 4750 1343 4762 -
1362 4726 1408 4777 33.
1426 4727 1492 4789 quta

174 4792 234 4842 eolo
250 4792 307 4844 Mt:
326 4793 398 4857 poto,
416 4799 446 4842 nt
463 4790 536 4840 video
555 4789 607 4840 RE.
628 4791 698 4839 Fort.
717 4793 780 4854 quta
797 4805 815 4841 o
831 4793 900 4842 delo.
920 4791 970 4842 Οι.
992 4817 1023 4830 -
1041 4795 1239 4868 πραγματικαὶ
1256 4795 1392 4848 Oreliinss
1408 4809 1491 4862 prap-

174 4863 265 4914 tnotlcl
282 4861 379 4915 ΜΒΙΕ.
400 4888 429 4900 -
448 4861 564 4911 litteriis
581 4859 742 4910 Lambinusz
761 4861 890 4914 momen
907 4861 1004 4915 Mlllli.
