3256 5400
191 200 254 263 aad
618 197 896 264 uelsrouanttu
916 200 969 263 ab
990 199 1082 265 Fuit.

189 376 262 422 meo
284 355 454 421 iustissimo
490 352 773 442 honestissimoque
805 354 958 421 convicio.
1014 359 1059 420 Te
1080 361 1165 420 tuam
1186 354 1368 440 dignitatem
1390 378 1510 424 summa

190 457 243 515 tua
253 450 368 514 virtute
380 455 515 514 tenuisse
529 449 771 536 provinciaeque
786 448 961 515 bonoribus
971 448 1168 534 amplissimis
1184 449 1328 515 allectum
1345 451 1513 516 vebemen·

189 550 238 607 ter
260 542 392 627 gaudeo.
435 549 466 609 3.
499 544 592 621 Quod
613 553 643 607 te
664 542 740 608 mibi
763 543 802 607 de
821 543 1009 630 Sempronio
1031 563 1165 629 purgas,
1193 543 1313 628 accipio
1336 546 1513 612 excusatio·

188 658 277 715 nem;
308 637 367 702 luit
384 637 468 701 enim
492 637 568 702 illud
589 636 745 723 quoddam
769 637 950 722 †graecum
973 649 1094 722 tempus
1115 638 1283 703 servitutis.
1326 641 1410 723 Ego,
1443 649 1512 705 tuo-

165 751 260 796 erum
281 731 484 797 consiliorum
506 742 616 796 auctor
645 731 849 817 dignitatique
877 731 1001 805 fautor,
1022 731 1119 795 iratus
1142 730 1336 816 temporibus
1359 731 1391 797 in
1416 737 1512 798 Grae·

187 826 265 891 ciam
288 825 451 910 desperata
480 824 623 890 libertate
651 824 818 912 rapiebar,
855 846 927 891 cum
962 846 1012 888 rue
1047 824 1161 889 etesiae
1198 825 1285 912 quasi
1320 825 1394 891 boui
1427 826 1510 892 cives

187 920 414 1007 relinquentem
434 941 501 983 rem
522 918 677 1005 publicam
702 918 851 1005 prosequi
873 918 1058 990 uoluerunt,
1082 928 1249 1005 austerque
1272 918 1423 985 adversus
1445 942 1508 984 ma-

188 1015 273 1079 rimo
298 1012 373 1078 llatu
395 1033 445 1076 rue
466 1013 504 1078 ad
523 1013 652 1078 tribules
673 1022 742 1079 tuos
769 1012 922 1097 Rhegium
945 1012 1064 1077 rettulit
1084 1021 1177 1098 atque
1204 1011 1276 1077 inde
1295 1014 1395 1077 ventis
1413 1014 1509 1079 remis

188 1107 218 1172 in
240 1108 371 1194 patriam
408 1111 491 1170 omui
515 1106 711 1172 festinatione
731 1105 901 1193 properavi
922 1105 1135 1192 postridieque
1166 1107 1198 1170 in
1224 1128 1342 1171 summa
1370 1106 1509 1192 reliquo·

152 1221 257 1266 iorum
278 1201 428 1267 servitute
449 1199 530 1264 liber
551 1222 631 1266 unus
648 1200 706 1265 lui.
754 1205 784 1265 l.
808 1204 859 1264 Sic
880 1222 949 1264 sum
976 1199 1006 1263 in
1029 1203 1197 1265 Antonium
1223 1199 1377 1272 invectus,
1400 1201 1509 1264 utillo

186 1315 249 1361 nou
271 1293 370 1359 ferret
401 1316 588 1381 omnemque
619 1316 709 1359 suum
745 1295 936 1360 vinolentum
969 1293 1109 1359 lurorcm
1138 1293 1170 1356 in
1198 1314 1248 1357 me
1285 1314 1381 1358 unum
1408 1293 1508 1358 cliuu-

187 1387 289 1461 deret,
311 1410 425 1475 meque
448 1399 512 1454 tum
528 1388 642 1453 elicere
661 1388 753 1453 vellet
773 1387 812 1452 ad
835 1387 938 1452 caedis
959 1408 1104 1469 eausam,
1127 1395 1192 1450 tum
1214 1395 1348 1450 tentaret
1368 1387 1506 1463 insidiis3

185 1501 278 1567 quem
301 1501 361 1566 ego
384 1492 557 1546 ructantem
578 1491 608 1546 ct
630 1492 830 1548 nauseantem
850 1481 971 1548 conieci
990 1486 1022 1546 iu
1045 1481 1186 1547 Caesaris
1210 1479 1368 1545 Octaviani
1389 1479 1506 1565 plagas.

185 1578 267 1639 Puer
291 1575 373 1639 enim
405 1576 550 1661 egregius
569 1574 760 1661 praesidium
783 1574 844 1641 sibi
863 1576 998 1661 primum
1022 1584 1053 1639 et
1085 1573 1192 1648 uobis,
1230 1572 1342 1639 deinde
1365 1594 1506 1639 summae

151 1672 230 1733 urei
258 1666 402 1755 publicae
424 1669 631 1755 comparavit;
667 1668 722 1754 qui
750 1668 811 1733 nisi
836 1667 965 1743 luisset,
996 1668 1123 1734 Antonii
1149 1665 1269 1733 reditus
1294 1688 1313 1731 a
1337 1666 1507 1732 Brundisio

186 1767 281 1847 pestis
301 1762 418 1848 patriae
437 1762 557 1828 luisset.
601 1764 690 1838 Quae
705 1761 850 1848 deinceps
872 1773 938 1828 aeta
957 1762 1027 1838 siut,
1050 1762 1130 1827 scire
1152 1771 1182 1826 te
1204 1760 1351 1826 arbitror.
1394 1766 1424 1826 5.
1444 1759 1506 1824 Sed

185 1855 348 1921 redeamus
372 1856 465 1930 illuc,
488 1855 569 1921 unde
591 1854 792 1921 devertimus.
834 1857 961 1942 Accipio
983 1855 1214 1922 excusationem
1244 1865 1329 1920 tuam
1356 1854 1394 1919 de
1419 1857 1505 1919 Sem·

185 1949 315 2035 prouio;
344 1971 446 2037 neque
461 1949 543 2015 euim
559 1949 664 2015 statuti
679 1949 756 2036 quid
770 1949 802 2014 in
816 1957 899 2015 tanta
912 1949 1148 2036 perturbatione
1169 1948 1286 2015 babere
1302 1947 1442 2034 potuisti.

309 2074 396 2137 llum
417 2074 467 2135 bie
489 2074 553 2135 dies
575 2074 669 2135 oliam
689 2075 785 2136 vitem
806 2074 913 2155 desert,
939 2074 1017 2136 alios
1040 2092 1140 2136 naeres
1159 2073 1315 2154 postulet:

148 2202 218 2260 um
249 2193 292 2259 ait
322 2198 496 2260 Terentius.
540 2191 774 2271 Quamobrem,
804 2191 855 2271 mi,
876 2193 1010 2271 Quinte,
1046 2193 1221 2258 conscende
1255 2190 1435 2263 nobiscum,
1473 2198 1504 2253 et

184 2287 310 2375 quidem
333 2287 373 2353 ad
393 2288 533 2374 puppim.
576 2291 640 2352 Una
662 2287 750 2351 navis
768 2298 815 2351 est
834 2286 895 2352 iam
911 2286 1069 2352 bonorum
1083 2291 1243 2362 omuitum
1266 2306 1360 2372 quam
1376 2283 1503 2369 quidem

183 2403 242 2447 nos
264 2382 373 2447 damus
393 2402 522 2467 operam
543 2390 580 2445 ut
600 2388 718 2445 rectam
738 2390 908 2446 teneamus.
965 2385 1086 2446 Utinam
1111 2401 1266 2467 prospero
1293 2382 1403 2445 cursui
1441 2379 1501 2443 Sed

182 2477 360 2563 quicunque
391 2475 476 2540 venti
500 2484 605 2548 eruut,
642 2496 693 2539 ars
718 2485 823 2540 nostra
847 2485 933 2540 certe
957 2496 1021 2540 non
1047 2473 1157 2541 aberit.
1202 2473 1286 2553 Quid
1309 2474 1391 2538 enim
1413 2494 1503 2559 prae-

182 2578 264 2633 stare
284 2568 368 2634 aliud
387 2568 486 2634 virtus
508 2574 632 2655 potest?
655 2572 701 2633 Tu
720 2568 769 2633 lae
789 2577 824 2633 ut
845 2589 959 2653 magno
978 2569 1081 2635 auimo
1105 2569 1147 2634 sis
1169 2579 1200 2634 et
1221 2568 1347 2633 excelso
1370 2567 1503 2651 cogites-

144 2683 243 2749 saque
266 2682 391 2727 omnem
413 2660 593 2747 dignitatem
614 2671 699 2727 tuam
721 2682 792 2727 cum
812 2682 850 2726 re
871 2661 995 2748 publica
1016 2663 1213 2728 coniunctam
1235 2683 1303 2727 esse
1327 2659 1454 2726 debere.

611 2805 703 2867 ssu
725 2823 753 2867 a.
796 2804 849 2882 (A.
875 2806 907 2869 o.
930 2806 960 2870 e.
982 2801 1068 2886 711.)

624 2925 765 2991 CICERO
789 2925 1011 2991 COllNlFlClO
1034 2928 1066 2990 S.

263 3044 293 3104 ll.
315 3043 348 3104 P.
370 3037 538 3103 Lucceium
559 3036 636 3102 mibi
657 3058 762 3101 meum
779 3036 997 3115 commendas3
1019 3058 1129 3123 quem,
1152 3035 1390 3124 quibuscunque
1405 3036 1499 3102 rebus

180 3142 306 3218 potero,
329 3130 495 3217 diligenter
515 3131 639 3198 tuebor.
682 3132 817 3195 Hirtium
840 3131 964 3218 quidem
987 3140 1019 3196 et
1039 3136 1186 3204 Pansam,
1210 3130 1344 3216 collegas
1358 3140 1498 3204 nostros,

143 3224 321 3290 ntbomines
341 3224 373 3289 in
395 3226 557 3292 consulatu
578 3224 625 3288 rei
647 3223 790 3309 publicae
811 3225 979 3299 salutares,
1011 3224 1114 3289 aliene
1136 3245 1210 3288 sane
1231 3234 1374 3310 tempore
1395 3224 1500 3289 amisi·

178 3339 270 3394 mus,
302 3339 339 3383 rc
371 3319 495 3405 publica
528 3318 704 3384 Antoniano
743 3318 870 3404 quidem
905 3318 1069 3383 latrocinio
1105 3317 1235 3383 liberata
1270 3317 1326 3383 sed
1360 3317 1498 3384 noudum

179 3412 308 3477 omnino
330 3413 497 3498 explicata3
531 3433 623 3499 quam
646 3433 719 3484 nos,
752 3411 778 3476 si
800 3411 923 3487 licebit,
953 3433 1043 3476 more
1064 3423 1173 3477 uestro
1193 3410 1368 3483 tuebimur,
1391 3433 1500 3498 quam·

179 3526 273 3592 quam
307 3505 475 3571 admodum
505 3528 613 3571 sumus
645 3506 706 3570 iam
736 3505 904 3591 deletigati.
961 3505 1022 3570 Sed
1052 3506 1136 3570 nulla
1167 3504 1317 3571 lassitudo
1345 3505 1498 3591 impedire

179 3600 315 3666 officium
345 3608 377 3663 et
403 3598 497 3663 lidem
528 3599 630 3666 debet.
674 3607 704 3664 7.
734 3605 852 3666 Verum
877 3600 954 3665 bace
975 3600 1133 3664 bactenus.
1175 3598 1223 3665 nb
1245 3599 1314 3665 aliis
1335 3610 1366 3665 te
1388 3600 1426 3665 de
1448 3622 1499 3665 me

142 3715 272 3780 aequam
293 3714 312 3757 a
330 3713 381 3757 me
401 3692 471 3778 ipso
493 3692 576 3757 malo
597 3713 797 3777 cognoscere.
839 3698 886 3758 De
908 3704 937 3758 te
959 3692 1163 3758 audiebamus
1184 3715 1236 3768 ea,
1259 3715 1339 3781 quae
1361 3694 1498 3761 maxime

178 3786 338 3852 vellemus.
364 3790 411 3850 De
423 3790 477 3851 Cu.
492 3786 638 3860 Minucio,
661 3808 754 3872 quem
771 3796 805 3852 tu
822 3787 1007 3873 quibusdam
1021 3787 1133 3853 litteris
1154 3787 1194 3852 ad
1215 3788 1335 3853 caelum
1353 3786 1497 3852 laudibus

178 3880 326 3954 extulisti,
349 3900 493 3944 rumores
512 3879 656 3945 duriores
670 3889 768 3944 eraut
811 3880 845 3945 ld
860 3881 950 3967 quale
965 3885 1005 3946 sit
1019 3881 1222 3969 omninoque,
1245 3881 1321 3964 quid
1335 3881 1404 3947 istic
1425 3901 1499 3966 aga·

177 3984 243 4049 tur,
266 3973 361 4039 iacias
382 3993 433 4037 me
454 3973 548 4037 velim
568 3973 745 4038 certiorem.

248 4213 274 4262 ³.
295 4213 370 4275 Quod
388 4208 422 4274 te]
450 4215 559 4266 «Novae
578 4211 708 4275 epistolae
728 4213 861 4261 initium.»
882 4213 996 4264 Scuttrz.
1017 4240 1049 4248 -
1086 4212 1112 4262 1.
1132 4226 1252 4277 praecum
1271 4213 1317 4263 bl:
1344 4226 1446 4262 caecum
1464 4212 1495 4262 Ε.

177 4283 249 4333 Fert.
270 4290 374 4332 tetram.
395 4286 445 4332 On.
466 4308 495 4321 -
530 4284 557 4334 5.
576 4284 749 4347 dignitatique
766 4283 809 4333 lll:
829 4285 1015 4347 dignitatisque
1033 4282 1063 4332 Ε.
1094 4306 1123 4317 -
1162 4285 1204 4332 11.
1223 4283 1383 4332 &nolentum
1401 4283 1438 4333 bl.
1465 4306 1497 4317 -

177 4353 219 4404 12.
240 4361 295 4402 tum
313 4352 362 4403 bl:
394 4367 450 4402 eum
469 4354 498 4403 Ε.
532 4378 563 4388 -
600 4355 644 4403 1³.
670 4355 765 4417 confeci
783 4355 820 4404 Μ.
849 4379 883 4387 -·
919 4355 963 4403 17.
981 4353 1042 4402 ittae
1060 4353 1105 4403 bl:
1124 4354 1160 4402 od
1176 4353 1242 4401 illud
1262 4352 1292 4402 Ε.
1318 4378 1350 4386 -
1387 4353 1495 4401 deuerti·

175 4436 233 4473 mut
251 4423 298 4474 M:
318 4416 469 4473 dic'ertintus
487 4424 518 4473 Ε.
548 4450 577 4459 -
616 4424 659 4474 19.
686 4424 762 4489 offert
780 4425 864 4474 Codd.
885 4424 1003 4472 Terentii
1023 4422 1120 4484 (Andr.
1140 4425 1167 4482 1,
1187 4423 1213 4482 2,
1235 4420 1302 4482 18),
1330 4422 1493 4481 Cratander,

176 4492 277 4543 Aldus:
298 4500 384 4552 reete,
405 4494 558 4555 opinamur.
580 4519 611 4531 -
630 4495 672 4543 20.
693 4501 720 4543 ut
739 4495 777 4544 eit
799 4491 943 4555 Tarentus]
963 4494 1090 4556 Suspecta
1110 4493 1177 4542 baee
1195 4492 1306 4543 Orellio.
1328 4515 1358 4528 -
1389 4492 1433 4542 21.
1453 4493 1497 4556 [ιω

176 4570 206 4613 ttt
223 4564 269 4614 bl:
288 4565 331 4627 sae
349 4564 379 4613 Ε.
399 4588 431 4596 -·
467 4564 512 4612 28.
532 4564 633 4614 Novam
652 4563 792 4626 epistolam
812 4565 875 4613 binc
895 4565 1014 4626 incipere
1033 4564 1135 4625 primus
1151 4564 1242 4614 docuit
1261 4562 1412 4613 Corradus:
1433 4576 1497 4611 con·

178 4632 264 4695 longit
282 4647 345 4684 eum
363 4634 501 4697 superiore
520 4632 551 4685 Ε.
571 4655 604 4671 -·
633 4633 664 4683 Ρ.
684 4634 803 4684 Laedunt
820 4634 858 4686 bl·
877 4657 910 4670 -
946 4635 989 4684 ³0.
1008 4635 1087 4685 emim
1107 4637 1187 4684 simut
1204 4634 1243 4685 tt.
1271 4657 1302 4671 -
1338 4633 1384 4684 3³.
1402 4633 1497 4695 defeti-
