3256 5400
177 215 239 278 536
672 210 731 276 ΕΡ.
752 210 805 275 tn
826 208 997 275 amedu

178 369 318 437 eteritis
340 389 449 436 omnes
471 367 555 433 boni.
610 366 672 446 Qui
693 366 763 433 istic
783 387 817 432 se
838 365 913 431 mihi
935 385 1000 432 uon
1020 364 1179 431 ostendit?
1215 365 1286 451 quis
1307 383 1397 431 nuuc
1420 359 1518 428 adest

178 465 239 531 hoc
259 462 366 528 bello?
402 462 453 527 Sic
475 463 558 525 euim
587 460 649 525 iam
677 459 896 548 appellandum
923 467 980 527 est.
1022 463 1054 525 4.
1075 456 1204 526 Vibullii
1224 480 1278 525 res
1299 467 1411 544 gestus
1435 463 1517 522 suut

179 558 279 623 adhuc
306 555 469 620 maximae.
516 553 621 619 Idex
642 555 783 641 lfompeii
804 553 915 619 litteris
940 565 1136 638 cognoscem·
1160 552 1194 618 iu
1220 551 1336 640 quibus
1357 548 1514 617 animad-

178 651 292 716 vertito
321 649 408 713 illum
435 649 555 720 locum,
583 647 639 714 ubi
671 651 732 714 erit
759 652 864 728 διπλῆ.
919 644 1067 722 Videbis,
1095 645 1136 713 de
1165 650 1269 713 Cuneo
1298 656 1414 712 nostro
1437 642 1512 730 ipse

156 743 333 810 svibullius
355 741 428 828 quid
451 742 617 807 existimet.
662 745 734 820 Quo
756 743 852 827 igitur
874 741 951 807 haec
965 746 1084 826 spectat
1098 739 1225 806 oratio?
1247 744 1314 826 Ego
1330 762 1391 828 pro
1411 743 1514 806 Pom-

177 837 250 923 peio
271 833 415 900 lubenter
436 836 537 901 emori
558 857 696 921 possum.
747 836 841 902 Facio
862 835 961 921 pluris
983 834 1124 900 omnium
1146 833 1309 900 homiuum
1330 834 1511 902 nemiuem.

178 929 240 995 Sed
262 950 325 994 nou
347 929 403 995 itu:
434 934 526 1007 „Uno
548 930 580 995 iu
602 950 643 996 eo
664 930 771 996 iudico
792 948 878 1014 spem
900 927 940 992 de
961 927 1060 994 salute
1080 932 1129 993 rei
1149 924 1321 1014 publicae.”
1374 923 1512 1013 siguifi-

177 1042 229 1088 eas
250 1023 331 1088 enim
353 1023 515 1110 aliquanto
535 1045 641 1100 secus,
671 1045 766 1111 quam
793 1022 933 1100 solebas;
960 1029 995 1087 ut
1016 1022 1110 1088 etiam
1131 1022 1233 1101 ltalia,
1264 1022 1291 1087 si
1316 1022 1370 1088 ille
1393 1019 1510 1094 cedat,

176 1125 267 1202 putes
289 1115 472 1182 cedendum.
517 1117 609 1195 Quod
632 1138 691 1202 ego
713 1117 839 1183 neerei
860 1115 1003 1202 publicae
1025 1125 1102 1201 puto
1123 1136 1193 1182 esse
1213 1115 1291 1181 utile
1311 1135 1370 1179 uec
1390 1111 1509 1179 liberis

141 1211 272 1288 omeis;
304 1219 467 1295 praeterea
499 1232 601 1297 neque
629 1223 749 1277 rectum
778 1231 881 1296 neque
902 1209 1077 1275 honestum.
1120 1208 1183 1275 Sed
1203 1216 1286 1275 curl
1309 1207 1510 1285 „Poterisne

175 1305 274 1390 igitur
302 1304 411 1369 videre
443 1310 652 1392 tyranuum?”
683 1342 724 1352 —
762 1307 858 1382 Quasi
886 1302 1025 1379 intersit,
1056 1302 1179 1368 audiam
1201 1323 1242 1368 au
1263 1302 1412 1378 videam,
1451 1307 1511 1366 aul

176 1398 363 1484 locupletior
383 1397 458 1462 mihi
481 1398 520 1462 sit
541 1398 738 1485 quaerendus
764 1409 874 1466 auctor
894 1419 987 1484 quam
1017 1401 1177 1472 Socrates,
1208 1397 1280 1485 qui,
1316 1417 1389 1462 cum
1413 1413 1510 1462 xxx.

176 1492 299 1581 tyranni
321 1501 438 1566 esseut,
470 1491 582 1578 pedem
604 1501 695 1578 porta
717 1515 779 1560 non
801 1493 921 1559 extulit.
970 1497 1025 1557 Est
1046 1490 1123 1556 milri
1144 1503 1307 1577 praeterea
1327 1493 1511 1577 praecipua

177 1607 270 1652 causa
291 1586 452 1663 manendi;
485 1585 524 1651 de
546 1608 606 1672 qua
627 1587 745 1652 utinam
769 1587 936 1674 aliquando
958 1597 1061 1652 tecum
1081 1584 1211 1671 loquar!
1249 1588 1316 1669 Ego
1337 1602 1418 1649 xm.
1442 1587 1511 1649 Ka-

144 1679 278 1756 attend,
300 1702 371 1745 eum
393 1679 501 1745 eadem
523 1680 648 1746 lucerna
670 1681 749 1746 hauc
770 1681 932 1766 epistolam
953 1679 1166 1767 scripsissem,
1188 1698 1250 1765 qua
1272 1676 1510 1743 inflammaram

179 1785 281 1852 tuam,
313 1774 446 1840 Formiis
474 1773 511 1840 ad
538 1774 742 1861 Pompeium,
777 1775 804 1840 si
832 1774 871 1840 de
899 1794 975 1860 pace
996 1781 1124 1859 agetur,
1159 1772 1374 1858 prolecturus;
1403 1770 1434 1836 si
1466 1768 1510 1834 do

178 1866 277 1944 bello,
299 1867 373 1955 quid
396 1874 474 1934 ero‘l

654 1978 1027 2065 mosam)

638 2105 780 2170 CICERO
816 2103 959 2167 ATTICO
997 2105 1030 2166 S.

141 2229 170 2274 2⁰
265 2218 293 2280 1.
314 2215 458 2280 Maximis
481 2227 512 2282 et
532 2215 716 2281 miserrimis
737 2213 832 2280 rebus
854 2213 1069 2299 perturbatus,
1092 2235 1164 2279 eum
1185 2235 1290 2280 coram
1306 2222 1408 2280 tecum
1424 2211 1507 2278 mihi

179 2319 316 2396 potestas
346 2308 539 2375 deliberandi
568 2332 631 2376 non
661 2318 756 2383 esset,
789 2307 835 2372 uti
868 2319 972 2373 tamen
999 2317 1052 2373 tuo
1081 2307 1213 2374 consilio
1234 2309 1330 2374 volui.
1372 2306 1507 2372 Delibe-

178 2406 260 2471 ratio
281 2413 386 2469 autem
408 2404 509 2469 omnis
530 2405 606 2469 haec
628 2413 688 2469 est:
712 2404 738 2469 si
761 2402 929 2487 Pompeius
950 2403 1037 2467 ltalia
1058 2403 1166 2477 cedat,
1200 2401 1286 2488 quod
1308 2423 1381 2467 eum
1402 2400 1507 2466 lactu-

179 2522 249 2566 rum
272 2518 341 2562 esse
363 2503 520 2582 suspicor,
543 2496 618 2584 quid
640 2496 717 2561 mihi
739 2496 894 2580 agendum
915 2506 1019 2580 putes;
1054 2503 1086 2559 et
1106 2517 1170 2580 quo
1191 2495 1312 2560 facilius
1334 2496 1505 2561 consilium

180 2593 256 2658 dare
284 2591 401 2676 possis,
430 2591 505 2677 quid
534 2592 567 2656 in
596 2602 761 2675 utramque
790 2599 910 2676 partem
939 2589 1018 2653 mihi
1039 2589 1071 2654 in
1093 2599 1228 2654 mentem
1251 2590 1365 2665 veniat,
1400 2589 1505 2675 expli·

142 2684 258 2754 arsabo
281 2684 381 2751 brevi.
431 2688 461 2750 2.
493 2689 569 2752 Cum
590 2685 701 2752 merita
723 2684 864 2769 Pompeii
886 2705 1005 2749 summa
1028 2704 1102 2768 erga
1132 2683 1263 2748 salutem
1286 2704 1387 2747 meam
1408 2682 1503 2748 lami·

180 2780 376 2864 liaritasque,
400 2800 479 2863 quae
501 2780 578 2844 milri
599 2801 669 2843 cum
692 2800 731 2844 eo
755 2790 814 2850 est,
846 2789 910 2841 tum
934 2777 1000 2863 ipsa
1022 2777 1069 2842 rei
1091 2776 1235 2863 publicae
1258 2797 1350 2841 causa
1372 2798 1423 2840 mc
1446 2776 1505 2841 ad·

180 2873 278 2947 ducit,
318 2882 351 2937 ut
380 2873 457 2937 mihi
486 2874 534 2937 vel
567 2872 729 2938 eonsilium
763 2893 866 2936 meum
895 2891 967 2934 cum
1001 2870 1084 2935 illius
1113 2870 1262 2944 consilio,
1293 2872 1344 2936 vel
1373 2871 1502 2937 lortuua

179 2989 250 3032 oum
280 2967 404 3032 fortuna
438 2968 655 3052 coniungenda
684 2988 753 3032 esse
785 2965 938 3030 videatur.
990 2965 1116 3031 Accedit
1144 2964 1237 3030 illud:
1273 2963 1300 3029 si
1327 2987 1440 3030 maneo
1471 2976 1504 3032 et

179 3062 266 3130 illum
288 3062 466 3127 comitatum
489 3062 680 3146 optimorum
703 3071 734 3125 et
755 3059 998 3125 clarissimorum
1022 3059 1137 3124 civium
1160 3058 1290 3131 desero,
1324 3060 1502 3125 cadendum

141 3164 227 3220 coest
247 3155 279 3218 iu
301 3155 393 3219 unius
415 3165 616 3241 potestatem;
645 3153 715 3240 qui,
748 3152 805 3217 etsi
835 3155 940 3218 multis
966 3151 1061 3217 rebus
1087 3151 1239 3236 significat
1260 3174 1294 3217 se
1316 3152 1407 3218 nobis
1429 3175 1502 3219 esse

178 3248 313 3313 amicum
335 3284 391 3322 —‚
415 3258 446 3313 et
466 3259 501 3316 ut
522 3257 617 3321 esset,
647 3268 665 3311 a
691 3268 742 3311 mo
772 3256 819 3310 est
840 3282 879 3295 -
903 3255 966 3311 tute
989 3247 1048 3311 scis
1071 3257 1264 3333 -propter
1286 3247 1502 3332 suspicionem

178 3342 271 3407 huius
303 3340 509 3426 impendentis
531 3340 722 3426 tempestatis
752 3340 849 3404 multo
882 3351 951 3404 ante
980 3341 1142 3426 provisum
1171 3363 1225 3405 -:
1249 3349 1352 3405 tamen
1378 3350 1503 3405 utrum·

178 3456 240 3522 que
269 3434 528 3502 considerandum
559 3444 624 3507 cst,
658 3442 689 3498 et
711 3443 826 3518 quanta
848 3432 924 3498 fides
947 3433 976 3498 ei
998 3434 1037 3498 sit
1063 3433 1205 3498 habenda
1228 3445 1276 3509 et,
1313 3434 1339 3499 si
1361 3434 1502 3498 maximo

179 3529 376 3615 exploratum
405 3528 445 3592 sit
473 3550 544 3593 eum
575 3526 665 3592 uobis
693 3527 826 3593 amicum
854 3526 936 3600 sore,
960 3532 1039 3591 sitne
1060 3527 1121 3592 viri
1143 3527 1233 3593 lortis
1255 3538 1286 3592 et
1307 3525 1381 3592 boni
1404 3527 1501 3600 civis,

157 3732 160 3736 ·
248 3704 273 3753 1.
295 3702 357 3767 Quis
374 3702 432 3750 istic
451 3701 516 3751 Cod.
537 3703 564 3750 in
584 3715 637 3762 mg.
662 3701 766 3764 Repett.
792 3700 906 3749 Lamo:
936 3701 981 3763 qui
998 3701 1069 3749 latim
1086 3700 1123 3758 Y,
1154 3701 1211 3764 puls
1229 3707 1258 3749 ta
1276 3700 1318 3758 Μ,
1349 3703 1503 3764 usitamus

180 3773 209 3830 l,
229 3775 287 3836 quis
305 3773 431 3822 tumllll.
452 3769 651 3834 (patrocimo
672 3772 820 3819 miliauac
840 3766 1020 3831 Tuustallos.)
1054 3793 1084 3804 -
1121 3770 1147 3818 Μ.
1175 3773 1230 3819 iam
1256 3773 1324 3820 anim
1351 3771 1372 3819 l.
1394 3796 1425 3807 —
1462 3774 1503 3820 ui·

179 3844 252 3893 blatta·
271 3857 311 3905 pr.
330 3841 376 3900 tt,
400 3842 493 3891 Vibulli
510 3843 551 3903 ll,
572 3841 658 3891 Bibuli
675 3841 687 3890 Ι
706 3845 733 3890 et
750 3854 819 3890 corr.
840 3842 883 3899 M,
904 3840 931 3888 iu
952 3854 1005 3903 quo
1025 3853 1116 3888 rursus
1134 3839 1252 3889 deletum
1273 3846 1322 3889 est.
1342 3863 1372 3877 -
1397 3840 1424 3890 3.
1443 3855 1503 3890 mu·

179 3915 247 3963 mmo
266 3912 287 3961 l.
315 3936 341 3946 -
380 3912 562 3962 animaduerto
582 3912 604 3960 l.
637 3937 664 3947 -
703 3912 729 3962 5.
751 3911 855 3959 lubulus
874 3923 914 3973 pr.
934 3910 979 3967 Μ,
1009 3909 1119 3958 cluullas
1141 3916 1167 3959 et
1185 3910 1284 3960 bibulus
1303 3924 1373 3959 corr.
1392 3910 1420 3960 Μ
1439 3911 1503 3970 (sed

180 3983 278 4032 bibulus
297 3996 390 4034 rursus
409 3982 555 4041 deletum),
576 3981 686 4030 debilius
705 3981 742 4039 ll,
762 3981 871 4030 Bibulus
890 3979 911 4028 l.
935 4004 963 4014 -
989 3982 1105 4029 aestimet
1125 3979 1156 4028 R.
1178 4004 1209 4015 -
1240 3980 1266 4030 d.
1288 3979 1397 4030 libenter
1413 3981 1445 4030 ll·
1469 4004 1500 4015 -

179 4054 206 4102 7.
227 4053 274 4102 Sed
292 4069 346 4102 non
363 4055 405 4102 tto
421 4066 476 4100 aon
493 4066 548 4101 meo
566 4052 661 4100 iudicio
680 4064 749 4113 rpem
766 4049 835 4109 MR,
869 4049 990 4100 sednon
1008 4058 1095 4099 tumea
1112 4052 1151 4099 ito
1169 4064 1225 4099 meo
1243 4051 1360 4100 iudicio:
1386 4064 1456 4114 apem
1477 4051 1500 4099 l.

181 4123 348 4181 (Correetum
368 4136 399 4173 ex
419 4120 463 4183 Υ.)
492 4147 517 4156 -
557 4121 583 4170 8.
603 4118 643 4187 ut]
663 4128 710 4169 out
730 4135 770 4183 pr.
790 4120 827 4170 Μ.
859 4145 891 4154 -
929 4120 955 4170 s.
975 4116 1031 4185 epo]
1050 4132 1115 4182 equo
1134 4134 1173 4182 pr.
1194 4120 1231 4170 Μ.
1253 4146 1280 4156 -
1320 4121 1394 4170 utilis
1414 4120 1444 4169 ll.
1469 4147 1498 4157 -

181 4193 223 4243 ld.
244 4201 364 4257 operetur
382 4206 443 4241 eum
464 4193 540 4241 libris
561 4191 604 4239 Rl.
642 4190 778 4252 (Correxit
796 4184 955 4251 Victorius.)
990 4216 1017 4226 -
1054 4191 1179 4254 prosectis
1204 4204 1245 4253 pr.
1264 4189 1307 4251 Μ,
1336 4190 1503 4255 profectus!

181 4270 206 4312 et
226 4277 295 4314 corr.
314 4264 357 4322 ll,
375 4264 539 4327 profecturus
557 4275 627 4311 uum
647 4263 708 4311 Asc.
728 4275 781 4310 see.
800 4284 826 4294 -
874 4262 916 4310 1¹1.
936 4261 999 4323 quid
1013 4255 1068 4320 ero]
1089 4261 1151 4322 quid
1168 4264 1218 4309 ortt
1237 4259 1266 4318 l,
1292 4262 1380 4310 videro
1400 4261 1502 4323 «prisci

180 4333 221 4386 Pii
232 4333 371 4383 Codices.»
385 4333 485 4382 Placet.
506 4333 557 4384 Otr.
572 4358 603 4367 -
622 4331 666 4380 20.
679 4332 847 4393 perturbatus
860 4344 1016 4381 cumeorum
1029 4337 1052 4379 te
1067 4344 1123 4378 cum
1136 4331 1199 4378 mihi
1210 4337 1326 4391 potestas
1338 4330 1503 4380 deliberandi

181 4418 235 4456 aon
247 4410 308 4452 esset
323 4409 352 4450 ut
373 4404 412 4451 itu
434 4410 519 4452 tumea
541 4403 633 4458 (aerbo
646 4410 709 4450 esset
725 4415 861 4463 superscr.
881 4401 979 4450 estred
997 4405 1023 4449 et
1040 4413 1132 4449 rursus
1152 4399 1284 4460 deletum,
1304 4401 1392 4451 verbis
1414 4407 1443 4450 ut
1459 4403 1502 4451 ito

182 4487 314 4536 superscr.
334 4470 384 4533 uti)
404 4473 445 4531 Μ,
462 4474 593 4535 profectus
610 4486 666 4520 sum
685 4486 773 4522 eorum
792 4479 872 4522 tecum
890 4472 954 4520 milti
970 4485 998 4532 p.
1017 4471 1044 4519 d.
1063 4477 1191 4520 nonest:
1215 4471 1258 4519 sed
1276 4473 1316 4519 uti
1335 4471 1377 4526 ll,
1395 4479 1503 4532 pertur-

182 4545 257 4594 batus
280 4556 446 4592 cumeorum
472 4549 495 4592 te
520 4556 577 4590 cum
599 4543 664 4591 midi
691 4557 718 4604 p.
747 4543 774 4592 d.
801 4556 855 4591 aon
872 4548 932 4590 est:
962 4541 1006 4590 scd
1024 4541 1064 4588 uti
1081 4540 1104 4588 l.
1141 4540 1273 4590 (Correxit
1292 4541 1446 4598 Victorius.)
1468 4567 1498 4577 -

182 4615 227 4666 22.
254 4613 358 4663 ltaliam
383 4613 487 4663 accedat
507 4626 546 4675 pr.
567 4611 610 4670 Μ,
640 4612 722 4661 ltalia
739 4614 845 4661 excedat
864 4611 899 4663 Rl
919 4616 945 4660 et
964 4623 1034 4660 corr.
1054 4610 1092 4660 Μ.
1122 4609 1167 4668 (Ut
1189 4623 1255 4668 uos,
1276 4609 1428 4660 Victoriana
1447 4609 1502 4674 pr.)

183 4685 226 4738 dl.
247 4681 318 4749 quid]
337 4683 406 4746 quod
426 4696 465 4745 pr.
485 4681 522 4731 Μ.
553 4704 583 4716 -
620 4682 861 4731 25.summam1t.
883 4705 917 4716 -
952 4679 996 4729 28.
1022 4694 1078 4728 cum
1101 4681 1210 4744 [ortona
1234 4694 1296 4729 cum
1325 4681 1399 4730 libris
1428 4683 1500 4732 notis

184 4755 304 4806 um.1tt.
342 4753 538 4816 (Supplendum
566 4752 631 4801 vidit
660 4752 833 4816 lllaluspluo.)
862 4777 889 4788 -
928 4750 972 4799 33.
1003 4751 1026 4800 ei
1043 4750 1106 4815 fidos
1123 4751 1145 4799 1.
1166 4773 1196 4785 -
1232 4751 1379 4803 adhibendo
1404 4752 1437 4801 ll.
1467 4775 1499 4787 -

184 4825 228 4879 aa.
246 4827 280 4876 sit
298 4829 361 4877 auto
378 4839 435 4874 eam
454 4837 515 4874 eam
534 4823 590 4874 lac.
610 4823 739 4875 Grouoaii
756 4822 846 4887 operis
863 4835 918 4872 om.
939 4821 969 4871 ll.
