3256 5400
654 229 729 290 ctu.
751 229 807 291 tx.
849 230 909 295 ΕΡ.
932 229 961 290 7.

520 440 523 445 ,
620 386 683 447 ru.
727 382 775 466 (A.
801 386 834 448 n.
856 387 888 449 c.
909 385 994 467 ros.)

626 497 769 563 cronno
791 499 935 562 eruco
958 500 989 562 s.

233 618 262 679 1.
284 612 476 697 Scripseram
498 609 538 676 ad
560 619 590 674 te
605 608 785 696 epistolam,
808 629 901 694 quam
923 607 1031 674 darem
1057 630 1100 676 rs.
1122 611 1166 677 ld.
1211 616 1273 680 Sed
1295 617 1464 692 codicis,

148 709 200 774 cul
227 705 303 771 dare
329 704 505 778 volueram,
542 724 605 768 non
638 713 685 768 cst
712 701 881 788 protectus.
936 704 1029 769 Venit
1056 715 1159 771 autem
1188 728 1227 772 eo
1249 709 1318 794 ipso
1341 710 1391 776 die
1411 713 1464 777 ills

149 798 328 883 „celeripes
336 803 363 872 ,”
385 818 478 883 quem
501 796 621 862 Salvius
643 794 783 873 dixerat;
815 796 916 862 attulit
937 796 1112 864 uberrimas
1134 810 1202 866 tuas
1223 801 1361 878 litteras,
1385 824 1488 891 quaes

149 895 226 960 mibi
254 891 401 978 quiddam
423 891 511 977 quasi
534 940 552 966 „
561 890 716 955 animulae
743 890 961 955 restillarunt”
1019 898 1203 959 Recreatum
1226 897 1308 960 enim
1331 919 1381 962 me
1402 920 1466 965 non

149 1009 232 1076 queo
253 987 368 1053 dicere.
412 985 471 1051 Sed
494 984 584 1071 plane
607 985 642 1049 τὸ
666 997 801 1063 συνέχον
822 983 963 1049 effecisti.
1004 989 1072 1070 Ego
1095 988 1177 1053 enim
1193 1010 1256 1055 non
1274 990 1335 1054 iam
1349 991 1381 1055 id
1396 1013 1466 1077 ago,

149 1079 358 1152 mihicrede,
392 1089 428 1144 ut
448 1098 619 1165 prosperos
641 1078 744 1143 exitus
765 1098 948 1164 consequar.
1002 1080 1052 1144 Sic
1075 1081 1157 1145 cnim
1179 1082 1287 1158 video,
1310 1105 1367 1150 nec
1389 1085 1466 1152 duo·

149 1175 208 1242 bus
236 1175 284 1240 bis
312 1174 392 1240 vivis
421 1193 479 1238 nec
507 1171 567 1237 boc
593 1191 658 1235 uuo
691 1191 748 1235 nos
775 1193 911 1257 unquam
937 1192 1004 1238 rem
1026 1173 1183 1259 publicam
1205 1175 1377 1243 babituros.
1421 1182 1466 1244 lta

150 1290 252 1356 neque
283 1268 323 1333 de
350 1267 417 1333 otio
444 1275 553 1332 nostro
582 1285 676 1351 spero
699 1263 760 1329 iam
782 1286 839 1330 nec
861 1266 954 1331 ullam
977 1266 1177 1333 acerbitatem
1199 1291 1322 1336 recuso.
1366 1276 1464 1336 Unum
1477 1295 1503 1333 u

148 1362 226 1428 illud
257 1360 515 1434 extimescebam,
549 1357 682 1445 nequid
703 1359 835 1444 turpiter
857 1358 1009 1437 lacerem,
1044 1362 1093 1427 vel
1115 1363 1232 1439 dicam,
1262 1363 1324 1428 iam
1346 1363 1467 1429 effecis-

149 1480 225 1522 sem.
284 1462 313 1522 1.
344 1457 394 1522 Sic
416 1475 492 1540 ergo
515 1451 646 1526 habeto,
669 1452 819 1518 salutares
841 1462 871 1517 te
893 1455 968 1520 mibi
990 1455 1108 1521 litteras
1130 1459 1269 1534 misisse;
1292 1479 1394 1543 neque
1416 1479 1467 1523 so-

149 1551 213 1617 lum
235 1552 289 1617 bas
311 1550 485 1635 longiores,
519 1545 633 1633 quibus
654 1545 730 1611 nibil
752 1555 942 1631 potestesse
965 1551 1164 1635 explicatius,
1188 1551 1265 1618 nibil
1279 1552 1465 1638 perfectius;

149 1643 318 1710 sedetiam
341 1644 408 1709 illas
430 1641 609 1713 breviores,
646 1641 678 1704 in
700 1639 814 1726 quibus
836 1640 895 1705 boc
917 1642 993 1707 mibi
1015 1643 1272 1710 iucundissimum
1294 1644 1368 1718 luit,
1391 1665 1466 1709 con-

149 1740 252 1806 silium
274 1737 450 1821 laetumque
472 1746 613 1799 nostrum
635 1756 652 1798 a
675 1738 770 1798 Serto
793 1734 936 1819 probari;
973 1748 1216 1825 pergratumque
1238 1737 1313 1804 mibi
1336 1748 1369 1803 tu
1390 1737 1501 1803 leci-rs

148 1835 203 1908 sti,
240 1854 258 1896 a
287 1854 351 1918 quo
373 1830 459 1916 diligi
482 1850 531 1893 me
554 1838 604 1903 et,
638 1827 713 1915 quid
734 1838 856 1893 rectum
877 1830 933 1904 sit,
956 1831 1086 1918 intelligi
1108 1834 1183 1899 scio.
1226 1834 1365 1918 Longior
1386 1855 1464 1899 vero

149 1937 200 1992 tua
230 1924 359 2011 epistola
389 1945 524 1989 nonme
557 1923 657 1989 solum
695 1920 751 1987 sed
780 1942 869 1987 meos
890 1946 998 1990 omnes
1024 1927 1217 2010 aegritudine
1239 1927 1361 1992 levavit.
1404 1933 1465 1993 lta-

149 2042 210 2107 que
233 2029 303 2084 utar
325 2029 380 2083 tuo
402 2018 534 2083 consilio
556 2026 587 2081 et
610 2036 667 2081 ero
688 2019 720 2080 in
741 2017 931 2091 Formiano,
968 2041 1007 2083 ne
1040 2030 1093 2085 aut
1120 2021 1159 2086 ad
1180 2021 1290 2087 urbem
1321 2024 1464 2103 ἁπάντη-

149 2143 199 2191 σις
222 2136 290 2179 mca
312 2112 593 2185 animadvertatur,
623 2117 695 2181 aut,
724 2109 750 2173 si
772 2131 828 2174 nce
850 2111 901 2176 blc
928 2134 984 2177 nec
1006 2113 1070 2178 illic
1091 2136 1162 2179 eum
1194 2116 1316 2189 videro,
1348 2116 1465 2182 devita-

148 2219 214 2273 tum
236 2230 269 2273 sc
298 2229 316 2272 a
344 2229 394 2271 me
416 2216 512 2292 putet.
555 2211 584 2270 3.
608 2203 701 2283 Quod
723 2213 827 2271 autem
850 2205 976 2280 suades,
1011 2217 1045 2272 ut
1067 2208 1105 2273 ab
1129 2230 1167 2273 eo
1189 2220 1309 2295 petam,
1332 2220 1366 2275 ut
1388 2210 1499 2275 mibirn

148 2301 312 2375 concedat,
346 2310 380 2366 ut
400 2300 483 2365 idem
506 2298 641 2363 tribuam
663 2298 834 2383 Pompeio,
870 2299 954 2385 quod
976 2300 1035 2386 ipsi
1067 2301 1247 2368 tribuerim:
1276 2303 1380 2368 idme
1402 2305 1464 2369 iam

148 2396 270 2483 pridem
293 2416 384 2479 agere
406 2393 557 2476 intelliges
579 2414 618 2456 ex
641 2390 750 2455 litteris
773 2391 860 2456 Balbi
890 2403 920 2458 et
948 2395 1054 2480 Oppii,
1088 2418 1220 2482 quarum
1243 2399 1385 2483 exempla
1408 2399 1463 2464 tibi

148 2492 229 2556 misi.
285 2488 356 2554 Misi
385 2493 478 2552 etiam
507 2485 645 2552 Caesaris
673 2483 712 2548 ad
740 2506 795 2550 eos
823 2507 897 2550 sana
926 2499 1028 2553 mente
1056 2490 1207 2576 scriptas,
1245 2491 1403 2576 quomodo
1431 2493 1463 2558 iu

147 2595 230 2652 tauta
251 2583 378 2649 insania.
431 2581 484 2644 Sin
512 2579 586 2643 mibi
615 2582 728 2644 Caesar
756 2579 816 2644 boc
852 2601 914 2645 uon
945 2583 1109 2658 concedat,
1142 2583 1235 2649 video
1257 2583 1311 2649 tibi
1340 2586 1463 2671 placere

148 2678 240 2752 illud,
278 2699 327 2740 me
349 2685 524 2758 πολίτευμα
546 2672 584 2737 de
616 2691 692 2756 pace
725 2671 900 2757 suscipere;
932 2674 964 2739 in
992 2697 1057 2761 quo
1090 2698 1152 2741 uon
1180 2677 1351 2742 extimesco
1379 2666 1512 2764 peri-2³x

147 2774 261 2838 culum.
305 2773 381 2835 Cum
403 2768 486 2832 enim
507 2775 553 2829 tot
575 2761 787 2849 impendeant,
818 2785 875 2829 cur
896 2787 959 2831 non
987 2768 1206 2836 honestissimo
1235 2771 1389 2856 depecisci
1409 2794 1462 2838 ro-

148 2869 226 2935 lim‘t
256 2865 317 2930 Sed
347 2883 482 2935 vereor,
514 2881 554 2924 ne
577 2857 725 2944 Pompeio
746 2858 821 2944 quid
844 2861 949 2926 oneris
971 2862 1145 2948 imponam;

314 3005 359 3089 μή
379 3030 437 3087 μοι
459 3011 608 3086 γοργείην
629 3000 774 3079 κεφαλὴν
797 3006 914 3067 δεινοῖο
936 3004 1081 3090 πελώρου

148 3156 334 3234 intorqueat.
376 3141 551 3210 Mirandum
573 3140 655 3205 enim
678 3139 710 3202 in
733 3140 860 3206 modum
882 3145 1002 3208 Gnaeus
1021 3153 1127 3210 noster
1142 3146 1259 3212 Sullani
1273 3149 1362 3232 regni
1376 3150 1461 3215 simi-

148 3243 309 3309 litudinem
340 3236 527 3322 concupivit.
580 3236 686 3308 Εἰδώς
713 3266 768 3304 σοι
798 3244 885 3319 λέγω.
940 3237 1019 3303 Nihil
1049 3239 1101 3303 ille
1122 3262 1259 3326 unquam
1282 3249 1383 3307 minus
1405 3243 1497 3316 ‹sb-,0

148 3359 239 3403 scure
261 3334 340 3399 tulit.
391 3336 468 3397 Cum
490 3330 589 3396 boene
610 3331 728 3416 igitur,
760 3332 899 3416 inquies,
930 3352 999 3395 esse
1020 3332 1088 3397 vis?
1120 3334 1307 3399 Beneficium
1329 3357 1460 3423 sequor,

148 3431 224 3496 mibi
252 3427 363 3501 crede,
397 3447 460 3490 non
492 3440 632 3499 causam,
667 3437 702 3493 nt
733 3427 764 3491 in
798 3425 932 3499 Milone,
968 3437 1004 3491 ut
1031 3426 1063 3491 in
1087 3475 1094 3491 .
1117 3476 1157 3492 ..
1214 3427 1275 3493 Sed
1303 3427 1463 3496 hactenus.

147 3530 178 3590 lt.
201 3527 300 3589 Causa
329 3520 425 3605 igitur
452 3540 514 3584 non
536 3517 619 3583 bona
646 3526 715 3584 estt
746 3525 845 3585 Immo
878 3523 1015 3604 optima;
1044 3521 1100 3585 sed
1128 3530 1251 3605 agetur,
1286 3533 1462 3596 memento.

147 3615 338 3682 foedissime.
385 3611 524 3677 Primum
557 3612 721 3678 consilium
749 3622 797 3678 est
824 3612 978 3678 suffocare
1014 3612 1124 3677 urbem
1154 3624 1185 3678 et
1213 3616 1331 3681 ltaliam
1364 3617 1462 3693 lame,

148 3708 276 3782 deinde,
299 3727 392 3789 agros
413 3717 552 3779 vastare,
585 3728 695 3781 urere,
717 3707 857 3793 pecuniis
878 3706 1067 3792 locupletum
1089 3729 1152 3772 non
1173 3707 1339 3774 abstinere.
1383 3709 1499 3785 Sed,ss

217 3935 243 3985 3.
271 3949 362 3997 parem
381 3935 411 3985 R.
440 3960 471 3969 -
509 3948 551 3984 eos
568 3935 622 3984 dles
641 3937 683 3984 cut
712 3937 742 3985 n.
781 3935 882 3994 (lticne
901 3935 981 3984 Vetus
1000 3934 1079 3983 Liber
1104 3934 1236 3986 Victorii?
1265 3936 1320 3987 Ct'r.
1340 3938 1462 3991 Seebode

150 4006 251 4055 Archiv.
273 4005 349 4054 1830.
370 4019 396 4067 p.
415 4004 472 4058 Sd.)
493 4031 521 4042 -
559 4005 585 4055 5.
604 4005 720 4055 celeriter
735 4018 780 4066 pes
797 4006 825 4053 Z.
846 4005 919 4061 (Vae.
941 4018 971 4054 er
991 4006 1069 4066 podas
1088 4006 1193 4055 videtur
1213 4009 1332 4069 petitum.
1354 4010 1462 4063 Ota-t-

149 4075 175 4125 d.
205 4076 329 4139 quiddam
352 4089 405 4137 qua
426 4082 498 4124 stant
521 4082 608 4124 mutae
631 4076 790 4124 multarunt
810 4075 846 4134 Z,
874 4076 998 4138 quiddam
1019 4088 1071 4138 qua
1089 4082 1161 4124 stant
1178 4084 1252 4126 muta
1270 4086 1307 4128 est
1324 4078 1365 4127 1111
1381 4088 1463 4130 arum

149 4146 194 4203 bl,
215 4146 340 4207 quiddam
358 4159 410 4209 quc
427 4152 500 4194 stant
518 4152 592 4194 muta
609 4152 646 4194 est
663 4144 704 4194 ills·
722 4146 798 4194 aiunt
816 4145 856 4205 n,
876 4146 999 4208 quiddam
1017 4159 1069 4207 qua
1085 4152 1158 4194 stans
1175 4155 1262 4196 mutue
1284 4148 1419 4199 stillarunt
1439 4151 1460 4199 l.

150 4215 195 4277 (Ut
214 4228 283 4273 nos,
314 4215 346 4264 tt.
383 4215 485 4264 Rursus
510 4227 541 4263 ea
568 4216 655 4277 potlts.
685 4214 749 4273 Οι.)
779 4240 806 4250 -
864 4215 1063 4280 1111151111.
1092 4239 1122 4250 -
1160 4218 1201 4265 to.
1228 4214 1314 4280 spero]
1336 4233 1463 4281 prospero

150 4300 190 4348 pr.
209 4284 245 4334 bl·
269 4311 297 4321 -
336 4282 678 4349 11.[aceresrs]oqerem1.
701 4311 729 4321 -
767 4286 821 4334 ium
838 4285 950 4348 fecissem
970 4283 1084 4334 malebat
1104 4286 1257 4345 Ernesttus,
1276 4291 1330 4337 s'am
1347 4293 1463 4352 nescess-

149 4370 201 4406 sem
219 4354 360 4404 Strotbius.
380 4381 411 4391 -
432 4357 474 4405 15.
494 4356 527 4405 ab
546 4355 567 4404 l.
590 4379 620 4390 -
640 4355 684 4405 18.
703 4353 775 4416 utar]
795 4361 826 4403 ut
844 4363 907 4404 utar
925 4370 965 4418 pr.
985 4355 1068 4403 11.·
1087 4355 1131 4404 22·
1151 4355 1278 4419 exemplu]
1292 4358 1461 4409 Scbuetsium

149 4431 258 4476 secutus
278 4426 373 4476 barum
391 4427 565 4488 epistolarum
584 4426 706 4487 exempla
725 4426 851 4474 subiunxi
869 4427 931 4475 huic
954 4425 1001 4486 Ep.
1021 4424 1080 4473 vn.
1099 4427 1176 4488 Apud
1197 4428 1265 4477 Vtct.
1284 4429 1378 4477 bamb.
1400 4431 1460 4480 Bos.

150 4497 204 4545 luc.
232 4495 397 4545 Gronostum
424 4497 508 4559 posita
536 4501 599 4544 sunt
626 4501 685 4557 post
709 4495 757 4558 llp.
783 4495 856 4544 vttt.
894 4494 1088 4550 coenantibus,
1107 4496 1178 4559 apud
1197 4498 1348 4548 Ernestium
1370 4501 1462 4550 nescio

149 4580 198 4616 cur
216 4570 275 4628 post
294 4565 342 4627 Bp.
364 4565 407 4613 vt.
428 4567 460 4615 ,1.
481 4566 584 4616 Cassan
602 4571 653 4614 cet·
691 4565 755 4615 Cum
772 4565 908 4614 Furnium.
929 4565 978 4614 Oa.
1003 4589 1036 4598 -
1072 4565 1116 4615 23.
1135 4580 1197 4616 sone
1216 4582 1255 4632 pr.
1275 4569 1313 4618 Μ.
1334 4595 1364 4604 -
1400 4572 1462 4619 scri·

147 4643 210 4698 ptus
237 4636 357 4692 litteram
388 4649 437 4699 quo
466 4635 501 4686 ut
520 4643 546 4686 et
565 4649 635 4685 corr.
657 4634 694 4685 bl.
725 4660 755 4671 -
797 4635 839 4684 *ld-
860 4636 925 4684 illud
941 4636 1042 4698 placere
1061 4636 1081 4683 1.
1110 4662 1142 4671 -
1178 4637 1222 4685 26.
1243 4640 1369 4700 depacisci
1387 4640 1459 4691 11111.

151 4704 194 4767 (Ut
212 4719 279 4764 nos,
313 4702 397 4753 Codd.
421 4703 533 4768 ldalasp.
565 4711 592 4754 et
624 4719 678 4767 mg.
707 4702 870 4768 Cratandri.)
909 4729 939 4741 -
976 4704 1019 4755 30.
1050 4704 1205 4769 concupiuit]
1233 4711 1367 4770 occupavit
1388 4710 1408 4758 Ι.
1432 4736 1458 4746 -

149 4777 340 4838 ntbs'ls'uquam
366 4776 409 4824 s'tle
437 4775 458 4824 1.
491 4801 521 4811 —
558 4777 602 4824 32.
620 4778 649 4825 m
667 4782 729 4825 aute
747 4776 844 4825 Milone
862 4790 916 4824 om.
939 4789 978 4838 pr.
999 4774 1035 4822 Μ.
1057 4799 1088 4810 -
1126 4785 1153 4825 ut
1172 4780 1200 4825 s'n
1220 4811 1226 4824 .
1247 4780 1285 4828 M.
1306 4779 1367 4839 (sic)
1388 4781 1408 4828 Ι.
1431 4806 1458 4816 -·

149 4848 192 4896 sed
209 4848 271 4896 baec
289 4845 494 4895 metanaeas.
516 4845 621 4895 Balliol.
650 4872 679 4881 -
716 4846 760 4895 31.
783 4847 923 4895 Consilium
940 4848 1052 4908 primum
1073 4847 1093 4895 l.
1124 4873 1152 4883 -
1191 4849 1233 4898 35.
1254 4863 1306 4897 uass
1324 4863 1379 4898 om.
1399 4849 1459 4899 ltu.
