3256 5400
633 235 707 299 ΜΒ.
727 235 769 298 X.
810 236 870 299 ΕΡ.
891 233 922 296 7.
944 235 975 297 8.
1402 237 1462 303 169

141 399 196 456 aut
216 389 429 476 perniciosum
450 391 672 476 concupiscere
693 395 823 474 potest?
865 395 895 456 3.
918 389 979 455 Sed
1001 390 1192 479 aliquantum
1206 390 1297 458 nobis
1313 394 1465 480 temporis
1558 475 1561 481 Ι

143 496 174 550 et
195 486 300 571 magni
321 484 445 551 labores
467 496 498 550 et
519 486 633 550 multae
655 489 812 567 impensae
834 504 914 569 opus
936 483 1077 560 fuerunt,
1100 496 1135 550 ut
1157 507 1237 574 quae
1260 486 1463 571 reipublicae

142 578 296 666 bonisque
317 579 463 645 omnibus
491 580 729 666 polliceremur,
763 579 851 644 exitu
872 589 1102 664 praestaremus
1124 585 1225 667 n'equc
1247 581 1285 646 ad
1308 580 1461 649 auxilium

143 672 261 759 patriae
290 672 366 738 nudi
397 694 468 738 cum
497 672 580 739 bona
614 676 771 742 voluntate
809 672 864 738 sed
896 693 968 737 cum
1003 672 1198 738 facultatibus
1230 675 1459 740 accederemus.

143 765 381 832 confirmandus
414 777 482 832 erat
512 768 670 834 exercitus
692 768 798 843 nobis,
834 765 955 851 magnis
976 787 1069 852 saepe
1091 768 1238 853 praemiis
1260 769 1486 843 sollicitatus‚t

142 868 177 923 ut
198 858 237 923 ab
268 881 305 924 ra
333 857 456 945 publica
486 860 590 945 potius
611 861 772 929 moderatu
794 881 887 948 quam
909 858 947 924 ab
970 881 1034 925 uno
1054 859 1172 926 infinita
1198 872 1355 946 speraret3
1389 883 1463 927 con-

143 950 311 1018 firmandae
339 953 517 1038 complures
554 953 710 1032 civitates,
739 976 820 1042 quae
848 957 1012 1039 superiore
1045 975 1127 1018 anno
1149 955 1367 1039 largitionibus
1388 977 1462 1020 con·

141 1044 399 1132 cessionibusque
420 1047 634 1132 praemiorum
655 1059 745 1129 erant
774 1046 948 1131 obligatae,
985 1058 1020 1112 ut
1041 1056 1072 1111 et
1092 1048 1145 1112 illa
1166 1053 1410 1135 vana'putarent
1431 1057 1462 1114 et

142 1138 252 1204 eadem
283 1162 301 1204 a
328 1138 511 1205 melioribus
540 1141 721 1209 auctoribus
741 1141 876 1228 petenda
897 1139 1128 1216 existimarent;
1165 1141 1344 1206 alliciendas
1367 1142 1460 1206 ctiam

143 1232 314 1297 voluntates
346 1233 555 1320 reliquorum,
592 1235 646 1321 qui
680 1236 818 1301 finitimis
848 1233 1018 1321 provinciis
1042 1233 1295 1320 exercitibusque
1317 1235 1499 1320 proclus-¹⁰

142 1334 230 1399 runt,
252 1336 286 1391 ut
307 1326 412 1411 potius
433 1328 668 1413 cumpluribus
690 1330 869 1396 societatem
891 1325 1103 1392 defendendae
1125 1326 1277 1393 libertatis
1295 1329 1456 1401 iniremus,

142 1428 235 1506 quani
261 1439 332 1484 cum
360 1419 561 1506 paucioribus
598 1422 748 1489 funestam
782 1419 853 1489 orbi
886 1428 1041 1486 terrarum
1069 1421 1232 1487 victoriam
1260 1423 1461 1507 partiremur.

141 1518 172 1578 l.
203 1513 363 1578 Muniendi
395 1535 471 1578 vero
503 1526 625 1582 nosmet
650 1517 709 1603 ipsi
733 1515 848 1581 fuimru
870 1522 961 1578 aucto
985 1515 1127 1579 exercitu
1149 1515 1335 1600 auxiliisque
1358 1513 1463 1579 multi·

141 1607 277 1693 plicatis,
299 1616 346 1680 ut,
369 1628 440 1672 cum
462 1608 693 1695 praeferremus
714 1630 823 1674 sensus
845 1617 972 1693 aperte,
996 1616 1079 1681 tum,
1102 1607 1195 1673 etiam
1211 1608 1316 1673 invitis
1331 1607 1462 1693 quibus·

141 1699 227 1772 dam,
259 1699 348 1774 sciri,
381 1700 456 1786 quid
486 1700 645 1768 defensuri
667 1723 822 1775 essemus,
861 1722 923 1765 non
946 1710 1028 1767 esset
1049 1702 1271 1788 periculosum.
1315 1705 1361 1766 lta
1383 1714 1500 1765 nun-¹⁸

140 1814 235 1879 quam
256 1791 412 1858 diffitebor
440 1795 535 1860 multa
563 1817 629 1869 me,
662 1806 697 1861 ut
725 1795 765 1861 ad
787 1795 933 1861 ellectum
954 1794 1069 1860 horum
1091 1795 1294 1861 consiliorum
1316 1798 1462 1880 perveni·

141 1908 224 1961 rem,
259 1898 289 1951 et
317 1886 478 1952 simulasse
511 1888 643 1955 invitum
666 1898 697 1953 et
723 1887 934 1954 dissimulasse
956 1910 1027 1953 cum
1049 1888 1178 1962 dolore,
1212 1888 1298 1975 quod
1319 1907 1460 1974 praema-

142 1991 210 2046 tura
243 1977 435 2044 denuntiatio
468 1979 543 2046 boni
572 1982 650 2047 civis
677 1981 830 2067 imparati.
854 2003 948 2068 quam
980 1983 1157 2068 periculosa
1190 1991 1287 2056 esset,
1324 2004 1365 2046 ex
1386 2001 1461 2046 casu

141 2072 278 2155 collegae
307 2071 461 2138 videbam.
516 2080 545 2140 5.
576 2077 648 2153 Quo
680 2075 806 2140 nomine
835 2075 929 2140 etiam
952 2079 984 2142 C.
1006 2079 1124 2141 Furnio
1146 2076 1265 2161 legato,
1295 2077 1363 2142 viro
1386 2075 1460 2141 fortl

142 2176 234 2252 atque
256 2173 398 2241 strenuo,
434 2168 526 2253 plura
547 2173 639 2232 etiam
661 2166 761 2233 verbo
782 2188 875 2254 quam
897 2168 1053 2254 scriptura
1076 2168 1217 2233 mandata
1238 2169 1397 2244 dedimus,
1425 2176 1498 2234 ut¹⁰

142 2269 174 2325 et
196 2259 305 2323 tectius
327 2259 366 2324 ad
388 2281 446 2327 vos
467 2261 683 2346 perferrentur
703 2268 736 2326 et
756 2283 813 2326 nos
836 2283 974 2326 essemus
996 2262 1144 2339 tutiores;
1167 2261 1348 2349 quibusque«
1364 2261 1460 2327 rebus

142 2364 173 2419 et
194 2374 390 2418 communem
426 2355 556 2419 salutem
585 2354 700 2420 muniri
733 2366 763 2421 et
785 2375 842 2421 nos
864 2356 979 2420 armari
1000 2356 1195 2429 conveniret,
1231 2355 1460 2441 praecepimus.

142 2451 189 2510 Ex
211 2467 274 2531 quo
297 2447 426 2532 intelligi
447 2459 550 2533 potest
570 2470 679 2514 curam
699 2449 747 2514 rei
769 2448 912 2534 publicae
934 2471 1073 2515 summae
1096 2448 1311 2514 defendundae
1334 2447 1463 2534 iampri-

141 2539 213 2604 dem
241 2540 324 2626 apud
350 2562 408 2606 nos
431 2541 598 2608 excubare.
657 2546 687 2608 o.
709 2548 813 2616 Nunc,
836 2564 907 2608 cum
928 2544 1022 2609 deum
1044 2542 1234 2628 benignitate
1256 2541 1295 2608 ab
1317 2541 1403 2607 omni
1425 2561 1461 2605 re

142 2655 250 2699 sumus
271 2635 461 2719 paratiores,
484 2657 547 2700 non
569 2637 670 2702 solum
692 2635 772 2701 bene
793 2657 922 2721 sperare
945 2637 983 2701 de
1000 2635 1090 2703 nobis
1113 2635 1254 2700 homines
1275 2635 1331 2699 sed
1353 2634 1498 2718 exple-⁸⁵

142 2738 209 2791 rato
231 2726 369 2793 iudicare
392 2729 546 2794 volumus.
605 2729 760 2814 Legiones
781 2728 883 2796 babeo
911 2730 1049 2818 quinque
1071 2728 1129 2795 sub
1152 2727 1248 2812 signis
1270 2738 1301 2792 et
1322 2748 1377 2792 sua
1401 2726 1461 2792 lide

141 2820 319 2907 virtuteque
341 2821 388 2886 rei
409 2821 552 2908 publicae
574 2823 841 2888 coniunctissimas
862 2833 893 2888 et
915 2834 1022 2889 nostra
1050 2821 1235 2888 liberalitate
1257 2819 1348 2885 uobis
1370 2818 1463 2884 obse-

141 2924 287 2999 quentes;
310 2916 502 3000 provinciam
524 2917 664 2982 omnium
685 2916 855 2981 civitatium
877 2938 1033 2983 consensu
1045 2915 1271 3003 paratissimam
1294 2923 1325 2979 et
1340 2933 1462 2979 summa

141 3006 341 3072 contentione
363 3008 402 3073 ad
429 3009 529 3075 officia
550 3020 733 3087 certantem
767 3008 923 3094 equitatus
944 3010 1198 3094 auxiliorumque
1220 3018 1318 3074 tantas
1340 3011 1461 3093 copias,

142 3110 273 3186 quantas
307 3102 366 3167 bae
393 3113 499 3188 gentes
526 3103 564 3168 ad
597 3101 823 3168 defendendam
845 3124 933 3167 suam
956 3104 1085 3169 salutem
1107 3101 1345 3187 libertatemque
1366 3099 1499 3166 confi-³⁰

141 3215 213 3260 cere
234 3204 374 3278 possunt.
416 3199 485 3280 lpse
506 3196 548 3261 ita
571 3217 639 3261 sum
661 3195 765 3261 animo
787 3207 914 3281 paratus
936 3197 984 3262 vel
1007 3196 1200 3282 provinciam
1223 3195 1304 3260 tueri
1326 3195 1375 3259 vel
1397 3199 1460 3270 ire,

142 3307 279 3374 queres
300 3287 422 3374 publica
444 3299 551 3364 vocet,
573 3290 623 3355 vel
645 3289 768 3354 tradere
790 3289 978 3363 exercitum,
1000 3289 1116 3354 auxilia
1132 3288 1405 3376 provinciamque,
1426 3295 1463 3353 ut

141 3380 191 3445 vel
214 3402 338 3445 omnem
361 3382 510 3467 impetum
531 3382 606 3449 belli
627 3383 661 3447 in
683 3404 733 3447 me
755 3394 939 3448 convertere
961 3404 1024 3449 non
1046 3404 1205 3455 recusem,
1228 3383 1254 3447 si
1276 3381 1373 3447 modo
1390 3401 1462 3446 meo

140 3494 214 3538 casu
254 3484 307 3538 aut
341 3475 527 3542 confirmare
562 3476 682 3563 patriae
718 3477 847 3541 salutem
893 3486 945 3542 aut
976 3477 1150 3562 periculum
1178 3476 1296 3562 possim
1333 3474 1461 3541 morari.

142 3572 172 3630 7.
194 3569 279 3631 Haec
300 3567 327 3632 si
349 3568 409 3632 iam
432 3569 587 3656 expeditis
609 3568 754 3635 omnibus
775 3568 872 3634 rebus
894 3570 1125 3657 tranquilloque
1147 3579 1229 3634 statu
1247 3568 1380 3634 civitatis
1394 3567 1499 3654 pol-sa

141 3659 256 3734 liceor,
290 3660 322 3725 in
344 3661 458 3728 damno
480 3685 569 3728 meae
591 3662 691 3728 laudis
716 3662 763 3727 rei
795 3660 938 3747 publicae
967 3662 1134 3728 commodo
1160 3661 1317 3739 lactabam
1353 3662 1402 3727 sin
1422 3659 1463 3726 ad

142 3752 321 3818 societatem
355 3754 631 3840 integerrimorum
660 3766 692 3821 et
712 3760 922 3821 maximorum
955 3755 1169 3841 periculorum
1191 3755 1351 3827 accedam,
1389 3776 1463 3820 con-

142 3845 209 3911 silia
234 3867 303 3911 mea
332 3849 440 3934 aequis
468 3849 624 3915 iudicibus
651 3846 690 3913 ab
712 3847 940 3913 obtrectatione
961 3848 1139 3914 invidorum
1162 3848 1356 3914 defendenda
1377 3869 1463 3914 com·

143 3939 266 4004 mendo.
319 3941 395 4006 Mihi
426 3942 553 4028 quidem
589 3941 649 4027 ipsi
678 3941 797 4007 fructus
823 3941 1008 4006 meritorum
1030 3964 1173 4007 meorum
1196 3948 1228 4008 in
1249 3943 1296 4008 rei
1320 3942 1463 4028 publicae

143 4032 354 4098 incolumitate
383 4035 456 4101 satis
478 4057 607 4120 magnus
628 4045 676 4100 est
696 4044 833 4121 paratus.
891 4039 952 4100 Eos
974 4057 1069 4109 vero,
1096 4036 1150 4122 qui
1173 4057 1273 4100 meam
1295 4036 1501 4103 auctorita-⁴⁰

142 4134 206 4188 tem
235 4132 266 4187 et
293 4126 392 4192 multo
420 4128 519 4213 magis
548 4136 682 4192 vestram
712 4126 805 4193 fidem
838 4128 936 4193 secuti
958 4150 1016 4193 nec
1037 4129 1098 4194 ulla
1121 4151 1176 4214 spe
1196 4129 1296 4213 decipi
1319 4151 1376 4193 nec
1397 4129 1463 4195 ullo

144 4226 227 4374 mqtu
268 4225 380 4284 terreri
420 4229 603 4306 potuerunt,
637 4227 671 4285 ut
706 4221 940 4287 commendatos
975 4221 1066 4288 vobis
1104 4222 1257 4296 babeatis,
1293 4222 1463 4308 petendum

143 4331 175 4373 vr
198 4318 279 4375 etur.

212 4508 239 4557 2.
258 4509 357 4560 loboris
382 4511 419 4561 Μ.
451 4538 480 4549 -
520 4512 546 4562 u.
565 4513 703 4563 eliciendos
729 4512 766 4562 Μ.
798 4536 830 4548 -
867 4514 910 4563 tt.
929 4516 1033 4563 inuictis
1051 4515 1088 4565 Μ.
1116 4541 1147 4550 -
1184 4515 1229 4564 23.
1248 4528 1345 4564 summa
1372 4514 1409 4563 Μ.
1431 4539 1459 4551 -

143 4576 188 4627 98.
207 4580 344 4629 ciuitatum
363 4581 391 4629 ll.
423 4605 449 4616 -
488 4582 532 4633 31.
557 4590 670 4646 perotus
687 4583 727 4632 ccl
744 4582 790 4632 lll:
809 4590 921 4642 perotus
942 4592 970 4633 ut
989 4585 1028 4634 val
1047 4585 1077 4635 E.
1112 4609 1141 4620 -
1179 4585 1222 4636 π.
1254 4592 1283 4635 ut
1302 4585 1342 4634 uel
1360 4584 1403 4635 u:
1424 4582 1464 4633 uel

144 4647 175 4697 E.
199 4673 225 4685 -
264 4649 308 4700 ³7,
327 4651 448 4702 acaedam
465 4654 502 4702 od
519 4653 629 4703 consilio
647 4653 685 4704 Μ.
704 4673 736 4688 -
773 4652 817 4702 to.
835 4661 947 4716 perotus
969 4655 1006 4704 Μ.
