3256 5400
589 243 663 304 ΗΒ.
686 242 766 304 xtv.
812 243 869 304 ΕΡ.
891 241 942 304 at.
964 241 1015 303 22.
1399 243 1460 304 709

140 411 242 463 antem
265 421 326 463 aon
350 406 397 461 est
417 395 563 471 dubium,
599 397 672 482 quin
695 418 746 462 res
768 406 886 482 spectet
906 396 946 462 ad
967 405 1077 462 castra.
1131 403 1204 463 Acta
1226 395 1309 461 enim
1337 394 1387 460 iiia
1410 418 1461 461 res

141 503 188 559 est
209 493 313 558 animo
336 492 435 566 tir-iti,
458 490 589 556 consilio
612 490 735 576 pueriii.
780 491 858 568 Quis
881 495 964 555 enim
986 490 1046 556 hoc
1068 511 1130 556 non
1155 488 1243 564 vidit,
1267 489 1357 574 regni
1373 489 1462 554 here·

142 584 212 650 dem
235 583 399 651 relictum?
423 584 505 663 Quid
528 595 632 649 autom
655 582 839 651 absurdius:

313 710 376 770 Hoc
396 719 539 778 enatuere,
561 710 689 770 atterum
710 711 744 768 in
764 720 842 771 oretu
861 729 923 770 non
937 726 1050 789 ponere
1071 709 1139 768 --i

142 831 227 908 Quin
255 831 348 895 etiam
379 831 438 893 hoc
467 831 535 914 ipso
559 839 700 913 tempore
730 829 824 892 muita
847 829 1060 893 ὑποσόλοικα.
1103 827 1204 892 Pontii
1226 829 1486 913 Neapolitanumt

141 942 158 986 a
181 933 281 988 matre
303 924 517 1009 tyrannoctoni
547 922 723 1006 possiderit
758 922 920 1006 tegendus
946 921 1021 985 mihi
1051 921 1176 1006 saepias
1198 928 1246 985 est
1266 925 1342 985 Cato
1365 923 1465 986 maior

141 1017 179 1081 ad
209 1027 239 1082 te
267 1017 390 1081 missus.
434 1016 629 1080 Amariorem
662 1018 744 1080 enim
775 1037 825 1080 me
847 1026 990 1080 senectus
1015 1015 1099 1080 i'acit.
1143 1015 1329 1079 stomachor
1350 1018 1464 1080 omnia.

142 1110 203 1175 Sed
233 1111 308 1174 mihi
336 1109 462 1195 quidem
491 1118 658 1191 βεβίωται.
717 1110 857 1173 Viderint
891 1111 1029 1176 iuvenes.
1079 1114 1125 1173 'l'u
1159 1129 1227 1172 mea
1260 1108 1401 1179 curabis.
1432 1122 1465 1174 ut

142 1226 242 1269 curas.
296 1208 326 1268 t.
355 1209 439 1267 Haec
460 1205 569 1288 scripsi
593 1226 648 1268 seu
671 1205 799 1271 dietari.
833 1204 973 1286 apposita
996 1202 1131 1267 secunda
1155 1223 1275 1274 mensa,
1299 1205 1380 1288 apud
1408 1210 1465 1268 Ve-

141 1298 283 1362 storium.
336 1297 488 1361 Postridie
516 1298 598 1381 apud
627 1299 763 1362 Hirtium
792 1299 984 1381 cogitabam:
1022 1306 1053 1359 et
1084 1296 1210 1380 quidem
1248 1305 1502 1364 metanoeam·

142 1392 193 1455 Sic
223 1390 378 1454 hominem
409 1391 573 1456 traducere
603 1392 642 1456 ad
671 1393 837 1477 optimates
868 1411 956 1476 paro.
1005 1394 1117 1472 Λῆρος
1144 1393 1252 1466 πολύς.
1299 1395 1397 1456 Nemo
1419 1403 1466 1455 est

140 1485 291 1558 istorum,
315 1486 368 1570 qui
391 1487 489 1549 etium
512 1506 574 1550 non
598 1486 713 1549 timeat.
758 1489 864 1562 Quare
887 1483 995 1549 talaria
1014 1483 1185 1549 videamus.
1230 1483 1362 1560 Quidvis
1381 1485 1464 1549 enim

140 1578 365 1664 potiusquam
399 1589 509 1642 castra.
552 1578 670 1643 Atticae
699 1581 830 1644 satutem
859 1578 1027 1664 plurimam
1055 1576 1149 1642 veiim
1171 1577 1266 1643 dicas.
1309 1582 1465 1663 Exspecto

143 1671 264 1735 Octavii
291 1672 468 1736 contionem
498 1683 542 1747 et,
573 1673 598 1737 si
622 1673 696 1758 quid
719 1671 820 1751 aliud;
853 1672 990 1737 maxime
1011 1681 1142 1746 autem,
1171 1671 1283 1758 ecquid
1305 1672 1466 1738 Doiabeiia

142 1765 267 1839 tinniat,
291 1786 328 1830 an
351 1766 383 1831 in
405 1786 476 1831 meo
499 1765 625 1831 nomine
648 1764 769 1831 tabulas
791 1787 888 1832 novas
910 1766 1029 1832 iecerit.
1478 1775 1506 1814 ¹⁵

587 1957 685 2018 nen.
729 1956 789 2036 (a.
815 1958 847 2019 u.
871 1957 903 2018 c.
926 1957 1024 2034 710.)

621 2087 763 2152 cronno
788 2086 933 2150 arrico
957 2089 987 2150 s.
1123 2063 1129 2080 '

229 2223 256 2281 t.
288 2215 411 2280 Certior
441 2239 458 2279 a
485 2217 562 2282 Pilia
584 2217 683 2282 iactus
706 2217 783 2282 mitti
807 2215 845 2281 ad
868 2227 898 2281 te
920 2216 1025 2282 tdibus
1049 2216 1240 2290 tabellarios,
1281 2216 1385 2281 statim
1407 2216 1467 2281 hoc

142 2311 248 2374 nescio
276 2309 351 2393 quid
381 2311 519 2374 exaravi.
579 2313 715 2376 Primum
749 2310 844 2393 igitur
872 2311 953 2374 scire
984 2322 1015 2375 te
1038 2311 1124 2375 volui
1146 2332 1197 2376 me
1220 2309 1292 2373 hinc
1313 2309 1465 2395 Arpinum

142 2423 215 2470 xvi.
237 2403 366 2468 Kalend.
396 2408 462 2468 lun.
517 2410 563 2469 Eo
586 2405 682 2489 igitur
704 2405 826 2479 mittes,
863 2405 987 2490 siquid
1009 2405 1070 2469 erit
1094 2403 1243 2490 posthac;
1278 2421 1505 2491 quamquamte

142 2499 207 2583 ipse
229 2499 289 2561 iam
313 2498 437 2583 iamque
459 2497 566 2563 adero.
609 2500 709 2605 Cupio
731 2499 814 2562 enim
836 2509 923 2570 ante,
947 2520 1040 2583 quam
1055 2504 1185 2564 Romam
1203 2498 1315 2572 venio,
1338 2498 1466 2563 odorari

142 2592 336 2674 diligentius,
368 2590 443 2675 quid
472 2591 612 2655 saturum
641 2602 690 2655 sit.
746 2596 942 2676 Quamquam
966 2612 1097 2665 vereor,
1129 2614 1167 2656 ne
1190 2591 1266 2655 nihii
1288 2590 1467 2655 coniectura

142 2685 296 2750 aberrem.
350 2684 478 2748 Minime
507 2686 590 2748 enim
622 2684 791 2749 obscurum
823 2696 887 2755 est,
924 2685 999 2769 quid
1030 2686 1081 2749 isti
1110 2685 1279 2749 moliantur
1307 2719 1348 2730 -
1379 2704 1468 2748 meus

144 2799 220 2843 vero
248 2778 448 2862 discipulus,-
474 2777 529 2863 qui
556 2776 650 2842 hodie
676 2777 759 2863 apud
782 2788 979 2850 mecaenat,
1014 2778 1102 2843 vaide
1124 2791 1208 2843 amat
1229 2779 1336 2852 iilum,
1374 2800 1467 2863 quem

142 2877 256 2937 Brutus
270 2883 378 2935 noster
392 2871 540 2935 sauciarit
557 2905 611 2943 —‚
636 2880 682 2946 ct,
698 2877 723 2936 si
740 2872 866 2958 quaeris
882 2874 1083 2959 -perspexi
1098 2873 1181 2937 enim
1196 2873 1288 2959 plane
1305 2909 1343 2919 -
1360 2872 1505 2936 timentes

142 2966 256 3043 otium;
279 2967 435 3031 ὑπόθεσιν
457 2977 559 3030 autem
582 2964 662 3030 harre
683 2965 797 3030 habent
816 2987 949 3052 eamque
971 2988 1046 3050 prae
1068 2988 1102 3031 sc
1117 2967 1237 3039 serunt,
1260 2967 1465 3031 clarissimum

143 3060 246 3123 virum
278 3059 499 3131 interiectum.
536 3070 632 3123 tetam
667 3082 733 3123 rem
768 3058 923 3147 publicam
958 3061 1039 3126 illius
1072 3061 1201 3126 interitu
1233 3061 1466 3145 perturbatam

143 3154 231 3219 irrita
253 3152 339 3225 iore,
377 3174 457 3238 quae
479 3153 531 3217 iiie
554 3154 684 3235 egisset,
718 3155 809 3218 sirnui
841 3174 878 3218 ac
898 3155 1083 3219 desistemus
1107 3155 1234 3229 timere;
1271 3154 1465 3219 clementiam

142 3247 187 3311 iiii
210 3247 293 3311 maie
314 3246 424 3320 iuisse;
458 3268 519 3331 qua
541 3248 568 3310 si
590 3268 665 3311 usus
687 3269 749 3310 iren
772 3258 871 3322 esset,
902 3247 978 3312 nihii
1008 3247 1038 3311 ei
1067 3248 1128 3313 tale
1154 3248 1296 3311 accidere
1318 3246 1465 3331 petuisse.

142 3345 173 3404 3.
195 3338 271 3404 Mihi
293 3348 395 3402 autem
418 3340 553 3404 venitin
578 3350 729 3413 mentem,
752 3340 779 3403 si
802 3343 969 3426 Pompeius
990 3361 1060 3405 cum
1083 3344 1225 3406 exercitu
1246 3341 1338 3405 tirmo
1354 3339 1466 3410 veniat,
1476 3357 1504 3395 ao

143 3431 228 3519 quod
260 3442 307 3497 est
334 3435 483 3517 εὔλογον,
517 3445 601 3498 certe
633 3434 701 3498 iore
728 3432 857 3500 beilum.
910 3438 994 3500 ilaec
1022 3454 1072 3497 me
1105 3435 1225 3520 species
1258 3433 1473 3519 cogitatioque·

143 3524 316 3614 perturbat.
359 3532 466 3612 Neque
488 3527 571 3592 enim
593 3527 677 3599 iam,
714 3527 800 3613 quod
822 3527 879 3593 tibi
901 3539 966 3594 tum
988 3528 1093 3601 licuit,
1130 3527 1221 3594 nobis
1249 3546 1332 3592 nunc
1353 3524 1467 3592 iicebit.

143 3627 219 3686 Nam
241 3630 349 3706 aperte
372 3622 475 3686 iactati
498 3643 616 3685 sumus.
665 3621 786 3686 Deinde
808 3620 923 3686 habent
943 3622 976 3687 in
998 3641 1071 3696 ore,
1105 3643 1163 3688 nos
1185 3610 1334 3707 ingratos.
1378 3620 1468 3686 Natio

144 3713 242 3779 modo
271 3714 392 3789 licebit,
430 3715 515 3800 quod
545 3724 610 3779 tum
639 3725 670 3778 et
701 3713 756 3778 tibi
785 3715 872 3780 licuit
900 3724 931 3780 et
960 3715 1075 3780 multis.
1131 3721 1468 3800 Φαινοπροσωπητέον

144 3827 222 3892 ergo
253 3818 284 3872 et
309 3817 393 3874 ἰτέον
421 3809 452 3873 in
481 3813 602 3873 castrat
635 3808 747 3874 ittiiiies
773 3813 855 3874 mori
887 3809 1019 3884 meiius,
1052 3809 1124 3875 huic
1153 3809 1337 3896 praesertim
1359 3808 1463 3874 aetati.
1474 3827 1504 3862 ευ

144 3906 251 3986 ltaque
278 3923 329 3965 me
356 3902 428 3967 ldus
461 3904 589 3967 Martiae
617 3924 679 3967 non
708 3911 769 3968 tam
797 3905 999 3969 consolantur
1028 3924 1121 3989 quam
1158 3914 1256 3968 antea.
1314 3908 1459 3986 Magnum

146 3996 227 4059 enim
250 3995 397 4080 mepdum
420 3997 587 4061 continent.
631 3996 697 4062 Etsi
719 3996 763 4062 itti
785 3995 915 4062 iuvenes

216 4223 241 4271 3.
263 4229 352 4271 aurem
377 4227 425 4274 troc
452 4224 617 4274 absurdius?
654 4223 712 4274 Hoc
739 4225 769 4275 n.
800 4249 826 4260 -
865 4228 892 4277 5.
908 4229 987 4289 pontt
1007 4227 1052 4276 nt.
1073 4250 1104 4263 -
1142 4225 1169 4276 3.
1188 4230 1305 4288 tyranno
1323 4221 1469 4286 (spatium)

142 4292 275 4355 possideri
294 4293 314 4342 1.
348 4317 374 4328 -
412 4294 438 4344 7.
459 4296 527 4344 carim
546 4310 601 4345 om.
623 4296 653 4345 tt.
683 4321 715 4331 -
751 4295 778 4345 9.
798 4297 912 4345 secondo
931 4298 968 4346 Μ.
995 4321 1018 4330 -
1060 4299 1102 4346 10.
1124 4302 1148 4345 et
1166 4292 1283 4360 quidem]
1303 4295 1419 4358 equidem
1445 4293 1466 4342 Ι.

152 4391 175 4398 -
198 4362 370 4415 παντελικον
389 4365 417 4413 n.
445 4387 473 4400 -·
513 4366 555 4414 11.
575 4372 724 4427 optumates
743 4365 775 4414 tt.
804 4391 830 4400 —
871 4365 970 4437 Λῆρος
988 4364 1080 4429 πολύς
1103 4381 1158 4416 om.
1178 4367 1209 4416 tt.
1230 4391 1259 4402 -
1300 4365 1340 4416 11.
1363 4362 1469 4426 etquid

146 4434 168 4483 1.
200 4457 232 4466 -
270 4433 313 4482 15.
335 4437 479 4483 tinniatam
499 4435 525 4481 ta
547 4436 567 4483 1.
601 4460 632 4470 -
669 4437 712 4484 20.
734 4447 778 4484 xv·
798 4434 831 4484 tt.
864 4461 894 4469 -
931 4437 974 4484 22.
1005 4437 1170 4499 Quamquam
1194 4438 1300 4485 minime
1322 4447 1415 4483 vereor
1437 4447 1469 4482 ae
1511 4433 1515 4443 '

145 4517 197 4552 non
212 4504 279 4552 nr'tit
292 4503 321 4553 R.
354 4531 368 4539 -
393 4518 423 4551 ne
436 4518 452 4551 α
465 4505 619 4554 coniectura
632 4504 790 4555 Cratander.
812 4528 842 4539 -
861 4504 905 4554 25.
925 4507 999 4556 timet
1014 4507 1058 4556 111.
1081 4532 1111 4541 -
1131 4506 1174 4556 ⁴26.
1196 4507 1372 4556 ctarirn'mam
1384 4505 1468 4552 airum

145 4572 276 4622 Oreilius:
297 4574 474 4622 clarissimum
492 4575 534 4633 M,
562 4578 648 4624 virum
666 4576 839 4624 clarissimum
860 4575 925 4624 nte.
958 4576 1012 4626 Cir.
1033 4564 1123 4630 t.'15.
1144 4578 1195 4637 to,
1216 4578 1241 4624 3.
1271 4601 1300 4612 ·-
1339 4575 1382 4623 28.
1404 4574 1469 4622 deri-

146 4650 248 4693 rtamnr
268 4644 391 4693 Ernestio
410 4650 519 4694 auctore
539 4646 705 4696 Schuetzius·
726 4668 756 4680 ο
788 4646 832 4695 29.
852 4648 931 4710 quast
953 4647 962 4695 l
983 4654 1009 4697 et
1028 4662 1067 4710 pr.
1087 4647 1124 4696 111.
1145 4672 1176 4682 -
1205 4643 1278 4708 errat]
1297 4647 1388 4708 [uisset
1408 4645 1468 4691 1.-

144 4716 273 4776 potm'sset
300 4714 373 4763 11111.
412 4715 581 4768 (Emendarit
601 4711 773 4774 Cratander.)
805 4741 832 4751 -
870 4716 913 4766 30.
945 4714 1093 4780 Pompeias]
1121 4715 1214 4766 Sextus
1240 4715 1336 4764 «attin
1364 4716 1391 4762 tn
1415 4728 1469 4775 mg.

148 4786 250 4846 Repett.
272 4784 364 4833 Lamb.
398 4811 428 4821 -·
466 4786 509 4837 31.
530 4794 599 4838 certe
619 4788 697 4838 unt:
726 4792 799 4834 certa
818 4783 848 4834 B·
874 4809 899 4819 -
939 4789 982 4837 32.
1003 4799 1083 4852 oeque
1103 4787 1242 4834 animiam
1265 4786 1411 4834 Victorius:
1440 4799 1471 4833 ne

145 4856 250 4918 quatem
272 4853 314 4913 tt,
333 4868 365 4904 ne
382 4866 484 4919 pomam
503 4856 553 4916 111.
572 4869 654 4920 noque
671 4851 958 4918 commutatatum)
978 4858 1007 4908 tr.
1032 4879 1059 4892 -
1098 4857 1141 4906 31.
1161 4854 1245 4905 ttcrtttt
1264 4853 1343 4903 modo
1364 4855 1384 4903 1.
