3256 5400
595 263 670 326 Llll.
691 264 729 328 V.
771 262 831 326 ΕΡ.
854 263 903 326 16.
927 262 977 325 17.
1420 266 1457 330 81

140 421 361 489 immortalitas
382 420 435 485 illa
455 421 562 507 potius
584 441 676 507 mam
699 440 785 484 mors
807 417 948 483 ducenda
969 416 1025 496 sit;
1063 418 1112 483 sin
1140 419 1179 498 sit
1200 421 1347 495 amissus,
1377 421 1460 486 nulla

139 516 242 581 rideri
263 513 391 580 miseria
413 513 539 589 debeat,
562 535 641 600 quae
664 533 727 577 non
749 512 914 577 sentiatur:
938 511 998 576 hoc
1019 521 1198 578 tamennon
1221 514 1364 580 dubitans
1386 536 1461 580 con-

140 609 268 674 firmare
293 628 437 695 possum,
467 629 503 671 ea
524 608 667 681 misceri,
689 607 811 693 parari,
841 604 1023 693 impendere
1044 606 1092 670 rei
1113 606 1272 693 publicae,
1303 629 1383 694 quae
1405 608 1459 695 qui

139 703 321 789 reliquerit,
355 700 441 766 nullo
469 700 565 765 modo
594 699 670 764 mihi
699 701 824 784 quidem
852 699 1000 784 deceptus
1022 721 1089 764 esse
1112 700 1264 766 videatur.
1308 701 1392 780 Quid
1414 711 1461 765 est

140 796 225 860 enim
248 797 310 860 iam
333 816 395 859 non
417 793 512 858 modo
533 792 661 878 pudori,
686 792 852 877 probitati,
882 793 1007 868 virtuti,
1033 793 1126 857 rectis
1149 794 1275 870 studiis,
1298 794 1389 860 bonis
1412 816 1484 860 ara

139 890 241 962 tibus,
272 888 327 954 sed
356 889 484 953 omnino
512 886 648 950 libertati
676 907 712 949 ac
741 887 832 951 saluti
860 886 943 950 tecit
976 892 1044 950 Non
1072 886 1249 953 mehercule
1272 891 1460 976 quemquam

140 984 249 1049 audivi
273 983 333 1048 boc
353 981 540 1067 gravissimo
563 990 593 1045 ct
615 979 869 1066 pestilentissimo
888 1001 968 1044 anno
983 980 1247 1046 adolescentulum
1262 993 1313 1048 aut
1327 1004 1461 1069 puerum

139 1087 320 1151 mortuum,
350 1076 405 1163 qui
440 1074 518 1139 mihi
547 1094 610 1137 non
639 1095 656 1137 a
684 1073 744 1137 diis
773 1072 1003 1138 immortalibus
1036 1084 1163 1161 ereptus
1195 1097 1236 1140 ex
1257 1074 1305 1139 his
1327 1076 1461 1141 miseriis

141 1179 235 1256 atque
258 1190 299 1233 ex
320 1168 515 1255 iniquissima
536 1166 721 1232 condicione
743 1167 824 1231 ritae
839 1166 1008 1232 videretur.
1052 1172 1083 1232 5.
1108 1171 1227 1245 Quare,
1251 1169 1278 1233 si
1293 1168 1350 1233 tibi
1365 1191 1461 1234 unum

142 1263 202 1328 boc
222 1261 344 1327 detrahi
366 1272 486 1346 potest,
509 1282 548 1324 ne
570 1260 647 1346 quid
668 1260 724 1335 iis,
747 1282 826 1346 quos
845 1261 968 1334 amasti,
991 1260 1065 1325 mali
1079 1273 1170 1346 putes
1185 1262 1368 1346 contigisse,
1391 1283 1500 1350 per-m

142 1357 276 1422 multum
299 1356 360 1420 erit
381 1377 422 1420 ex
441 1376 586 1419 maerore
605 1365 660 1419 tuo
678 1353 882 1418 deminutum.
925 1355 1131 1440 Relinquetur
1152 1355 1236 1419 enim
1257 1356 1390 1442 simplex
1410 1356 1463 1422 illa

142 1451 205 1516 iam
233 1470 310 1515 cura
331 1447 450 1513 doloris
477 1449 539 1522 tui,
574 1458 654 1533 quae
683 1468 746 1512 non
774 1469 845 1512 cum
872 1448 933 1511 illis
962 1447 1259 1525 communicabitur,
1294 1450 1349 1515 sed
1371 1450 1410 1515 ad
1432 1458 1462 1514 te

143 1544 246 1630 ipsum
268 1543 398 1629 proprie
413 1540 586 1618 reseratum
614 1541 646 1604 in
668 1563 729 1627 qua
751 1561 813 1605 non
836 1541 958 1605 ostiam
978 1541 1137 1624 gravitatis
1153 1551 1184 1607 ct
1199 1542 1368 1627 sapientiae
1380 1552 1461 1618 tuae,

144 1659 237 1724 quam
260 1646 295 1702 tu
315 1658 333 1699 a
355 1656 455 1721 puero
476 1634 675 1721 praestitisti,
700 1633 783 1698 serre
805 1634 1042 1699 immoderatius
1064 1656 1169 1699 casum
1191 1635 1462 1702 incommodorum

144 1741 289 1805 tuorum,
319 1729 374 1816 qui
396 1729 436 1793 sit
456 1728 495 1792 ab
518 1750 646 1801 eorum,
680 1748 760 1813 quos
783 1726 947 1799 dilexeris,
981 1727 1108 1792 miseria
1128 1728 1273 1815 maloque
1295 1730 1500 1794 seiunctusta

144 1825 266 1889 Etenim
288 1844 361 1888 cum
382 1843 507 1909 semper
528 1831 558 1887 te
581 1833 611 1887 ct
632 1821 762 1906 privatis
784 1821 816 1884 in
831 1818 927 1884 rebus
942 1829 973 1884 et
986 1820 1119 1907 publicis
1133 1822 1327 1908 praestitisti,
1349 1822 1463 1889 tuenda

145 1917 200 1982 tibi
223 1926 257 1983 nt
279 1917 319 1981 sit
340 1916 476 2001 gravitas
498 1924 529 1980 et
550 1915 741 1979 constantiae
764 1914 972 1979 serviendum.
1029 1920 1121 1991 Nam,
1158 1916 1243 2003 quod
1265 1917 1394 1982 allatura
1416 1927 1463 1983 est

146 2013 210 2097 ipsa
233 2009 435 2083 diuturnitas,
458 2030 538 2094 quae
556 2009 710 2072 maximos
732 2008 833 2073 luctus
855 2019 1007 2074 vetustate
1028 2008 1124 2083 tollit,
1146 2009 1180 2073 id
1202 2029 1260 2075 nos
1280 2009 1462 2096 praecipere

146 2105 278 2170 consilio
300 2102 529 2189 prudentiaque
550 2101 710 2166 debemus.
754 2106 783 2166 6.
805 2101 929 2167 Etenim
954 2102 981 2166 si
1007 2103 1091 2167 nulla
1114 2102 1174 2167 tuit
1193 2124 1329 2188 unquam
1355 2101 1463 2167 liberis

146 2198 267 2262 amissis
289 2207 350 2261 tam
367 2193 525 2259 imbecillo
548 2194 662 2258 mulier
683 2194 803 2268 animo,
826 2215 906 2280 quae
923 2216 985 2260 non
1006 2194 1173 2281 aliquando
1193 2194 1319 2280 lugendi
1335 2194 1500 2259 modumve

146 2290 270 2364 lecerit,
307 2298 392 2353 certe
414 2308 491 2360 nos,
529 2287 614 2372 quod
637 2294 684 2351 est
705 2287 771 2351 dies
794 2286 941 2362 allatura,
964 2287 996 2352 id
1018 2288 1149 2353 consilio
1171 2287 1347 2353 anteferre
1369 2286 1464 2352 debe-

147 2404 214 2447 mus
238 2403 340 2468 neque
362 2391 546 2468 exspectare
569 2380 721 2465 temporis
743 2379 947 2454 medicinam,
971 2402 1064 2467 quam
1086 2393 1321 2466 repraesentare
1340 2381 1463 2446 ratione

146 2475 312 2562 possimus.
369 2475 426 2539 llis
450 2495 509 2559 ego
532 2475 644 2539 litteris
664 2473 691 2538 si
713 2473 788 2559 quid
806 2473 1025 2559 profecissem,
1055 2472 1271 2539 existimabam
1293 2475 1463 2560 optandum

147 2568 294 2656 quiddam
323 2589 375 2632 me
404 2589 473 2632 esse
496 2577 690 2645 assecutum3
727 2567 775 2631 sin
799 2567 902 2631 minus
923 2567 1005 2631 forte
1027 2567 1210 2641 valuissent,
1233 2566 1337 2631 officio
1359 2578 1462 2632 tamen

146 2683 212 2726 esse
235 2662 415 2725 functurum
433 2660 721 2725 benevolentissimi
740 2670 833 2746 atquc
850 2659 1047 2738 amicissimi;
1068 2682 1162 2748 quem
1178 2681 1228 2724 ure
1245 2658 1303 2725 tibi
1317 2669 1349 2725 et
1365 2658 1499 2726 luisses

145 2775 270 2841 semper
293 2754 453 2820 existimes
475 2755 569 2821 velim
590 2764 621 2820 et
642 2754 784 2818 futurum
806 2774 874 2818 esse
897 2752 1043 2818 confidas.

591 2896 687 2958 mn.
731 2891 780 2976 (A.
805 2895 838 2957 n.
860 2896 892 2957 e.
914 2891 1019 2975 roca)

482 3010 523 3071 n.
546 3007 689 3071 utcuno
712 3008 743 3070 s
765 3010 802 3069 n.
824 3008 857 3070 12.
880 3007 1018 3070 susum
1039 3009 1072 3070 n.
1095 3010 1127 3070 n.

230 3132 259 3192 1.
281 3131 350 3192 Non
368 3125 527 3192 oblivione
546 3126 700 3190 amicitiae
719 3135 845 3190 nostrae
861 3148 962 3213 neque
983 3125 1213 3191 intermissione
1229 3128 1461 3194 consuetudinis

146 3242 233 3286 meae
255 3219 474 3307 superioribus
491 3218 687 3305 temporibus
709 3219 749 3284 ad
770 3229 800 3285 te
822 3220 922 3284 nullas
937 3220 1054 3285 litteras
1068 3219 1156 3294 misi,
1178 3220 1233 3285 sed
1249 3222 1334 3307 quod
1352 3223 1460 3308 priora
1472 3229 1500 3271 ³⁰

145 3323 287 3399 tempora
308 3313 342 3378 in
362 3313 463 3378 ruinis
485 3313 532 3378 rei
545 3311 688 3398 publicae
704 3312 880 3399 nostrisque
899 3312 1074 3386 iacuerunt,
1097 3313 1272 3399 posteriora
1288 3326 1390 3380 autem
1411 3338 1461 3381 me

145 3428 163 3472 a
185 3405 354 3471 scribendo
375 3407 438 3471 tuis
457 3405 670 3471 iniustissimis
690 3417 782 3492 atquc
801 3404 1009 3470 acerbissimis
1028 3406 1234 3472 incommodis
1254 3409 1460 3475 retardarunt.

146 3504 223 3566 Cum
246 3520 325 3565 vcro
346 3509 377 3565 et
398 3500 593 3565 intervallum
616 3499 678 3563 iam
700 3499 774 3563 satis
794 3499 922 3584 longum
943 3498 1053 3563 inisset
1074 3510 1104 3565 et
1122 3508 1207 3564 tuam
1228 3501 1375 3567 virtutem
1396 3503 1462 3567 ani-

145 3593 251 3678 mique
281 3592 526 3679 magnitudinem
554 3592 733 3678 diligentius
763 3614 863 3657 essem
885 3614 1008 3656 mecum
1031 3594 1230 3668 recordatus,
1269 3617 1333 3660 non
1353 3597 1459 3682 putavi

146 3707 214 3752 esse
235 3686 372 3751 alienum
393 3687 541 3752 institutis
574 3687 652 3751 meis
684 3685 760 3750 baec
786 3686 824 3751 ad
846 3694 876 3750 te
898 3685 1047 3751 scribere.
1089 3692 1120 3752 2.
1141 3691 1208 3772 Ego
1231 3698 1276 3763 te,
1308 3694 1341 3754 P.
1365 3689 1498 3764 Sesti,³⁵

147 3789 178 3845 et
197 3780 310 3867 primis
331 3780 525 3867 temporibus
546 3781 627 3855 illis,
665 3779 779 3865 quibus
800 3780 832 3843 in
854 3779 1003 3845 insidiam
1026 3778 1138 3845 absens
1160 3789 1191 3846 et
1212 3781 1244 3845 in
1265 3782 1384 3847 crimen
1405 3804 1461 3848 vo-

147 3872 275 3949 cabere,
298 3873 440 3949 dolendi,
471 3882 515 3949 et,
543 3894 614 3938 cum
636 3873 735 3938 intui
757 3873 991 3938 familiarissimi
1014 3874 1131 3939 iudicio
1153 3897 1189 3938 ac
1209 3874 1351 3961 periculo
1372 3884 1461 3941 tuum

146 3968 266 4033 crimen
288 3969 547 4052 coniungeretur,
570 3976 605 4031 ut
625 3966 714 4052 potui
738 3966 970 4031 accuratissime
989 3979 1019 4033 te
1041 3976 1187 4054 tuamque
1204 3989 1326 4032 causam
1345 3977 1460 4033 tutatus

147 4082 232 4139 sum3
255 4071 287 4126 et
307 4062 469 4147 proxime,
492 4061 611 4126 recenti
632 4061 766 4126 adventu
784 4082 872 4136 meo,
895 4083 966 4126 cum
990 4083 1057 4126 rem
1072 4061 1161 4126 aliter
1174 4061 1345 4126 institutam
1361 4061 1461 4125 offen-

147 4154 278 4230 dissem,
301 4176 339 4220 ac
354 4155 431 4219 mibi
446 4156 627 4241 placuisset,
650 4158 675 4219 si
696 4154 869 4219 affuissem:
892 4164 995 4219 tamen
1010 4155 1093 4220 nulla
1108 4176 1143 4219 re
1167 4155 1258 4220 saluti
1278 4164 1346 4219 tuae
1363 4155 1459 4221 delui.
1469 4165 1498 4207 ⁴⁰

147 4252 288 4334 Cumque
315 4268 355 4313 eo
385 4259 527 4335 tempore
557 4247 675 4313 invidia
701 4269 842 4312 annonae
872 4248 990 4312 inimici
1022 4270 1085 4312 non
1117 4248 1218 4312 solum
1250 4249 1311 4323 tui,
1350 4271 1460 4314 verum

148 4342 241 4407 etiam
262 4341 436 4407 amicorum
466 4351 609 4416 tuorum,
645 4341 792 4428 iniquitas
819 4341 913 4406 totius
941 4341 1049 4406 iudicii
1071 4342 1229 4429 multaque
1251 4343 1312 4407 alia
1333 4346 1380 4409 rei
1403 4367 1460 4430 pu-

215 4561 242 4611 5.
261 4562 326 4610 recti
342 4562 365 4610 u·
382 4561 475 4610 erudite
492 4561 532 4611 M.
565 4586 594 4596 -
631 4561 658 4610 ’1.
678 4562 832 4624 pravissimo
850 4567 873 4610 et
890 4561 1099 4623 pestilentissimo
1117 4562 1160 4612 M:
1186 4565 1358 4627 pronissime,
1382 4568 1460 4627 pesti·

148 4630 289 4680 tenrostmo
318 4631 350 4682 li.
378 4654 408 4665 -
445 4630 488 4679 1³.
517 4632 657 4695 referretur
681 4630 719 4679 M.
748 4656 779 4666 —
815 4636 839 4679 et
869 4630 910 4680 M:
937 4645 968 4679 oc
994 4630 1023 4679 ll.
1056 4654 1088 4666 -
1125 4631 1168 4681 18.
1192 4634 1343 4695 praeripere
1368 4634 1406 4683 M.
1428 4657 1458 4669 -

149 4701 190 4749 att.
208 4701 260 4764 {titt
277 4714 400 4765 umquem
418 4700 462 4750 M:
482 4714 604 4764 umquam
619 4702 670 4765 [uit
689 4700 720 4750 Ε.
742 4726 771 4735 -
808 4696 903 4762 liberte]
923 4702 945 4748 st
964 4700 1051 4749 liberis
1067 4700 1105 4752 M.
1131 4728 1165 4736 -
1183 4702 1228 4753 25.
1246 4704 1395 4766 [uncturum
1415 4703 1458 4753 M:

148 4771 262 4832 fanetum
280 4770 321 4831 n,
353 4770 482 4834 probante
506 4771 622 4819 Baitero.
654 4771 726 4820 Fort.
745 4770 861 4832 [unctum
878 4772 931 4819 virt
949 4769 974 4820 b.
995 4784 1021 4819 o.
1042 4784 1069 4820 o.
1089 4769 1139 4822 On.
1167 4794 1199 4806 -·
1234 4772 1278 4822 28.
1306 4771 1389 4822 Sestio
1415 4773 1457 4823 M:

149 4839 236 4889 Sextio
254 4839 286 4890 n.
308 4864 338 4875 -
374 4839 420 4892 38.
439 4841 534 4890 crimen
552 4840 662 4890 seclusit
679 4840 709 4890 n.
730 4864 761 4874 -
797 4839 842 4891 40.
861 4845 949 4890 tomen
969 4839 1044 4889 nulla
1060 4841 1089 4890 in
1106 4855 1134 4892 re
1146 4841 1302 4894 Cratander.
1322 4844 1351 4892 iu
1363 4843 1459 4894 excidit

149 4911 235 4973 potine
261 4911 334 4960 inter
358 4918 444 4960 temen
462 4915 488 4961 et
504 4910 588 4960 oum.
608 4909 658 4961 Οι.

231 5006 304 5049 chero
317 5007 340 5047 Τ.
355 5008 388 5047 111.
1230 4981 1250 5042 6
