3256 5400
188 219 251 286 524
678 219 738 280 BP.
759 219 812 282 ΑΙ)
833 216 1005 282 ATTlCUbl

190 381 378 468 concupivit
421 378 501 443 Huic
521 375 635 441 tradita
655 373 733 441 urbs
755 384 819 449 est,
841 372 923 440 nuda
945 374 1121 459 praesidio,
1142 374 1258 439 referta
1276 374 1386 460 copiis.
1424 370 1516 452 Quid

190 487 251 550 est,
280 473 363 561 quod
376 470 415 537 ab
429 493 468 536 eo
484 490 548 535 non
559 478 693 543 metuas,
717 470 771 556 qui
783 469 834 534 illa
849 468 962 554 templa
978 475 1009 532 et
1022 476 1102 534 tecta
1116 489 1178 534 non
1195 470 1326 555 patriam
1342 468 1398 534 sed
1416 488 1516 554 prae-

190 571 259 636 dam
274 574 383 655 putet‘?
406 564 490 643 Quid
502 574 605 629 autem
622 563 662 630 sit
671 572 797 629 acturus
809 573 863 628 aut
876 583 940 648 quo
954 562 1059 638 modo,
1080 562 1197 630 nescio.
1219 563 1285 628 sine
1295 573 1419 636 senatu,
1440 562 1514 628 sine

189 664 381 747 magistratu.
424 664 468 723 Ne
486 657 633 723 simulare
648 656 775 744 quidem
788 656 904 743 poterit
917 655 1087 742 quidquam
1102 659 1282 733 πολιτικῶς.
1325 663 1388 722 Nos
1402 666 1513 722 antem

165 757 243 824 iubi
265 774 437 838 exsurgere
458 752 632 838 poterimus
658 760 711 815 aut
738 749 887 836 quando?
931 751 1073 826 Quorum
1096 748 1161 814 dux
1187 770 1280 835 quam
1302 752 1512 838 ἀστρατήγη-

189 877 257 926 roe,
280 858 314 914 tu
335 867 461 934 quoque
483 844 721 923 animadvertis3
743 844 794 909 cui
809 865 848 908 ne
869 842 1012 924 †Picena
1028 842 1153 929 quidem
1168 851 1241 909 nota
1259 842 1389 922 luerint;
1412 865 1512 930 quarn

189 953 294 1008 autem
315 941 383 1006 sine
404 938 552 1014 consilio,
588 959 640 1003 res
662 937 758 1002 testis.
807 941 845 1003 Ut
874 935 957 1000 enim
977 936 1038 1001 alia
1058 937 1200 1002 omittam
1221 937 1328 1002 decem
1350 959 1510 1003 annorum

187 1044 331 1122 peccata,
368 1054 447 1118 quae
473 1031 616 1098 condicio
642 1053 705 1097 non
733 1030 807 1097 buic
835 1029 929 1115 fugae
956 1030 1129 1116 praestitit?
1171 1036 1201 1097 2.
1228 1036 1292 1096 Nec
1318 1052 1395 1098 vero
1423 1052 1510 1096 nunc

189 1127 265 1214 quid
287 1127 403 1212 cogitet
423 1126 502 1203 scio;
534 1147 653 1191 acuon
675 1124 785 1190 desino
806 1144 865 1209 per
885 1122 1007 1189 litteras
1029 1123 1188 1193 sciscitari.
1229 1124 1310 1190 Nibil
1332 1147 1401 1190 esse
1423 1126 1509 1190 timi·

152 1242 178 1280 ¹⁰
188 1222 259 1288 dius
280 1231 413 1294 constat,
445 1219 520 1285 nibil
542 1216 764 1305 perturbatius.
814 1223 922 1303 ltaque
949 1239 1008 1283 nec
1029 1218 1235 1303 praesidium,
1264 1219 1352 1284 cuins
1372 1218 1509 1306 parandi

187 1337 280 1381 causa
301 1315 339 1380 ad
360 1314 471 1380 urbem
493 1323 631 1378 retentus
652 1323 714 1388 est,
735 1331 794 1376 nec
814 1312 918 1377 locum
939 1332 976 1375 ac
998 1311 1105 1376 sedem
1126 1311 1275 1397 praesidii
1290 1313 1384 1377 ullam
1400 1312 1508 1378 video.

190 1413 269 1493 Spes
291 1410 392 1474 omnis
413 1409 446 1473 in
467 1406 588 1473 duabus
609 1407 758 1472 insidiose
778 1407 924 1481 retentis,
953 1427 1053 1492 paene
1075 1405 1184 1470 alienis
1206 1405 1392 1490 legionibus.
1427 1411 1508 1470 Nam

188 1501 325 1567 delectus
347 1502 448 1567 adbuc
469 1501 596 1587 quidem
618 1500 788 1567 invitorum
810 1511 857 1566 est
877 1509 907 1566 et
922 1522 940 1565 a
957 1499 1124 1585 pugnando
1143 1498 1389 1565 abhorrentium.
1423 1503 1510 1565 Con-

188 1596 346 1661 dicionum
375 1606 478 1663 antem
507 1595 654 1660 amissum
682 1604 805 1680 tempus
832 1603 888 1659 est.
940 1593 1024 1672 Quid
1049 1593 1190 1659 futurum
1220 1593 1275 1668 sit,
1307 1614 1371 1658 non
1399 1591 1509 1658 video.

152 1689 393 1755 recommissum
420 1689 548 1776 quidem
573 1708 592 1752 a
617 1686 708 1753 nobis
737 1697 821 1753 certe
848 1687 983 1752 estsine
1011 1695 1159 1753 anostro
1181 1686 1276 1759 duce,
1307 1695 1380 1752 ute
1409 1696 1509 1772 portu

187 1783 254 1848 sine
275 1783 491 1869 gubernaculis
513 1787 629 1868 egressi
652 1782 825 1868 tempestati
847 1803 906 1847 nos
928 1782 1132 1849 traderemus.
1176 1786 1206 1847 3.
1227 1787 1335 1869 ltaque
1355 1779 1395 1845 de
1417 1779 1510 1846 Cice·

185 1875 316 1942 renibus
337 1879 451 1943 nostris
472 1876 582 1943 dubito
603 1876 679 1962 quid
699 1897 805 1961 agam;
828 1897 897 1941 nana
920 1876 996 1940 mibi
1017 1874 1175 1940 interdum
1195 1874 1379 1939 amandandi
1397 1872 1510 1938 viden·

185 1978 238 2034 tur
258 1970 290 2035 in
313 1972 484 2037 Graeciam.
536 1975 583 2036 Dc
609 1970 709 2035 Tullia
730 1979 833 2035 autern
855 1980 887 2034 et
908 1970 1067 2043 Terentia,
1098 1990 1172 2034 curn
1196 1969 1274 2033 mibi
1294 1967 1508 2033 barbarorum

186 2063 335 2129 adventus
356 2065 560 2151 proponitur,
583 2064 687 2129 omnia
707 2064 819 2141 timco;
841 2085 912 2129 cum
934 2074 1037 2129 autem
1059 2062 1239 2128 Dolabellae
1260 2063 1344 2127 venit
1364 2063 1396 2127 in
1416 2083 1507 2127 men·

148 2167 265 2233 wiem,
294 2158 432 2245 paullum
460 2158 593 2244 respiro.
646 2157 708 2223 Sed
735 2157 829 2222 velim
857 2157 1052 2232 consideres,
1087 2157 1163 2243 quid
1190 2156 1366 2222 laciendum
1394 2166 1506 2242 putes:

186 2251 322 2336 primum
351 2253 433 2336 πρὸς
459 2254 496 2319 τὸ
523 2255 673 2333 ἀσφαλές
703 2287 741 2301 -
770 2252 861 2316 aliter
887 2251 972 2316 enim
1000 2249 1220 2317 mibideillis
1242 2250 1338 2316 acdc
1360 2249 1507 2336 meipso

186 2345 408 2411 consulendum
430 2357 477 2413 est
497 2369 553 2424 -;
576 2346 691 2411 deinde
712 2346 752 2412 ad
773 2345 959 2432 opiniones,
981 2367 1020 2410 ne
1041 2344 1323 2431 reprehendamur,
1345 2343 1432 2430 quod
1450 2365 1508 2408 eas

186 2443 302 2503 Romae
331 2440 463 2506 velimus
490 2461 559 2505 esse
585 2441 618 2505 in
645 2440 803 2506 communi
832 2437 988 2505 bonorum
1016 2438 1099 2524 suga.
1158 2439 1242 2516 Quin
1270 2439 1363 2505 etiam
1392 2437 1449 2503 tibi
1474 2447 1508 2503 et

186 2531 348 2598 Peducaeo
371 2566 411 2579 -
432 2534 556 2619 scripsit
577 2534 660 2598 enim
681 2533 719 2597 ad
741 2554 792 2596 me
813 2570 871 2607 —,
901 2532 977 2619 quid
1007 2531 1142 2606 faciatis,
1175 2531 1342 2596 videndum
1363 2542 1421 2597 est.
1472 2536 1505 2596 ls

149 2625 268 2688 ²⁵enim
291 2626 439 2709 splendor
459 2637 507 2692 est
527 2632 683 2701 vestrum,
705 2636 739 2692 ut
760 2627 868 2691 eadem
889 2627 1086 2712 postulentur
1107 2647 1125 2691 a
1147 2625 1252 2700 vobis,
1276 2648 1355 2712 quae
1377 2625 1418 2690 ab
1438 2648 1507 2690 am-

187 2717 333 2803 plissimis
354 2719 484 2785 civibus.
528 2720 589 2785 Sed
610 2721 649 2784 de
679 2721 738 2785 boc
767 2730 800 2785 tu
829 2720 963 2794 videbis,
994 2720 1110 2806 quippe
1138 2741 1209 2785 cum
1237 2721 1276 2785 de
1305 2742 1355 2785 me
1376 2725 1446 2806 ipso
1468 2740 1507 2784 ac

186 2812 226 2876 de
254 2819 331 2879 meis
363 2824 391 2880 te
421 2813 619 2880 considerare
646 2814 750 2879 velim.
799 2816 829 2879 l.
857 2815 1023 2900 Reliquum
1051 2823 1117 2888 est,
1144 2823 1193 2888 ut,
1223 2814 1351 2899 etquid
1374 2824 1504 2898 agatur,

187 2905 290 2992 quoad
311 2909 445 2993 poteris,
467 2908 613 2991 explores
633 2907 812 2993 scribasque
833 2907 872 2972 ad
894 2929 961 2980 me,
985 2917 1015 2972 et
1037 2907 1113 2993 quid
1135 2907 1203 2994 ipse
1224 2908 1402 2972 coniectura
1419 2929 1506 2973 asse-

188 3021 301 3085 quare;
330 3001 414 3087 quod
436 3002 528 3065 etiarn
550 3023 567 3065 a
590 3011 620 3065 te
642 3002 739 3086 magis
761 3013 919 3087 exspecto,
961 3006 1053 3077 Nam,
1082 3011 1149 3066 acta
1171 3001 1315 3066 omnibus
1337 3001 1507 3066 nurrtianti-

150 3091 261 3168 ³⁰bus,
284 3115 303 3158 a
325 3104 354 3158 te
375 3105 523 3180 exspecto
546 3094 659 3159 lutura.
708 3098 839 3172 Μάντις
862 3099 889 3160 δ’
912 3095 1112 3182 rimator.
1133 3095 1326 3181 Loquacitati
1348 3096 1505 3181 ignosces,

188 3209 268 3273 quae
290 3199 321 3254 et
342 3210 391 3253 me
414 3189 496 3253 levat
516 3188 555 3253 ad
578 3199 607 3253 te
629 3187 756 3273 quidem
777 3189 963 3254 scribentem
985 3201 1017 3254 et
1038 3189 1121 3255 ebcit
1143 3199 1210 3255 tuas
1231 3189 1359 3253 litteras.

545 3350 633 3413 rur
656 3347 686 3412 n.
730 3347 890 3432 [cronno
920 3350 1063 3414 arrico
1093 3351 1144 3425 s]

272 3475 301 3535 5.
323 3470 472 3554 Aenigma
494 3470 669 3556 Oppiorum
692 3491 733 3534 ex
754 3470 841 3535 Velia
863 3469 954 3556 plane
975 3490 1038 3534 non
1067 3470 1216 3534 intellexi.
1265 3474 1319 3534 Est
1339 3470 1422 3533 onim
1445 3492 1507 3534 nu-

189 3584 279 3630 mero
301 3564 435 3628 Platonis
464 3562 639 3629 obscurius.
691 3569 754 3627 lam
775 3563 915 3628 intellexi
936 3564 1064 3644 ituum.
1108 3564 1226 3650 Oppios
1248 3564 1331 3628 enim
1354 3562 1392 3628 de
1414 3565 1506 3629 Velia

151 3655 178 3698 ³⁵
187 3678 337 3723 saccones
360 3656 447 3722 dicis.
489 3662 525 3722 ln
546 3679 584 3723 eo
607 3656 745 3722 aestuavi
767 3657 836 3735 diu;
859 3679 922 3744 quo
944 3665 1068 3744 aperto,
1091 3658 1211 3744 reliqua
1229 3656 1373 3743 patebant
1386 3666 1504 3722 etcum

255 3880 280 3927 1.
310 3879 408 3940 aspicit
437 3878 554 3926 «vetusti
579 3878 719 3927 Codices.»
745 3879 818 3927 Pras.
845 3901 872 3912 -
910 3879 935 3928 3.
962 3879 1016 3927 sine
1039 3873 1141 3938 senatu]
1167 3890 1198 3925 ne
1222 3883 1326 3925 senatus
1351 3891 1390 3940 pr.
1410 3877 1446 3926 Μ.
1467 3905 1504 3913 -

185 3948 211 3998 l.
230 3946 362 4011 simulare]
381 3951 512 3998 somniare
540 3947 660 3997 «Vetusti
680 3948 819 3997 Codices.»
846 3948 918 3998 Pras.
941 3973 968 3984 -
1008 3948 1033 3996 6.
1054 3949 1095 3995 cni
1112 3961 1144 3996 ne
1162 3943 1267 4007 Picena]
1286 3960 1334 4009 qno
1352 3948 1380 3995 in
1397 3951 1504 4010 epicena

186 4032 226 4082 pr.
246 4019 293 4078 bl,
315 4020 332 4067 i.
353 4034 377 4068 e.
398 4021 459 4083 quoi
476 4033 507 4066 ne
525 4020 629 4067 Picena.
659 4019 727 4067 «lies
747 4021 773 4066 in
793 4019 892 4066 Piceno
911 4023 1030 4078 gestae.»
1049 4017 1121 4067 Pius.
1159 4016 1230 4065 Fort.
1250 4030 1282 4064 ne
1300 4014 1334 4066 τὰ
1354 4011 1500 4068 ἐπίκοινα.

109 4126 114 4136 .
185 4089 236 4139 On.
259 4114 284 4123 -
322 4089 348 4137 ’1.
368 4103 410 4139 res
428 4086 508 4150 testis]
528 4103 567 4138 res
584 4096 633 4138 stet
652 4088 719 4147 11111,
738 4090 838 4138 resistet
856 4089 877 4136 1.
916 4085 1085 4149 (correctum
1105 4100 1135 4135 er
1155 4086 1243 4142 xla.)
1264 4109 1292 4119 -
1329 4087 1355 4135 9.
1375 4100 1425 4136 esse
1443 4102 1500 4137 om.

185 4160 197 4207 1
216 4166 242 4208 et
261 4172 300 4222 pr.
320 4160 357 4208 Μ.
379 4180 411 4193 -
430 4155 555 4220 timidius]
576 4159 677 4209 tordius
696 4159 727 4207 11.
749 4185 780 4194 -
817 4159 859 4207 11.
879 4165 1006 4208 retentum
1025 4156 1046 4204 1.
1068 4179 1095 4192 -
1133 4157 1174 4205 12.
1194 4156 1317 4205 insidiose
1334 4170 1395 4205 cum
1415 4156 1500 4208 Codd.

185 4230 225 4278 Pii
245 4230 306 4277 Asc.
326 4230 421 4278 tertia:
450 4231 574 4277 invidiose
592 4229 671 4285 111111,
700 4230 830 4277 inuidiosa
849 4229 880 4277 11.
908 4250 939 4261 -
974 4226 1071 4291 tegibus
1090 4241 1129 4290 pr.
1148 4226 1186 4276 Μ.
1212 4251 1244 4261 -
1281 4225 1324 4272 1³.
1343 4227 1440 4275 dilectis
1459 4244 1500 4290 pr.

184 4299 230 4359 Μ,
250 4300 356 4347 dilectus
374 4313 443 4348 corr.
464 4300 501 4348 bl.
523 4325 550 4334 -
579 4301 728 4347 invidorum
746 4313 786 4361 pr.
807 4298 844 4346 Μ.
864 4324 895 4333 -
920 4298 963 4348 14.
982 4295 1027 4359 sit]
1046 4306 1082 4346 est
1103 4298 1124 4345 R
1143 4302 1169 4345 et
1188 4310 1228 4358 pr.
1248 4294 1285 4343 Μ.
1307 4319 1336 4330 -
1357 4297 1398 4344 11.
1419 4312 1503 4347 eman-

184 4371 267 4419 dandi
285 4369 319 4417 111
339 4375 365 4418 et
383 4383 423 4431 pr.
443 4369 479 4417 lll.
502 4395 528 4404 -
570 4371 612 4418 ta.
632 4370 757 4418 adventus
776 4370 811 4417 ad
828 4368 916 4418 arbem
933 4369 1093 4430 proponitur
1112 4368 1123 4414 1
1142 4371 1168 4415 et
1187 4380 1240 4427 mg·
1261 4364 1297 4414 lll.
1321 4388 1347 4397 -
1374 4367 1417 4415 Pl.
1437 4367 1501 4431 iilis]

184 4442 249 4502 ipsis
267 4443 286 4485 1.
319 4463 349 4473 -
386 4440 429 4487 ⁶22.
456 4440 491 4487 ad
518 4435 661 4500 opiniones]
691 4440 727 4487 ud
746 4439 872 4502 (spatium
891 4441 1017 4493 uacuum)
1036 4438 1168 4499 opiniones
1196 4437 1224 4493 1,
1253 4432 1326 4505 πρὸς
1344 4434 1503 4503 τὰςόόξας

185 4510 329 4560 Corradus.
349 4508 450 4558 Placet.
470 4510 519 4557 Oa.
543 4534 570 4544 -
609 4509 652 4558 Pi.
673 4511 803 4559 Peducaeo
822 4508 1032 4571 Inscriptiones:
1052 4508 1165 4556 Pednceo
1182 4505 1260 4559 ΜΙΕ,
1282 4507 1404 4555 Pednreio
1422 4508 1452 4556 11.
1467 4534 1499 4543 -

184 4582 290 4643 seripsts'
308 4579 352 4633 Μ,
378 4580 504 4641 scripsisti
534 4580 578 4626 nr.
617 4577 749 4642 (Correxit
767 4581 922 4640 Victorius.)
944 4603 973 4615 -·
1010 4577 1054 4626 26.
1073 4579 1103 4627 de
1120 4579 1177 4639 ipsc
1195 4591 1226 4626 ac
1244 4577 1398 4626 demeista
1416 4582 1500 4629 conss·-

185 4652 279 4701 derum
296 4650 369 4700 111111.
408 4649 733 4710 (CorrcctumerZ.)-
772 4651 989 4700 Plinteetiom
1006 4649 1039 4697 11.
1062 4674 1088 4683 -
1129 4655 1220 4708 expeto
1239 4661 1279 4709 pr.
1299 4646 1448 4697 11.-30.
1470 4650 1501 4701 δε

185 4721 216 4771 11.
250 4744 279 4756 -
315 4721 358 4770 Sl».
390 4717 472 4782 tunm}
502 4727 574 4768 tuum
605 4722 725 4784 aenigma
755 4722 808 4778 111,
835 4728 921 4769 tamen
948 4718 1114 4768 Schuetzius.
1160 4719 1231 4766 Fort.
1257 4723 1349 4765 totana.
1383 4717 1433 4767 On.
1469 4746 1498 4757 -

184 4791 228 4841 35.
248 4804 360 4841 sueones
379 4790 439 4847 ΧΖ,
458 4804 576 4839 saccones
595 4790 655 4849 Μ1,
675 4791 802 4842 Santones
820 4791 853 4840 11.
892 4790 1060 4848 (Corrcctum
1081 4803 1112 4837 er
1132 4785 1176 4848 1.)
1198 4811 1227 4822 ·-
1264 4788 1331 4835 dices
1349 4787 1386 4835 Μ.
1408 4813 1436 4822 -
1457 4803 1501 4838 ae·

183 4863 271 4911 stuuns'
287 4856 343 4922 diis]
361 4873 386 4910 es
404 4867 433 4910 tn
450 4870 496 4909 ant
515 4861 561 4910 din
576 4861 624 4917 Μ,
653 4869 726 4911 aestu
744 4872 790 4913 ant
808 4863 853 4910 din
873 4861 901 4920 l,
927 4866 999 4911 nestas
1016 4866 1062 4910 cut
1083 4860 1123 4908 die
1143 4858 1172 4906 11.
1194 4856 1384 4918 (Emendatunr
1404 4872 1435 4908 es
1455 4859 1501 4912 Y.)
