3256 5400
442 247 516 310 LIB.
537 249 619 312 VIII.
660 248 720 310 ΕΡ.
743 247 794 310 17.
826 249 901 311 LIB.
922 250 977 312 IX.
1019 251 1078 313 EP.
1102 252 1131 313 1.
1386 254 1451 317 >lie

124 400 185 466 ista
206 406 294 487 parte
317 405 350 467 C.
375 402 486 476 Curia,
522 403 611 468 cuius
633 403 768 469 amicitia
796 426 847 468 me
868 405 1026 490 paullatim
1048 407 1080 471 in
1103 407 1181 472 bane
1203 408 1356 494 perditam
1378 431 1452 475 cau·

125 515 193 559 sam
214 495 377 580 irnpesuit;
409 517 481 560 nam
504 497 579 561 mihi
601 497 701 562 sentio
723 497 838 562 bonam
859 509 996 562 mentem
1025 502 1186 566 iracundia
1215 514 1246 568 et
1267 524 1374 567 amore
1397 502 1451 567 ab·

126 586 230 653 latam.
280 595 344 665 Tu,
373 600 408 654 tu
429 611 544 675 porro,
568 591 699 655 eumad
723 603 752 656 te
774 592 975 677 proficiscens
997 595 1138 659 Arimino
1164 608 1258 661 noctu
1280 597 1450 671 venissem,

126 681 201 746 dum
222 681 298 747 mibi
320 684 405 769 pacis
426 683 570 749 mandata
593 684 648 749 das
669 686 709 749 ad
725 689 889 751 Caesarem
912 698 943 749 ct
957 687 1124 753 mirificum
1139 690 1239 755 civem
1253 691 1335 774 agis,
1359 690 1452 754 amici

125 777 263 841 officium
295 778 462 861 neglexisti
489 799 592 864 neque
613 800 664 842 me
691 780 884 844 consuluisti.
927 785 1033 865 lt'eque
1056 782 1132 846 baec
1154 783 1240 858 dico,
1264 784 1348 869 quod
1371 784 1474 848 didi-a

125 869 197 933 dam
219 870 292 935 buie
314 892 442 948 causae;
475 871 551 945 sed,
588 872 682 937 crede
703 873 796 947 mibi,
819 873 924 959 perire
947 874 1043 938 satius
1066 883 1113 939 est
1135 898 1229 961 quam
1251 877 1308 941 bos
1330 877 1450 942 videre.

125 966 157 1027 Ε.
185 963 307 1041 Quodsi
334 965 430 1029 timor
460 975 583 1030 vestrae
615 967 805 1031 crudelitatis
826 990 889 1033 non
912 979 1007 1040 esset,
1039 968 1128 1032 eiecti
1150 970 1212 1034 iam
1234 971 1357 1056 pridem
1379 971 1452 1036 hinc

124 1077 275 1122 essemus.
317 1063 394 1123 Nam
416 1058 467 1123 bic
488 1081 570 1123 nunc
591 1070 717 1145 praeter
738 1060 933 1125 feneratores
956 1082 1072 1146 paucos
1094 1084 1151 1126 nee
1173 1063 1268 1128 homo
1290 1087 1348 1129 nee
1370 1065 1451 1130 ordo

126 1149 291 1236 quisquam
324 1162 371 1216 est
398 1153 458 1216 nisi
490 1155 708 1238 Pompeianus.
751 1154 904 1239 Equidem
926 1155 989 1219 iam
1011 1155 1118 1229 elleci,
1149 1167 1184 1220 ut
1206 1158 1340 1221 maxime
1362 1158 1452 1244 plebs

127 1253 171 1316 et,
195 1245 248 1330 qui
270 1255 359 1309 antea
381 1256 488 1310 noster
509 1247 587 1320 luit,
610 1248 745 1332 populus
762 1258 865 1312 vester
887 1257 978 1313 esset.
1023 1252 1086 1314 Cur
1108 1249 1183 1323 boc,
1205 1250 1329 1336 inquis?
1351 1257 1488 1317 lmmom

125 1338 247 1423 reliqua
259 1348 437 1423 exspectate
444 1362 453 1416 ;
475 1360 532 1404 vos
553 1340 668 1404 invitos
691 1341 817 1406 vincere
838 1353 985 1426 coegero.
1029 1346 1142 1406 Geram
1164 1345 1298 1408 alterum
1322 1367 1372 1408 me
1395 1349 1450 1411 Ca·

125 1440 241 1497 touem.
291 1438 356 1498 Vos
383 1432 546 1508 dormitis,
576 1455 634 1498 nec
656 1433 757 1518 [haec]
781 1435 882 1501 adhuc
904 1435 979 1499 mibi
1001 1435 1150 1501 videmini
1173 1437 1365 1521 intelligere,
1388 1458 1451 1523 qua

125 1545 183 1588 nos
204 1534 364 1609 pateamus
391 1535 423 1591 et
455 1549 516 1613 qua
546 1526 644 1591 simus
672 1527 831 1594 imbecilli.
888 1535 989 1615 Atque
1019 1529 1079 1594 boa
1105 1529 1221 1595 nullius
1243 1531 1375 1616 praemii
1397 1551 1452 1616 spe

125 1616 256 1692 faciam,
289 1618 365 1693 sed,
399 1619 484 1706 quod
512 1620 595 1706 apud
629 1641 680 1683 me
701 1621 872 1707 plurimum
895 1623 975 1687 solet
997 1623 1118 1695 valere,
1149 1623 1268 1689 doloris
1290 1635 1384 1708 atque
1405 1624 1454 1688 in-

126 1708 282 1793 dignitatis
303 1732 406 1777 causa.
465 1713 549 1790 Quid
580 1713 651 1777 istic
679 1712 798 1779 labilis?
820 1716 978 1781 Proelium
1001 1716 1203 1801 exspectaiis‚
1233 1717 1318 1803 quod
1340 1717 1492 1781 firmis-n
1533 1776 1536 1784 .

126 1803 239 1868 simum
262 1803 380 1871 habeti
422 1812 549 1871 Vestras
579 1806 685 1891 copias
717 1831 779 1873 non
801 1810 890 1887 novi;
921 1809 1021 1875 nostri
1042 1809 1134 1875 valde
1155 1809 1334 1896 depugnare
1356 1821 1387 1877 ct
1407 1809 1453 1875 la·

126 1897 187 1962 cile
207 1897 313 1982 algere
334 1909 366 1964 et
386 1900 507 1965 esurire
530 1911 730 1966 consuerunt.
773 1904 859 1969 Vale.

686 2158 886 2167 -—-.——

662 2400 814 2461 LIBER
849 2401 922 2462 lx.

189 2590 262 2664 Ab
288 2591 341 2667 Μ.
367 2592 680 2669 TERENTIUM
704 2593 1004 2670 VARRONEM
1030 2593 1101 2670 ET
1128 2593 1385 2672 CETEROS.
1460 2708 1471 2726 .

705 2815 872 2825 ...ω-..σ-

615 2968 641 3028 1.
685 2964 733 3049 (Α.
760 2969 793 3031 u.
816 2969 847 3031 c.
869 2964 955 3049 roa.)

562 3089 704 3151 cronno
727 3092 768 3153 u.
791 3089 966 3153 vinnom
987 3089 1019 3152 s.

131 3219 159 3280 1.
185 3197 250 3282 Ex
272 3214 310 3280 iis
332 3214 457 3289 liiteris,
486 3237 563 3301 quas
585 3217 703 3280 Atticus
725 3239 743 3281 a
773 3224 803 3282 te
825 3217 934 3281 missas
956 3218 1034 3282 mibi
1055 3217 1144 3303 legit,
1178 3218 1254 3304 quid
1283 3241 1394 3304 ageres
1421 3232 1490 3297 et„

129 3309 183 3375 ubi
204 3332 304 3383 esses,
334 3309 482 3393 cognovi;
513 3310 637 3396 quando
660 3322 764 3375 autem
786 3319 816 3374 te
838 3311 938 3375 visuri
962 3332 1119 3387 essemus,
1142 3313 1218 3376 nihil
1240 3335 1313 3377 sane
1336 3337 1376 3378 ex
1398 3314 1452 3380 iis·

129 3403 199 3467 dem
221 3402 331 3467 litteris
352 3403 440 3487 potui
462 3403 624 3488 suspicari.
677 3408 712 3467 In
734 3425 822 3489 spem
844 3413 947 3469 tamen
970 3405 1062 3470 venio
1085 3406 1340 3491 appropinquare
1364 3418 1451 3473 tuum

128 3496 309 3561 adventum:
343 3497 397 3583 qui
422 3497 499 3561 mibi
525 3497 642 3561 utinam
671 3497 783 3560 solatio
805 3498 861 3561 siu
902 3503 967 3562 Etsi
989 3505 1034 3563 tot
1065 3500 1219 3584 tantisque
1241 3500 1337 3565 rebus
1360 3524 1453 3588 urge·

128 3611 214 3664 mur,
252 3590 367 3654 nullam
399 3601 434 3655 ut
466 3590 654 3655 levationem
675 3590 842 3676 quisquam
864 3612 927 3655 non
950 3591 1149 3657 stultissimus
1171 3614 1299 3678 sperare
1323 3594 1451 3674 debeat;

128 3684 182 3748 sed
219 3693 321 3748 tamen
349 3694 403 3749 aut
431 3694 464 3749 tu
491 3694 582 3769 potes
614 3705 665 3747 me
705 3695 758 3748 aut
790 3705 850 3768 ego
890 3696 920 3749 te
960 3685 1094 3750 sortasse
1127 3687 1231 3773 aliqua
1264 3710 1299 3751 re
1331 3689 1490 3762 iuvare„

128 3780 158 3840 2.
181 3777 265 3842 Scito
288 3777 370 3840 euim
394 3798 458 3852 me,
496 3787 701 3862 posteaquam
723 3777 755 3841 in
777 3777 889 3842 urbem
911 3778 1067 3853 venerim,
1101 3780 1221 3844 redisse
1243 3802 1314 3844 cum
1337 3786 1452 3846 veteri-

128 3869 187 3934 bus
208 3870 332 3945 amicis,
355 3870 387 3934 id
410 3879 470 3945 est,
494 3892 565 3934 cum
587 3870 675 3934 libris
691 3876 821 3945 nostris,
844 3871 876 3935 iu
891 3874 1038 3957 gratiam3
1062 3874 1119 3936 etsi
1133 3897 1194 3938 non
1208 3874 1324 3939 idcirco
1340 3897 1451 3940 eorum

128 3986 220 4028 usum
241 3963 438 4038 dimiseram,
472 3962 557 4050 quod
579 3964 617 4028 iis
639 3986 869 4038 succenserem,
903 3965 958 4030 sed
981 3965 1067 4052 quod
1089 3989 1201 4032 eorum
1223 3990 1273 4032 me
1295 3969 1452 4054 suppude·

198 4185 224 4233 1.
243 4186 334 4246 qnaiar
353 4184 390 4233 M.
424 4206 455 4218 ·-
490 4182 634 4247 perditam]
660 4192 768 4245 portam
794 4183 832 4232 M.
861 4210 892 4219 —
929 4184 955 4232 3.
976 4190 1005 4233 tu
1024 4192 1052 4233 tu
1066 4199 1148 4246 porro
1167 4186 1212 4234 M:
1244 4187 1307 4235 Tum
1326 4195 1354 4236 tu
1371 4203 1452 4250 porro

128 4253 160 4302 E.
197 4255 268 4303 Fert.
291 4254 353 4302 Tute
370 4267 462 4315 porra.
483 4254 533 4303 On.
568 4278 596 4288 -
634 4254 753 4303 Arimino
771 4261 850 4302 nacla
868 4254 1048 4303 benedictus:
1073 4257 1182 4304 arimini
1206 4265 1285 4305 nacta
1304 4258 1349 4316 M,
1375 4266 1453 4308 noctu

128 4326 273 4373 Ariminum
294 4323 323 4371 E.
360 4347 390 4357 -
428 4325 556 4372 uenissent
574 4323 612 4374 Μ.
643 4347 673 4358 -
709 4323 736 4372 5.
756 4324 855 4373 melli:
879 4326 943 4371 milri
963 4324 993 4372 E.
1024 4350 1052 4360 -
1091 4326 1117 4374 8.
1137 4327 1196 4373 bina
1214 4326 1251 4376 Μ.
1285 4351 1315 4363 -
1352 4330 1379 4378 11.
1401 4330 1454 4377 nisi

128 4402 165 4443 eri
190 4395 362 4455 pompeianus
388 4392 424 4441 M.
453 4417 480 4427 -
519 4394 585 4457 effici
604 4393 641 4442 M.
671 4416 701 4428 -
737 4389 818 4455 plebs]
843 4393 899 4454 pier
918 4393 954 4441 M.
976 4417 1007 4428 -
1044 4396 1086 4443 11.
1106 4396 1220 4458 reliquas
1239 4397 1276 4447 M.
1297 4424 1328 4434 —
1365 4411 1452 4460 exspe-

128 4471 196 4513 ctate
215 4464 350 4512 Orellius:
369 4470 518 4524 exspectant
537 4463 580 4521 M,
600 4469 722 4526 exspecta
741 4463 771 4512 Ε.
798 4487 827 4497 -
867 4462 961 4511 Geram
980 4464 1042 4512 add.
1063 4464 1190 4514 Orellius.
1218 4490 1244 4499 -
1284 4468 1395 4516 alterurn
1412 4481 1452 4516 me

129 4534 152 4582 l.
172 4535 215 4584 Er.
236 4534 404 4582 Gronovius:
432 4540 595 4582 aranlanum
613 4548 652 4581 rne
675 4533 719 4591 M,
746 4533 856 4580 irritavi
875 4534 904 4578 iu
920 4546 960 4580 rna
980 4532 1008 4582 E.
1031 4557 1061 4568 -
1099 4536 1141 4583 12.
1161 4548 1206 4583 ner
1224 4537 1285 4585 baec
1303 4539 1387 4585 adbuc
1405 4537 1450 4586 M:

127 4617 171 4652 ner
189 4605 273 4653 adina
292 4603 322 4651 Ε.
343 4603 429 4651 Serib.
449 4616 529 4666 neque
546 4604 640 4651 adduc.
667 4604 747 4652 Barr.
780 4627 812 4637 -
848 4616 901 4663 quo
917 4626 929 4636 ·
947 4625 957 4637 ·
976 4617 1028 4665 qua
1046 4603 1090 4653 Ma
1117 4619 1195 4667 quam
1213 4630 1224 4640 -
1241 4631 1252 4641 ·
1270 4621 1348 4670 quam
1368 4608 1397 4655 E.
1417 4631 1449 4640 -

129 4676 171 4724 15.
190 4675 259 4737 quod
283 4675 461 4738 firmissimum
486 4672 562 4721 babet
586 4673 725 4722 Orellius:
755 4672 824 4734 quad
840 4673 1015 4735 firmissimum
1033 4673 1095 4723 baec
1114 4674 1156 4732 Μ,
1185 4676 1253 4737 quod
1277 4678 1452 4741 firmissimam

128 4753 164 4793 eri
183 4744 222 4802 Ε,
242 4757 293 4807 qao
311 4745 473 4807 firmissimus
491 4750 527 4790 aar
548 4743 569 4790 l.
590 4743 632 4791 Fr.
654 4743 816 4791 Gronovius.
838 4767 867 4776 —
906 4742 949 4789 20.
969 4744 1002 4787 iis
1019 4742 1059 4790 N:
1079 4745 1119 4791 iia
1137 4744 1197 4792 ΜΕ.
1219 4770 1249 4781 ·-
1287 4746 1332 4794 24.
1351 4747 1452 4796 nullom

127 4821 157 4863 ut
175 4815 329 4863 levationem
348 4827 414 4861 nos:
431 4812 532 4861 nuliam
551 4813 733 4861 allevationem
752 4813 796 4871 Μ,
821 4818 851 4859 ut
869 4811 969 4859 nullam
988 4810 1171 4861 allevationem
1190 4814 1221 4862 Ε.
1259 4814 1314 4864 Cir.
1334 4816 1394 4866 Lib.
1413 4815 1449 4878 d,

127 4883 154 4941 a,
174 4884 201 4934 3.
221 4889 247 4933 et
265 4883 293 4942 a,
314 4882 342 4944 4,
360 4883 387 4932 5.
408 4883 441 4932 de
460 4883 539 4931 utun.
559 4884 586 4938 1,
606 4883 650 4931 12.
670 4878 700 4943 ὃ.
719 4883 764 4931 110.
792 4907 820 4917 -
858 4881 903 4929 27.
921 4881 950 4929 id
967 4886 1022 4940 eri,
1041 4895 1099 4930 aum
1117 4883 1191 4933 libris
1208 4884 1275 4934 recl.
1294 4885 1325 4936 E.
