3256 5400
1408 265 1451 314 ‘11

127 412 357 484 Hortensium
374 412 451 482 lai.
463 412 494 482 1.
535 412 590 481 De
606 416 798 502 partitione
817 416 987 481 orationis
1003 410 1080 480 Lib.
1092 410 1123 480 1.
1164 410 1219 480 De
1228 404 1451 481 Academicis

127 517 206 587 Lib.
221 516 251 586 1.
293 517 394 587 Hunc
408 519 576 586 Vincenti!
594 517 734 586 indicem
757 519 847 584 nullo
869 518 974 585 verbo
996 516 1110 583 addito
1133 537 1227 583 suum
1242 517 1323 585 iecit
1340 515 1450 615 Adam

128 623 277 691 Clericus
298 623 355 689 Fr.
369 621 532 692 Gnidonls
552 621 595 688 de
617 621 724 689 'l'urre
744 622 906 709 Episcopi
927 618 1176 689 claromontani
1197 620 1286 707 apud
1307 619 1452 688 Mebnse

135 725 218 793 Vita
242 721 363 792 Amor.
392 725 615 793 Traoersarli
648 724 721 792 Vol.
743 723 771 791 l.
801 745 836 814 p.
862 720 1013 794 ccxli.
1061 722 1135 794 Sed
1161 726 1264 815 longe
1292 726 1451 813 minorem

126 830 283 898 librorum
305 848 472 896 numerum
493 832 649 897 recenset
671 827 897 919 doctissimus,
920 834 957 894 ut
976 829 1042 895 lllls
1057 829 1278 919 temporibus,
1299 824 1451 896 (iunoni-

127 953 188 1002 cus
209 937 244 1002 et
265 929 392 1003 Cantor
409 934 617 1023 suacensis,
638 932 808 1018 liudolphl
823 933 1095 1022 Habeburgensls
1109 934 1254 1020 amicus,
1275 928 1451 1001 connum
1550 1005 1552 1008 ,

127 1037 170 1105 dc
185 1037 286 1105 Mure
308 1027 474 1121 (1273.)
496 1039 530 1104 in
549 1037 754 1125 Repertorio
769 1036 1013 1104 vocabulorum
1027 1039 1279 1128 exquisitorum
1293 1037 1452 1105 Basileus

125 1163 154 1210 s.
170 1162 204 1208 a.
216 1139 280 1228 sol.
299 1141 394 1208 162.
410 1160 460 1208 a:
489 1140 647 1208 «Tutilius
662 1139 807 1208 Marcus
824 1137 947 1207 Cicero
965 1139 1061 1227 filius
1080 1138 1177 1226 satri
1197 1158 1350 1207 summum
1367 1138 1452 1206 rbe-

126 1249 271 1334 toricus,
293 1250 347 1334 ei,
367 1250 409 1312 ut
420 1247 506 1312 dicit
517 1242 684 1313 Lucanus
691 1294 702 1333 ,
724 1243 866 1311 Romani
881 1245 1042 1310 maximus
1054 1247 1172 1311 auctor
1183 1244 1313 1329 eloquii.
1355 1239 1452 1312 Nut-

125 1348 180 1416 ius
201 1353 239 1416 in
256 1347 510 1435 amslficatura.
552 1343 685 1414 Matios
703 1346 809 1415 libros
827 1339 940 1430 (tam)
960 1352 999 1415 in
1018 1347 1202 1415 ooomniaiu
1216 1367 1320 1438 pram
1342 1352 1450 1414 extra

125 1451 345 1520 amisumtmn
366 1456 556 1534 composuit
575 1451 656 1517 stilo
676 1456 835 1537 prosaico
855 1456 892 1518 et
911 1451 1083 1540 elepauti3
1105 1469 1248 1542 ottonom
1265 1450 1352 1518 baec
1369 1453 1453 1544 snm

123 1559 286 1622 ommam:
312 1553 447 1622 i'ulliocs
458 1552 649 1641 decipietis.
696 1552 1104 1621 ildinurbetooieorum.
1151 1552 1287 1622 iboliius
1300 1555 1344 1621 de
1358 1558 1452 1622 omi-

125 1663 222 1725 citio.
269 1657 405 1725 i‘aiiius
428 1660 470 1725 de
489 1662 678 1725 senectute.
724 1656 925 1725 nullamne
946 1659 1159 1747 paradoais3
1185 1657 1311 1725 librum
1332 1661 1452 1744 etiarm

124 1759 572 1852 pusidicituerttippicaa
1266 1811 1269 1818 .

209 1862 310 1952 Addo
332 1883 421 1932 nunc
441 1867 539 1930 cllum
562 1864 786 1934 huiuscemodi
815 1865 972 1934 indicem:
1012 1865 1194 1934 Gualterus
1221 1866 1351 1955 Burley
1376 1869 1451 1933 slve

123 1967 286 2057 Burlelgh
310 1959 364 2057 (†
388 1959 532 2049 1337.)
553 1970 587 2034 ln
616 1968 698 2036 Vita
726 1975 878 2037 omilium
901 1969 1182 2058 pbilosophorum
1207 1974 1244 2037 et
1267 1974 1452 2056 poetarum

123 2091 203 2138 arm
234 2072 503 2139 auctoritatibus
536 2077 572 2139 et
600 2079 785 2141 sententiis
818 2079 937 2143 astreis
969 2074 1167 2141 eonomciem
1201 2077 1363 2141 arcacensis.
1407 2069 1452 2139 ln

122 2179 240 2241 moute
261 2176 333 2241 dici
351 2173 533 2243 Hadriani
558 2177 654 2265 apud
675 2175 849 2245 Sororium
871 2173 1059 2244 Claudium
1081 2180 1119 2244 iu
1142 2177 1287 2249 aeribus
1310 2175 1451 2243 nausci-

122 2276 185 2363 pisi
198 2276 368 2346 Laiiseau
383 2299 410 2345 s.
424 2298 454 2345 s.
468 2277 519 2346 4⁰.
541 2277 624 2365 Cap.
639 2277 707 2348 94:
732 2277 909 2368 «Scripsit
928 2279 1065 2347 Tullius
1079 2285 1234 2369 eprepios
1249 2279 1354 2346 libros
1368 2280 1452 2367 ptu-

122 2386 230 2448 rimos
247 2382 309 2449 snb
334 2382 447 2449 titulis
469 2381 746 2472 infrascriptis:
770 2382 823 2449 De
846 2380 980 2470 Officiis
1002 2382 1106 2449 libros
1130 2388 1210 2450 tres.
1254 2381 1309 2450 De
1326 2387 1452 2450 amici-

122 2491 177 2552 tta
196 2485 219 2550 Ι.
240 2483 269 2551 Ι.
314 2483 368 2552 De
390 2491 567 2553 senectute
587 2487 610 2552 Ι.
635 2485 663 2553 Ι.
707 2484 761 2553 De
782 2491 921 2552 oratore
943 2487 965 2551 Ι.
989 2484 1075 2553 illl.
1106 2477 1212 2569 (sic).
1256 2483 1310 2552 De
1335 2506 1448 2573 paro-

122 2590 225 2656 doum
237 2588 260 2654 Ι.
274 2587 304 2656 l.
348 2587 627 2678 Philippicarum
639 2591 661 2656 1.
675 2589 704 2656 Ι.
741 2589 1006 2657 Rbetorleorum
1017 2590 1038 2654 Ι.
1054 2587 1121 2655 IV.
1168 2587 1452 2657 'ibosoulanarum

121 2691 248 2758 libmm
261 2712 379 2759 unum
421 2691 629 2761 Oratiorurm
649 2692 672 2758 Ι.
687 2691 776 2759 ΧΠ.
820 2691 1078 2759 incoestioarum
1097 2691 1119 2757 Ι.
1143 2690 1199 2758 Vl.
1242 2690 1296 2759 De
1318 2692 1451 2780 lapibus

121 2793 145 2859 Ι.
168 2794 226 2862 VI.
250 2786 355 2877 (sic).
399 2792 453 2861 De
471 2794 543 2881 fine
563 2795 643 2863 torri
661 2802 696 2863 et
718 2796 804 2862 mall
824 2796 847 2861 Ι.
872 2793 910 2860 V.
955 2792 1009 2861 De
1028 2800 1159 2861 reaturo
1174 2796 1317 2863 deornm
1339 2796 1361 2861 Ι.
1381 2793 1450 2863 ΙΙΙ.

121 2895 178 2964 De
202 2899 418 2966 dioiolatioue
438 2899 461 2964 Ι.
477 2897 525 2965 ΙΙ.
570 2898 722 2986 Defuto
746 2899 768 2965 Ι.
787 2897 817 2965 Ι.
862 2898 916 2965 De
939 2904 1116 2967 creatione
1142 2899 1263 2965 marsal
1285 2899 1307 2965 Ι.
1322 2896 1352 2966 1.
1395 2896 1450 2967 De

119 3006 314 3088 partitione
328 3007 497 3070 orationis
511 3003 534 3067 Ι.
548 3000 578 3068 1.
621 3000 850 3090 Dialoporum
863 3004 912 3069 aei
925 3001 1154 3070 Hortursium
1172 3002 1195 3066 Ι.
1206 2999 1237 3067 1.
1280 3000 1336 3069 De
1351 3000 1451 3068 Aea-

121 3107 264 3172 ‹iemleis
278 3104 301 3170 Ι.
316 3103 344 3171 Ι.
388 3104 443 3172 Dc
464 3106 653 3196 republica
668 3107 691 3173 Ι.
714 3104 774 3172 VI.
818 3104 873 3173 De
890 3106 1107 3194 apricultura
1124 3105 1146 3171 Ι.
1161 3102 1191 3172 l.
1236 3103 1289 3171 lie
1311 3110 1451 3173 iustitia

122 3213 159 3275 ei
182 3213 258 3275 iure
281 3213 433 3275 naturae
446 3210 468 3274 Ι.
483 3207 512 3275 Ι.
559 3208 767 3297 i'opicorum
783 3206 809 3274 l.
861 3209 1106 3298 Verriuarum,
1128 3210 1167 3274 ia
1181 3213 1249 3299 est,
1276 3215 1451 3296 pasionem

121 3317 245 3379 sonim
268 3311 411 3378 Verrem
428 3312 450 3377 Ι.
466 3311 496 3378 Ι.
540 3310 797 3380 loooectioarum
818 3318 942 3379 contra
965 3311 1166 3381 Salustium
1183 3311 1206 3377 Ι.
1222 3310 1250 3378 Ι.
1294 3308 1451 3379 lanceati-

119 3434 244 3482 oarum
265 3421 388 3482 caretro
413 3412 606 3483 Catilinam
632 3421 669 3483 et
691 3423 775 3484 suast
791 3421 975 3483 orationes
997 3420 1173 3501 quattuor.
1216 3413 1271 3482 De
1296 3416 1450 3484 consitiis

121 3520 217 3586 duos.
253 3516 307 3585 De
326 3520 427 3587 rebus
445 3520 656 3587 militaribus
670 3540 788 3588 usonem.
826 3519 879 3586 De
893 3526 1093 3610 synonymis
1107 3538 1225 3586 aarum.
1263 3516 1317 3585 De
1336 3517 1450 3607 pierio

120 3622 276 3690 bumaria
298 3622 423 3691 tibrum
448 3643 564 3691 unum.
608 3621 663 3690 De
691 3625 926 3692 cormolatloue
955 3625 1080 3691 librum
1103 3643 1221 3691 uorum.
1265 3619 1319 3688 De
1345 3621 1450 3688 tande

123 3720 271 3793 Catonis
292 3726 417 3793 librum
440 3746 557 3794 orreum.
602 3725 655 3794 De
677 3733 851 3817 responsis
875 3726 1098 3816 haruspicum
1119 3745 1236 3794 osorum.
1280 3722 1336 3791 De
1360 3744 1449 3813 pro-

119 3834 285 3918 pnostiois
303 3849 421 3897 reorum.
464 3828 556 3896 Item
571 3836 712 3918 scripsit
733 3831 899 3915 epistolas
921 3832 1080 3897 molitas.»

207 3933 357 4000 Eundem
379 3933 468 4001 hunc
490 3933 629 4001 indicem
651 3937 769 4021 paucis
788 3938 924 4001 mutatis
946 3938 981 4001 et
1001 3933 1195 4021 quibusdam
1218 3935 1362 4021 omissis,
1386 3951 1448 4001 nce

119 4036 228 4103 Bruto
251 4055 358 4123 neque
381 4034 525 4104 Oratore
553 4037 686 4128 addito,
719 4040 853 4123 repetiit
881 4039 1044 4104 Alberlus
1073 4037 1115 4104 de
1144 4037 1223 4125 Eyb
1244 4038 1279 4104 in
1300 4037 1448 4126 Marge-

118 4142 185 4207 rltu
200 4140 441 4227 philosophica.
473 4140 606 4208 Romae
620 4141 672 4207 M.
690 4137 827 4208 0000.
851 4139 991 4206 LXXV.
1007 4142 1079 4208 Fal.
1101 4142 1175 4207 nol.
1190 4137 1283 4208 206.
1299 4159 1329 4206 s.
1372 4139 1448 4223 Quo

119 4246 154 4311 ln
182 4246 321 4334 Burleyi
348 4244 458 4312 indice
488 4264 573 4331 quae
603 4245 644 4311 sle
673 4243 910 4330 Xenophontis
936 4241 1159 4312 Oeconomico
1185 4263 1205 4311 a
1227 4241 1391 4312 Cicerone
1413 4248 1448 4312 ln

119 4350 273 4417 Latinum
296 4367 479 4436 converso,
502 4348 548 4416 de
566 4351 715 4416 consiliis
737 4351 822 4438 suis,
845 4348 886 4415 de
901 4349 1027 4437 gloria,
1053 4348 1095 4414 de
1110 4347 1208 4415 leude
1223 4346 1383 4437 Catonis,
1404 4347 1447 4417 de

120 4454 351 4521 consolatione
379 4453 492 4538 alieri,
524 4473 566 4520 ea
593 4473 636 4519 ex
664 4454 770 4538 ipsius
791 4453 962 4521 Ciceronis
984 4452 1129 4520 lectione
1152 4452 1309 4519 videntur
1330 4456 1447 4540 petite.

119 4557 222 4624 Liber
235 4556 277 4622 dc
293 4557 394 4622 rebus
408 4559 604 4623 militaribus
626 4560 679 4623 est
702 4555 1016 4623 pseudomooestus.
1063 4555 1161 4638 Quod
1183 4556 1225 4622 ad
1248 4553 1447 4643 Synonyms

124 4663 286 4747 pertinet,
318 4662 433 4726 variae
463 4661 576 4727 talium
598 4667 787 4742 συναγωγαὶ
808 4680 869 4746 per
889 4661 1026 4728 medium
1049 4664 1192 4727 aetutem
1215 4661 1447 4727 tribuebantur

124 4761 292 4853 Ciceroni,
313 4763 374 4831 sed
396 4764 594 4832 referendae
609 4770 688 4831 siunt
703 4764 745 4831 ud
761 4764 1000 4835 Grammaticos
1015 4761 1147 4852 Secull,
1168 4769 1205 4831 ui
1220 4768 1318 4853 puto,
1341 4765 1446 4850 qulntl

119 4867 177 4933 vel
197 4869 297 4933 sexli.
318 4905 359 4918 -
391 4867 531 4936 Minium
553 4873 662 4935 sutem
685 4868 813 4962 pigebit
835 4867 878 4935 de
898 4872 970 4935 totu
993 4867 1057 4936 hac
1078 4887 1117 4936 re
1139 4868 1338 4957 contulisse,
1360 4885 1445 4956 quae
