3256 5400
555 245 1016 308 mmsmemm
1137 199 1183 296 ’.
1396 250 1457 311 sm

141 398 333 485 provinciam
361 417 419 485 per
440 396 548 464 decem
569 419 685 473 annos,
718 419 780 465 non
807 396 865 464 tibi
886 420 904 464 a
926 408 1035 465 senatu
1057 400 1113 466 sed
1135 422 1152 464 a
1173 409 1204 465 te
1226 402 1296 487 ipso
1316 404 1459 490 per'vim

141 502 172 558 et
193 513 251 578 per
271 492 437 560 factionem
459 490 560 560 datos.
602 492 765 557 Praeteriit
785 501 922 576 tempus,
944 515 1008 557 non
1030 493 1124 577 legis,
1148 493 1202 558 sed
1224 494 1459 573 libidinistuae;

141 585 189 649 lac
210 595 332 659 umen,
352 586 445 670 legis:
467 595 504 649 ut
524 585 723 657 succedatur,
746 586 942 652 decernitur:
972 587 1104 672 impedis
1129 597 1160 651 ot
1180 589 1241 661 ais,
1264 586 1377 661 „Habe
1396 589 1459 654 mei

140 679 322 745 rationem.’'
364 677 452 745 Habe
474 687 508 743 tn
529 683 681 743 nostrum.
723 684 904 744 Exercitum
920 690 953 745 tu
967 678 1083 745 babeas
1098 681 1232 754 diutius,
1255 702 1461 768 quampopn-

142 772 188 836 lus
209 773 314 847 iussit,
349 772 449 838 inrito
470 777 601 836 senatu?
631 777 798 857 Depugnes
819 783 957 858 oportet,
991 773 1052 838 nisi
1073 774 1227 838 concedis.
1279 780 1356 841 Cum
1377 775 1484 841 bonas

141 860 267 950 quidem
288 885 358 952 spe,
381 873 416 930 ut
436 864 479 929 ait
499 864 600 937 idem,
622 866 672 930 vol
694 864 837 930 vincendi
859 866 909 930 vel
926 866 959 930 iu
977 863 1121 930 libertato
1141 868 1307 934 moriendi.
1349 875 1412 935 lam
1434 869 1461 935 si

142 958 340 1042 pugnandum
369 969 439 1031 est,
468 979 531 1042 quo
558 968 716 1044 tempore,
746 962 778 1023 in
807 980 897 1032 casu,
935 981 998 1045 quo
1026 959 1173 1032 consilio,
1203 961 1235 1025 in
1265 962 1460 1048 temporibus

141 1051 234 1116 situm
256 1062 312 1117 est.
356 1056 462 1137 ltaque
483 1061 515 1114 te
536 1051 569 1114 ln
591 1072 628 1115 ea
651 1053 834 1138 quaestione
856 1073 919 1116 non
941 1073 1086 1119 exerceo.
1130 1053 1176 1118 Ad
1200 1074 1252 1127 ea,
1275 1076 1355 1139 quae
1377 1055 1458 1129 dixi,

142 1145 237 1219 aller,
260 1145 285 1211 si
307 1145 381 1231 quid
405 1144 518 1221 hebes;
541 1145 687 1230 equidem
709 1145 776 1211 dies
797 1153 968 1232 noctesque
989 1157 1151 1231 torqueor.

628 1287 968 1367 umqum)
1473 1297 1498 1334 w

620 1409 763 1472 CICERO
785 1409 931 1474 ATTICO
954 1411 985 1473 S.

226 1519 336 1585 Subito
358 1518 520 1584 consilium
542 1518 625 1603 cepi,
654 1528 702 1592 ut,
731 1529 896 1605 antequam
917 1521 1051 1595 luceret,
1081 1520 1221 1599 exirem,
1250 1542 1292 1585 uo
1311 1521 1365 1607 qui
1387 1541 1462 1586 con·

141 1622 263 1699 spectus
292 1613 380 1676 lieret
406 1621 460 1676 aut
488 1632 607 1687 sermo,
637 1611 799 1677 lictoribus
831 1614 1016 1698 praesertim
1049 1614 1208 1679 laureatis.
1261 1619 1307 1678 De
1336 1614 1460 1700 reliquo

141 1729 241 1792 neque
263 1706 404 1780 hercule,
437 1704 513 1791 quid
534 1726 643 1789 agam,
675 1726 749 1780 nec,
772 1706 847 1793 quid
869 1715 994 1772 acturus
1016 1708 1094 1781 sim,
1118 1707 1200 1785 sci03
1234 1707 1276 1771 ita
1298 1728 1367 1773 sum
1390 1727 1462 1792 per-

142 1799 283 1863 turbatus
305 1803 478 1864 temeritate
500 1799 599 1864 nostri
622 1800 824 1864 amentissimi
846 1801 978 1866 consilii.
1021 1800 1092 1866 Tibi
1113 1821 1191 1865 vero
1213 1800 1288 1886 quid
1303 1801 1460 1877 suadeam,
1473 1816 1498 1856 ιν

141 1893 229 1957 cuius
257 1893 323 1979 ipse
352 1893 517 1958 consilium
545 1899 716 1978 exspecto?
751 1897 870 1958 Gnaeus
900 1904 1007 1958 noster
1029 1892 1103 1979 qnid
1125 1892 1245 1958 consilii
1269 1894 1388 1978 ceperit
1411 1915 1462 1959 ca-

141 1987 258 2070 piatve,
288 1987 407 2060 nescio,
437 1985 538 2050 adbuc
564 1987 596 2051 in
624 1985 747 2073 oppidis
776 1995 933 2051 coartatus
960 1997 991 2050 et
1018 1995 1154 2071 stupens.
1203 1989 1336 2059 Omnes,
1372 1988 1398 2052 si
1427 1986 1461 2053 in

141 2078 227 2142 ltalia
255 2079 416 2153 consistat,
446 2080 563 2144 erimus
592 2102 672 2157 una;
708 2079 756 2144 sin
777 2078 883 2154 cedet,
915 2080 1039 2145 consilii
1059 2101 1110 2145 res
1132 2091 1188 2146 est.
1231 2079 1340 2145 Adhuc
1361 2093 1460 2155 certe,

142 2172 200 2236 nisi
229 2193 288 2256 ego
320 2172 461 2247 insanio,
489 2172 583 2237 stulte
605 2175 708 2239 omnia
730 2183 762 2238 ot
781 2175 914 2239 incauto.
959 2181 1023 2250 Tu,
1052 2196 1184 2261 quaeso,
1212 2171 1326 2240 crebro
1348 2174 1388 2239 ad
1410 2194 1461 2239 me

142 2264 244 2329 scribo
267 2267 315 2331 vel
337 2267 422 2353 quod
443 2267 476 2331 in
497 2266 626 2333 buccam
647 2268 777 2334 venerit.
1469 2279 1498 2326 ²⁰

616 2408 986 2489 munem)

620 2530 761 2595 CICERO
783 2531 927 2593 ATTICO
950 2532 982 2594 S.

227 2646 254 2705 l.
278 2643 418 2717 Quaeso,
451 2640 527 2726 quid
555 2640 615 2705 hoc
641 2645 711 2705 esti
746 2648 799 2702 aut
825 2638 901 2725 quid
931 2639 1060 2723 agitur?
1088 2639 1164 2705 Mihi
1200 2641 1283 2706 enim
1311 2638 1460 2706 tenebrae

141 2745 220 2800 sunt.
264 2735 496 2818 „Cingulum”,
526 2734 639 2819 inquit,
663 2753 748 2806 „nos
772 2742 928 2810 tenemus;
956 2738 1115 2797 Anconem
1136 2733 1307 2798 amisimus.
1349 2731 1461 2798 Labie·

141 2849 199 2892 nus
222 2826 363 2891 discessit
390 2849 407 2891 a
431 2831 592 2893 Caesares*
646 2831 753 2892 Utrum
776 2826 814 2891 de
837 2827 1027 2912 imperatore
1049 2827 1158 2912 populi
1179 2826 1328 2899 Romani,
1361 2847 1400 2890 au
1421 2825 1497 2890 deas

140 2920 310 2985 Hannibale
331 2921 508 3007 loquimur?
532 2925 558 2986 Ο
581 2921 737 2985 hominem
760 2932 914 2985 amentem
936 2931 968 2984 et
988 2921 1156 2994 miserum,
1179 2922 1234 3007 qui
1256 2941 1294 2984 ne
1316 2918 1460 2984 umbram

140 3014 265 3099 quidem
295 3036 432 3101 unquam
463 3020 520 3081 τοῦ
549 3020 652 3080 καλοῦ
679 3013 807 3077 videritl
844 3019 944 3098 Atque
981 3013 1057 3077 hacc
1090 3014 1133 3078 ait
1160 3017 1264 3080 omnia
1292 3015 1396 3078 lacere
1426 3035 1460 3079 se

141 3107 297 3191 dignitatis
319 3128 420 3173 causa.
463 3107 521 3174 Ubi
550 3117 596 3172 est
622 3116 726 3172 autem
754 3102 885 3191 dignitas
913 3107 973 3172 nisi
987 3106 1051 3172 -ubi
1072 3108 1240 3173 honestas?
1261 3114 1341 3174 Num
1362 3109 1461 3173 bone-

141 3212 221 3266 stum
248 3202 344 3287 igitur
371 3200 486 3265 habore
515 3202 687 3266 exercitum
715 3203 802 3267 nullo
833 3202 960 3289 publico
994 3203 1147 3269 consilio?
1183 3223 1336 3288 occupare
1364 3200 1460 3266 urbes

141 3295 273 3368 civium,
303 3316 366 3381 quo
389 3295 510 3359 facilior
531 3296 570 3360 sit
590 3296 691 3361 aditus
713 3296 751 3361 ad
773 3298 926 3383 patriam?
960 3303 1065 3384 χρεῶν
1084 3298 1273 3374 ἀποκοπάς,
1304 3299 1459 3380 φυγάδων
1468 3308 1498 3351 ³⁰

141 3390 318 3465 καθόδους,
346 3399 490 3454 sexcenta
513 3390 574 3454 alia
596 3390 714 3455 scelera
735 3390 854 3465 moliri,

309 3512 364 3590 τήν
386 3517 468 3576 θεῶν
487 3525 640 3596 μεγίστην
662 3513 743 3578 ὥστ’
766 3513 854 3592 ἔχειν
876 3520 1050 3599 τυραννίδα
1073 3521 1139 3579 -i

141 3631 206 3696 Sibi
239 3631 352 3696 babeat
378 3654 466 3697 suam
500 3632 672 3697 lortunaml
716 3638 811 3699 Unam
842 3633 1019 3699 mehercule
1050 3645 1152 3699 tecum
1179 3635 1402 3720 apricationem
1426 3635 1459 3701 in

139 3726 194 3792 illo
216 3726 384 3790 Lucretino
406 3737 461 3791 tuo
483 3727 549 3792 sole
572 3727 677 3790 malim
700 3749 792 3812 quam
814 3728 919 3792 omnia
949 3727 1125 3793 istiusmodi
1149 3749 1259 3812 regna3
1283 3728 1335 3801 vel
1355 3727 1459 3813 potius

210 3947 236 3995 2.
256 3948 348 3996 datam
367 3946 389 3996 1.
419 3970 451 3981 -
488 3953 604 4008 tempos,
632 3960 686 3995 non
704 3943 775 4009 teqt's]
795 3952 894 4007 tempus
911 3959 966 3994 non
984 3945 1045 4008 leqit
1063 3944 1109 4003 Μ,
1129 3953 1228 4008 tempus
1245 3961 1300 3995 non
1317 3947 1460 4010 tepitimum

141 4016 208 4066 liet
233 4030 286 4079 mg.
311 4018 356 4076 Μ,
389 4022 487 4079 tempus
514 4017 655 4079 lepits'mum
681 4016 703 4064 1.
732 4043 760 4050 -
797 4017 842 4064 aed
860 4041 870 4050 ·
888 4040 898 4049 ·
917 4021 1020 4074 tumen,
1046 4016 1107 4078 lepis
1132 4031 1187 4065 om.
1207 4016 1280 4066 11111.
1320 4017 1458 4080 (suppleta

142 4094 204 4136 suut
233 4099 248 4135 a
278 4086 395 4136 victorio
423 4100 454 4134 ex
479 4100 533 4148 mg.
553 4082 717 4148 Cratandri.)
744 4111 778 4120 -
814 4085 1118 4146 demessuerunt.
1147 4109 1177 4120 -
1214 4084 1274 4149 mei]
1294 4088 1322 4135 in
1341 4102 1398 4136 eom
1417 4102 1457 4150 pr.

140 4157 184 4214 Μ,
203 4170 286 4205 meam
305 4157 326 4205 11
345 4161 371 4205 et
389 4169 459 4206 corr.
479 4155 515 4204 Μ.
530 4181 564 4190 -
582 4157 608 4205 t.
628 4156 703 4205 habet
721 4163 839 4205 nostrum
858 4169 898 4218 pr.
917 4155 955 4211 Μ,
976 4154 1039 4203 habe
1055 4162 1173 4203 nostrum
1191 4156 1227 4204 111
1247 4163 1271 4206 et
1291 4170 1360 4207 corr·
1373 4158 1412 4207 Μ.
1428 4182 1456 4193 -

142 4223 244 4288 habeas]
269 4227 346 4276 bobes
369 4226 392 4276 1.
410 4249 444 4263 -
480 4227 507 4275 d.
533 4224 573 4274 uel
597 4227 660 4274 mihi
687 4225 732 4275 bh.
758 4226 779 4274 1.
811 4251 839 4261 -
885 4226 912 4275 ’1.
942 4227 971 4272 tn
998 4222 1088 4288 ternpl
1115 4227 1170 4274 sins
1198 4233 1275 4290 temp.
1303 4240 1343 4289 pr.
1368 4227 1406 4277 Μ.
1428 4249 1458 4262 -

141 4296 167 4344 8.
196 4309 330 4345 exacuero
357 4296 379 4345 1.
410 4319 437 4329 -
476 4296 519 4346 lt.
544 4292 599 4359 nec]
622 4310 654 4345 ns
671 4295 709 4345 Μ.
737 4321 769 4331 -
805 4302 911 4344 orturus
928 4294 990 4358 quid
1008 4295 1029 4342 l.
1059 4318 1089 4329 -
1128 4295 1171 4344 15.
1190 4298 1366 4347 amantissimi
1384 4297 1405 4345 1.
1427 4320 1457 4330 -

143 4366 184 4414 16.
212 4367 303 4429 quoius
324 4366 369 4424 111,
391 4367 483 4429 wenis
506 4367 536 4414 11.
570 4392 598 4403 -
637 4367 679 4415 17.
711 4367 755 4415 sed
779 4373 892 4428 stupens.
918 4378 1004 4413 omnes
1027 4366 1050 4412 st
1072 4365 1093 4412 11
1112 4371 1138 4414 et
1158 4379 1198 4428 pr.
1218 4366 1260 4426 Μ,
1287 4369 1330 4416 sed
1356 4372 1459 4428 stupent

142 4437 268 4484 omnesss'
287 4435 308 4483 1.
348 4433 391 4496 (Ut
410 4449 474 4495 nos,
498 4436 564 4485 XTZ
582 4442 607 4485 et
626 4450 695 4485 corr.
716 4432 768 4496 Μ.)
796 4461 827 4470 -
864 4436 907 4482 18.
927 4436 1046 4482 consistet
1065 4436 1127 4483 Asc.
1147 4436 1234 4484 tertis.
1253 4463 1285 4470 -
1322 4439 1345 4486 st
1362 4437 1459 4484 incedet

142 4507 172 4563 1,
200 4507 241 4553 sin
259 4505 358 4554 decedet
385 4505 468 4554 Prisci
488 4505 570 4555 Codd.
592 4507 641 4555 Pii.
676 4530 705 4542 -
742 4512 788 4555 ert.
825 4505 913 4553 Adhuc
936 4505 1038 4552 incerti.
1075 4505 1131 4553 Nisi
1148 4506 1181 4564 11,
1201 4513 1236 4555 est
1256 4505 1456 4556 odhoeinrerti.

141 4577 197 4625 Nisi
216 4575 237 4623 1.
258 4571 340 4636 (certo
359 4589 399 4637 pr.
418 4575 572 4633 M,incsrti
591 4590 660 4625 corr.
680 4573 730 4635 Μ.)
752 4601 779 4611 -
820 4576 862 4624 19.
881 4577 986 4622 incaute
1003 4576 1048 4638 aqi
1065 4575 1158 4623 iudico.
1198 4576 1236 4624 Tu
1255 4578 1276 4625 1.
1298 4602 1327 4611 -
1364 4576 1458 4624 adso

141 4646 230 4694 crebro
250 4644 270 4692 1.
291 4671 322 4681 -
359 4645 403 4695 23.
434 4659 509 4710 opere
536 4647 567 4695 11.
589 4671 618 4680 -
658 4646 805 4708 21.1η([ν11
834 4644 914 4693 Mill:
945 4646 1030 4706 inquis
1049 4658 1110 4693 cum
1134 4644 1218 4694 CTdd.
1240 4646 1352 4708 hlalasp.
1373 4645 1403 4694 E·
1426 4667 1456 4679 -

140 4717 185 4765 25.
216 4730 233 4764 o
264 4715 327 4763 hill:
356 4715 390 4764 ob
418 4714 461 4764 111.
496 4738 522 4748 -
559 4715 602 4764 26.
631 4717 773 4779 loquuntur
802 4715 833 4763 11.
862 4737 894 4749 -
941 4714 984 4762 28.
1015 4711 1091 4776 ll'um]
1119 4717 1171 4763 nisi
1194 4730 1233 4777 pr.
1264 4716 1301 4765 Μ.
1343 4713 1458 4768 (helerii

141 4787 208 4835 lium
227 4784 388 4840 Lambinus,
416 4791 445 4834 ut
463 4785 577 4834 malebat
596 4785 757 4838 Ernestius.)
789 4810 816 4820 -
855 4783 898 4832 29.
919 4784 1051 4832 honestum
1070 4792 1106 4833 est
1125 4784 1207 4847 ἐρίων
1225 4788 1254 4836 11.
1280 4811 1310 4821 -
1349 4784 1391 4834 33,
1411 4797 1458 4846 op·

140 4857 308 4918 plicationem
327 4854 337 4902 Ι
358 4860 383 4905 et
403 4869 443 4918 pr.
464 4856 500 4907 11.
525 4881 550 4892 -
591 4856 633 4905 at.
656 4856 794 4904 lucrativo
811 4853 868 4911 ltl,
888 4853 1045 4903 lucretilirw
1064 4855 1191 4905 Faernus·
