3256 5400
182 242 244 303 338
633 240 690 302 ΕΡ.
712 240 764 301 ΑΙ)
787 240 826 314 Q.
848 239 1032 301 FRATREM

181 396 305 462 tialibus
326 395 457 468 diebus,
486 397 538 481 qui
562 394 734 473 Quirinalia
756 403 943 481 sequuntur,
960 394 1090 479 ’Appius
1110 394 1332 479 interpretatur
1357 415 1421 460 non
1440 394 1498 460 im-

180 490 279 575 pediri
311 511 344 553 se
379 490 446 574 lege
476 490 586 575 Pupia,
624 508 688 574 quo
718 489 820 553 minus
853 486 965 552 haheat
985 500 1140 562 senatum,
1173 498 1223 561 et,
1260 488 1343 574 quod
1368 488 1497 554 Gabinia

180 594 318 648 sanctum
341 583 393 654 sit,
423 585 514 648 etiam
537 582 608 666 cogi
630 602 670 646 ex
692 580 759 645 Kal.
781 580 871 646 Febr.
892 603 992 668 usque
1014 581 1054 646 ad
1075 582 1142 646 Kal.
1163 587 1252 647 Mart.
1280 582 1389 665 legatis
1410 604 1498 646 sena·

180 685 244 740 tum
274 676 413 761 quotidie
442 677 530 740 dari:
566 676 607 739 ita
638 685 784 760 putantur
811 674 934 740 detrudi
963 676 1087 739 comitia
1117 675 1148 739 iu
1178 696 1315 739 mensem
1342 676 1498 740 Martium.

156 769 240 834 sSed
261 780 363 834 tamen
387 770 435 834 his
457 767 666 835 comitialibus
688 767 804 832 tribuni
825 768 866 853 pl.
891 767 929 832 de
952 767 1084 834 Gabinio
1105 790 1139 832 se
1158 779 1282 832 acturos
1297 789 1365 832 esse
1383 769 1499 834 dicunt.

179 864 289 928 Omnia
312 862 441 947 colligo,
470 871 506 927 ut
526 862 600 926 novi
626 861 758 926 scribam
787 860 904 944 aliquid
934 860 973 926 ad
994 872 1035 927 te.
1079 862 1158 934 Sed,
1190 872 1225 927 ut
1245 862 1352 934 vides,
1374 885 1426 927 res
1448 886 1498 929 me

177 955 243 1042 ipsa
267 955 380 1021 delicit.
433 961 464 1019 4.
487 960 593 1040 ltaque
622 954 661 1019 ad
684 953 899 1019 Callisthenem
922 963 953 1018 et
979 954 1018 1019 ad
1039 954 1201 1020 Philistum
1223 954 1337 1031 redeo,
1367 957 1399 1022 in
1428 959 1498 1042 qui·

176 1048 236 1115 hus
264 1059 295 1114 te
326 1049 419 1115 video
448 1048 630 1113 volutatum.
682 1047 884 1113 Callisthenes
912 1046 1038 1134 quidem
1067 1048 1196 1133 vulgare
1218 1058 1250 1112 et
1271 1059 1378 1115 notum
1403 1072 1499 1134 nego·

178 1144 271 1220 tium;
308 1141 570 1228 quemadmodum
593 1141 712 1227 aliquot
734 1141 844 1205 Graeci
866 1140 963 1205 locuti
992 1150 1073 1206 sunt.
1127 1143 1250 1208 Siculus
1272 1143 1323 1207 ille
1343 1144 1496 1229 capitalis,

142 1235 303 1309 merebar,
336 1246 458 1308 acutus,
489 1233 611 1308 brevis,
640 1255 739 1319 paene
766 1234 897 1319 pusillus
919 1233 1128 1323 Thucydidem
1157 1235 1212 1301 sed
1240 1246 1327 1301 utros
1355 1238 1424 1301 eius
1445 1236 1499 1300 ha-

176 1329 285 1395 bueris
306 1328 405 1394 libros
436 1374 475 1383 -
503 1328 566 1393 duo
589 1333 672 1392 euim
693 1336 765 1393 sunt
786 1347 920 1413 corpora
951 1365 991 1375 -
1013 1351 1052 1393 au
1073 1338 1241 1415 utrosque,
1275 1330 1391 1394 nescio.
1447 1335 1497 1394 Me

176 1425 276 1508 magis
303 1423 341 1488 de
364 1422 514 1510 Dionysio
543 1421 683 1487 delectat.
726 1425 796 1505 lpse
818 1430 865 1484 est
885 1421 968 1486 euim
990 1431 1148 1487 veterator
1168 1444 1315 1508 maguus,
1344 1432 1376 1487 et
1395 1423 1498 1510 perla-

176 1519 305 1583 miliaris
328 1517 455 1582 Philisto
476 1515 654 1602 Dionysius.
712 1514 774 1579 Sed
796 1513 881 1600 quod
901 1514 1069 1591 adscribis,
1100 1516 1320 1602 aggrederisue
1342 1516 1381 1581 ad
1403 1516 1499 1580 histo-

176 1613 277 1676 riam?
299 1617 348 1677 Me
370 1622 498 1676 auctore
519 1625 619 1696 potes.
654 1613 708 1683 Et,
731 1607 878 1693 quoniam
902 1607 1079 1675 tabellarios
1100 1609 1330 1685 subministras,
1354 1609 1498 1674 hodierni

142 1703 240 1770 ndiei
269 1725 320 1768 res
343 1714 444 1789 gestas
466 1700 689 1789 Lupercalibus
716 1699 857 1767 habebis.
915 1701 1044 1768 Obiecta
1073 1711 1102 1768 te
1124 1725 1194 1769 cum
1217 1705 1368 1769 Cicerone
1389 1715 1498 1768 nostro

178 1819 270 1883 quam
292 1796 471 1863 bellissime.

649 1907 1045 1995 mnmuamp

615 2013 770 2076 unricus
800 2012 839 2088 o.
861 2015 1004 2076 suarm
1027 2015 1057 2076 s

263 2121 290 2183 1.
311 2119 394 2179 Duas
421 2113 522 2178 adhuc
543 2133 559 2176 a
582 2120 612 2176 te
634 2112 739 2198 accepi
769 2112 939 2199 epistolas,
976 2134 1108 2199 quarum
1136 2115 1263 2179 alteram
1287 2115 1318 2178 iu
1339 2116 1409 2202 ipso
1436 2114 1498 2180 dis·

139 2228 267 2274 secessu
294 2219 420 2282 nostro,
454 2207 581 2272 alteram
604 2209 744 2270 Arimino
766 2204 884 2284 datam;
919 2206 1040 2292 plures,
1074 2228 1151 2293 quas
1173 2206 1283 2272 scribis
1305 2219 1335 2273 te
1358 2209 1495 2292 dedisse,

177 2325 239 2369 non
270 2323 461 2387 acceperam.
504 2305 571 2384 Ego
592 2320 643 2362 me
665 2299 697 2362 in
720 2303 859 2365 Cumano
881 2306 912 2363 et
936 2301 1140 2385 Pompeiano,
1172 2304 1496 2390 praeterquamquod

176 2398 243 2462 sine
270 2405 324 2468 te,
361 2405 500 2459 ceterum
527 2392 600 2456 satis
628 2392 791 2457 commode
821 2391 1014 2457 oblectabam
1049 2403 1080 2459 et
1107 2415 1192 2458 eram
1221 2395 1253 2459 in
1282 2395 1392 2460 iisdem
1421 2397 1497 2462 locis

176 2512 277 2577 usque
306 2488 345 2554 ad
374 2489 441 2553 Kal.
463 2493 530 2552 lun.
558 2485 692 2550 futurus.
735 2484 917 2551 scribebam
939 2486 1007 2560 illa,
1034 2508 1115 2574 quae
1138 2488 1296 2563 dixeram,
1329 2494 1495 2566 πολιτικά,

177 2583 311 2669 spissum
333 2603 406 2645 saue
429 2601 509 2666 opus
531 2588 563 2643 et
584 2599 763 2664 operosum.
807 2577 882 2653 Sed,
912 2580 938 2643 si
960 2601 1000 2643 ex
1023 2582 1172 2646 sententia
1195 2584 1394 2658 successerit,
1418 2583 1496 2650 bene

139 2678 237 2742 eserit
266 2697 363 2761 opera
390 2674 506 2760 posita:
541 2672 589 2736 siu
616 2671 735 2744 minus,
771 2671 803 2735 iu
830 2671 907 2737 illud
936 2672 1039 2757 ipsum
1067 2696 1153 2740 mare
1182 2676 1378 2752 deiiciemus,
1413 2679 1496 2766 quod

176 2777 351 2856 spectantes
379 2765 566 2842 scribimus;
604 2764 823 2850 aggrediemur
849 2765 929 2839 alia,
966 2769 1112 2853 quoniam
1142 2770 1305 2854 quiescere
1334 2793 1397 2837 non
1427 2795 1495 2860 pos·

176 2885 293 2929 sumus.
351 2867 381 2929 2.
405 2866 470 2925 Tua
492 2859 633 2923 mandata
656 2879 829 2944 persequar
851 2859 1015 2946 diligenter
1044 2871 1074 2926 et
1096 2861 1299 2948 adiungendis
1322 2865 1496 2930 homiuibus

176 2969 207 3024 et
240 2955 425 3045 quibusdam
459 2976 520 3018 non
554 2952 734 3018 alienandis.
799 2954 955 3019 Maximae
997 2956 1073 3021 mihi
1106 2978 1183 3021 vero
1217 2979 1310 3023 curae
1344 2959 1427 3032 erit,
1463 2969 1497 3024 ut

177 3057 358 3118 Ciceronem
387 3059 475 3113 tuum
502 3057 706 3132 nostrumque
735 3045 873 3123 videam,
908 3049 1024 3115 scilicet
1052 3050 1211 3138 quotidie:
1249 3052 1303 3116 sed
1336 3051 1495 3136 inspiciam

140 3144 253 3232 ahquid
282 3144 378 3208 discat
411 3162 502 3228 quam
525 3139 723 3226 saepissime,
753 3151 798 3215 et,
828 3142 888 3206 nisi
910 3143 962 3207 ille
984 3153 1177 3218 contemnet,
1199 3145 1293 3209 etiam
1314 3145 1497 3229 magistrum

177 3261 227 3303 me
250 3239 279 3303 ei
301 3235 491 3323 profitebor;
515 3236 603 3299 cuius
625 3234 672 3298 rei
694 3233 873 3299 nonnullam
895 3237 1150 3303 consuetudinem
1173 3247 1280 3302 nactus
1301 3260 1370 3303 sum
1393 3237 1424 3302 in
1440 3238 1498 3302 hoc

177 3333 291 3399 horum
325 3331 447 3395 dierum
486 3327 575 3402 otio,
613 3328 764 3394 Cicerone
800 3337 909 3393 nostro
944 3330 1067 3395 minore
1100 3330 1313 3417 producendo.
1371 3336 1401 3396 3.
1434 3336 1496 3405 Tu,

177 3423 441 3512 quemadmodum
470 3419 595 3495 scribis,
625 3420 710 3508 quod
739 3421 858 3486 etiamsi
888 3442 951 3487 nou
978 3423 1151 3499 scriberes,
1180 3424 1282 3490 lacere
1311 3433 1339 3488 te
1369 3423 1499 3509 diligen-

178 3520 295 3584 tissime
325 3528 426 3581 tamen
454 3513 606 3589 sciebam,
635 3514 744 3588 iacies,
773 3515 906 3589 scilieet,
934 3525 969 3580 ut
997 3539 1067 3582 mea
1087 3518 1230 3583 mandata
1260 3518 1398 3603 digeras,
1428 3536 1500 3602 per-

144 3634 327 3699 saanuam,
358 3609 512 3674 coniicias.
563 3605 650 3692 Ego,
687 3628 757 3672 cum
788 3614 917 3673 Romam
940 3631 1073 3686 venero,
1109 3612 1227 3678 nullum
1256 3610 1498 3698 praetermittam

48 3701 52 3710 ’
180 3705 318 3772 Caesaris
346 3701 558 3774 tabellarium,
590 3701 641 3765 cui
662 3700 780 3764 litteras
807 3702 845 3766 ad
876 3712 905 3766 te
928 3724 990 3768 non
1013 3705 1094 3771 dem.
1136 3707 1192 3771 His
1216 3705 1326 3770 diebus
1350 3740 1386 3750 -
1412 3706 1501 3789 iguo·

178 3821 246 3864 sees
279 3829 318 3842 -
355 3796 406 3861 eui
428 3795 559 3868 darem,
596 3792 655 3857 luit
675 3815 768 3858 nemo
790 3806 860 3860 ante
881 3795 964 3861 hunc
984 3803 1025 3863 M.
1048 3797 1191 3870 Orfium,
1229 3801 1364 3885 equitem
1387 3804 1501 3865 Roma·

57 3951 61 3959 .
179 3914 267 3966 num,
300 3900 440 3955 nostrum
469 3897 500 3952 et
527 3888 796 3972 pernecessarium
830 3897 861 3952 et
891 3890 976 3976 quod
1005 3901 1051 3956 est
1078 3914 1118 3957 ex
1146 3895 1315 3979 municipio
1342 3893 1498 3963 Atellano,

178 3985 264 4072 quod
292 3984 350 4048 scis
378 4003 446 4046 esse
475 3981 506 4045 in
535 3981 596 4045 lide
624 3991 740 4044 nostra.
783 3985 891 4067 ltaque
913 4004 985 4047 eum
1008 3984 1064 4049 tihi
1086 3987 1272 4052 commendo
1294 3986 1324 4049 in
1347 3986 1498 4050 maiorem

141 4079 325 4152 somodum,
359 4076 515 4141 homiuem
550 4075 635 4139 domi
668 4074 879 4161 splendidum,
913 4078 1085 4161 gratiosum
1116 4080 1208 4144 etiam
1239 4091 1327 4145 extra
1353 4080 1499 4156 domum;

247 4242 275 4292 d.
295 4242 359 4290 dare
376 4240 506 4289 Faernus.
527 4264 556 4273 -
593 4239 689 4287 Martii
707 4239 726 4286 l.
748 4261 777 4273 -
805 4241 832 4290 5.
851 4242 884 4290 iis
903 4241 933 4290 u.
954 4267 986 4277 -
1016 4241 1042 4291 7.
1062 4243 1097 4291 ad
1115 4249 1177 4292 ante
1196 4243 1332 4292 Philistum
1348 4256 1404 4292 om.
1424 4242 1445 4292 1.
1468 4266 1499 4279 ·-

177 4313 202 4364 8.
222 4311 385 4364 Callisthenis
402 4310 475 4358 mut.
510 4332 539 4343 -
576 4308 711 4371 vulgatam
729 4308 749 4356 Ι.
780 4333 810 4345 -
848 4312 875 4361 3.
895 4311 995 4374 aliquot
1016 4312 1107 4361 Graeci
1130 4312 1196 4364 stu:
1225 4313 1316 4363 Graeci
1333 4313 1434 4378 aliqaot
1456 4313 1499 4362 lli.

180 4409 209 4421 -
230 4379 340 4442 Siculus]
360 4381 465 4430 Secutus
482 4378 557 4430 Mill.
579 4401 608 4412 -
646 4378 689 4427 13.
710 4378 820 4429 Philisto
839 4381 979 4444 Dionysius
997 4382 1078 4432 ldltl:
1099 4382 1207 4431 Philisto
1226 4382 1256 4431 E·
1278 4408 1308 4417 -
1334 4384 1421 4447 qaoad
1438 4383 1501 4432 seri·

177 4455 215 4503 his
235 4452 293 4511 ΜΙ,
312 4451 382 4515 qaod
399 4450 488 4499 scribis
506 4448 537 4496 n.
561 4470 591 4482 -
611 4448 805 4512 aggrediarisne
823 4450 853 4500 lt.
876 4476 903 4487 -
934 4451 977 4501 ta.
996 4466 1036 4502 nse
1053 4454 1120 4502 enim
1138 4461 1244 4503 auctore
1264 4453 1284 4501 Ι.
1307 4478 1333 4488 -
1373 4454 1417 4503 to.
1437 4467 1501 4516 qna·

176 4537 236 4573 ram
254 4521 400 4572 delendum
421 4518 712 4568 videbaturErnestio.
732 4544 763 4554 —
801 4520 844 4569 22.
865 4521 1011 4571 oblectabar
1030 4522 1103 4572 mut.
1127 4548 1153 4558 -
1194 4524 1289 4572 hisdem
1308 4523 1344 4577 n.
1364 4523 1458 4572 eisdem
1476 4522 1498 4570 l.

177 4619 210 4629 -
228 4593 272 4644 26.
292 4596 435 4655 spectantes
451 4589 585 4638 scribisnus
604 4603 664 4637 cum
684 4588 759 4637 tibris
782 4588 833 4639 lli:
859 4592 995 4642 scribentes
1017 4599 1162 4653 spectamus
1188 4592 1238 4652 (er
1261 4593 1366 4655 Repeti.
1386 4587 1499 4654 Lsmh.)

179 4662 209 4712 ll.
242 4686 270 4696 -
308 4662 351 4711 28.
371 4667 395 4710 st
414 4662 443 4708 iss
460 4659 614 4722 quibasdam
631 4658 705 4708 lllltl.
736 4682 764 4692 -
802 4659 967 4710 mansneti.
1000 4684 1030 4695 -
1069 4675 1131 4712 aero
1148 4664 1212 4711 mihi
1230 4663 1252 4712 1.
1285 4685 1313 4695 -
1350 4662 1394 4712 29.
1414 4663 1500 4711 sedet

177 4733 313 4795 inspiciam
330 4731 366 4785 R,
394 4737 419 4779 st
437 4730 575 4790 inspiciam
598 4732 755 4791 Anonymus
780 4729 851 4791 apud
871 4729 1061 4780 Bentivolium.
1093 4755 1124 4766 -
1161 4732 1204 4782 30.
1224 4740 1370 4782 contemnat
1389 4733 1435 4782 111.
1467 4757 1498 4769 -

177 4803 220 4851 32·
239 4800 400 4864 pndoensde
417 4799 577 4850 htinutisua.
608 4822 636 4832 -
673 4797 716 4846 38.
736 4806 855 4847 nostram
872 4803 1107 4862 pernecessariam,
1131 4804 1200 4865 qaod
1219 4802 1379 4865 flerssgius.
1426 4803 1497 4853 Fert.

177 4880 295 4922 nostrsnn
311 4879 334 4922 st
350 4883 400 4933 pes
415 4884 442 4921 ss
458 4870 628 4919 necessarium
645 4875 669 4917 ss
690 4869 769 4931 qood.
806 4869 885 4918 Bssr.
