3256 5400
485 258 489 269 '
526 255 600 319 uu.
621 256 661 319 lb
703 257 764 320 ΕΡ.
784 256 836 320 26.
856 255 908 319 96.
930 255 982 319 27.
1002 258 1055 319 28.
1386 262 1446 324 183

133 421 203 488 ant,
225 411 336 476 eiiam
356 410 514 487 coniecta,
536 411 621 479 domi
643 423 715 480 tuae
739 419 798 488 sis,
820 435 861 478 ne
882 435 953 480 enm
975 415 1113 480 marimo
1139 416 1296 501 periculo,
1319 426 1353 480 ut
1370 416 1448 481 scri·

131 505 201 579 bis,
223 503 421 571 stultissimus
443 506 508 571 sisl
544 512 613 572 Non
639 506 778 573 arbitror
797 519 827 573 te
855 508 898 573 ita
920 508 1053 584 sentire;
1076 530 1183 574 omnes
1208 510 1291 574 enim
1313 519 1383 574 tuos
1406 509 1448 576 ad

130 597 256 664 laudem
271 597 406 682 impetus
422 600 506 665 novi.
550 601 684 678 Quodsi,
706 610 741 666 ut
758 601 886 677 scribis,
908 601 952 665 ita
965 600 1081 676 sentis,
1103 624 1166 667 non
1182 603 1280 686 magis
1302 613 1332 666 te
1352 624 1447 690 quam

131 691 223 757 dete
247 691 397 756 iudicium
419 693 617 778 reprehendo
638 716 753 760 meum.
803 701 846 760 Te
868 693 1059 779 adipiscendi
1079 695 1277 780 magistratus
1298 697 1448 764 levissimi

131 795 162 851 et
189 784 444 870 divulgatissimi,
482 787 509 851 si
530 788 571 852 ita
594 787 768 873 adipiscare
789 797 824 853 nt
853 789 1016 875 plerique,
1053 809 1264 875 praepropera
1292 790 1471 858 festinatio*

131 878 265 944 abducet
279 900 297 943 a
312 879 403 944 tantis
417 879 580 953 laudibus,
604 881 717 967 quibus
732 893 762 947 te
777 904 887 948 omnes
901 881 934 946 in
947 882 1066 947 caelum
1083 882 1152 947 iure
1174 894 1206 948 et
1226 905 1301 949 vere
1322 885 1448 951 lerunt?

132 971 257 1037 Scilicet
277 970 309 1038 id
330 972 449 1057 agitur,
480 983 584 1038 utrum
606 974 664 1039 hac
684 976 833 1062 petitione
854 997 895 1040 an
916 974 1062 1061 proxima
1086 987 1213 1060 praetor
1234 977 1308 1051 fias,
1331 1000 1394 1044 non
1414 987 1450 1044 ut

131 1066 175 1132 ita
191 1065 231 1131 de
244 1087 281 1130 re
295 1063 420 1151 publiea
433 1086 593 1140 mereare,
615 1069 701 1133 omni
715 1069 835 1135 honore
850 1079 885 1134 ut
899 1067 1098 1153 dignissimus
1116 1069 1264 1135 indicere.
1286 1076 1317 1136 3.
1340 1075 1450 1139 Utrum

132 1160 249 1235 neseis,
285 1181 379 1246 qnam
400 1160 461 1226 alte
482 1162 681 1228 ascenderis?
717 1185 756 1227 an
778 1184 836 1248 pro
858 1162 956 1226 nihilo
979 1162 1010 1225 id
1032 1168 1146 1247 putas?
1194 1163 1227 1229 si
1250 1163 1363 1236 nescis,
1393 1162 1450 1229 tibi

131 1251 278 1337 ignosco;
307 1274 366 1318 nos
393 1253 427 1318 in
447 1254 538 1340 eulpa
565 1276 688 1320 sumus:
721 1256 770 1321 sin
786 1255 952 1340 intelligis,
980 1254 1042 1320 ulla
1066 1253 1123 1319 tibi
1149 1266 1196 1320 est
1220 1266 1368 1342 praetura
1400 1258 1487 1322 vel¹⁹

132 1345 257 1420 officio,
293 1346 378 1434 qnod
397 1347 504 1433 pauci,
541 1349 590 1413 vel
610 1348 724 1434 gloria,
746 1371 838 1436 quam
861 1369 969 1414 omnes
990 1358 1179 1434 sequuntur,
1207 1350 1349 1415 dulcior?
1384 1353 1451 1416 Hac

132 1438 172 1504 de
194 1460 230 1504 re
251 1448 283 1504 et
301 1460 361 1525 ego
379 1450 410 1506 et
432 1441 599 1516 Calvisius,
630 1442 725 1508 homo
745 1443 848 1528 magni
872 1442 980 1507 indicii
1004 1443 1111 1529 tuique
1136 1443 1383 1519 amantissimus,
1419 1453 1450 1509 te

133 1552 314 1598 accusamus
335 1533 486 1620 qnotidie.
543 1535 674 1601 Comitia
696 1545 812 1607 umen,
842 1537 990 1622 quoniam
1015 1558 1056 1600 ex
1081 1536 1119 1601 iis
1147 1538 1277 1622 pendes,
1299 1548 1451 1626 quantum

132 1625 237 1690 iacere
261 1647 446 1712 possumus,
477 1627 563 1715 qnod
584 1628 690 1694 multis
706 1628 746 1694 de
767 1629 868 1694 causis
887 1627 1097 1714 reipublicae
1121 1631 1311 1698 arbitramur
1332 1630 1451 1697 eondu-

132 1739 224 1796 oere,
246 1725 279 1786 in
299 1720 478 1787 Ianuarium
499 1744 638 1788 mensem
659 1722 884 1808 protrudimns.
926 1724 1023 1790 Vince
1044 1724 1141 1809 igitur
1162 1736 1194 1792 et
1214 1726 1293 1791 vale.
1462 1728 1488 1767 ¹⁸

571 1885 696 1946 XXVII.
739 1879 786 1966 (A.
814 1885 846 1947 U.
869 1885 902 1946 C.
924 1879 1009 1956 711.)

611 2005 754 2070 CICERO
777 2005 921 2069 LEPIDO
944 2006 976 2069 S.

218 2127 246 2186 1.
281 2121 374 2200 Quod
400 2123 477 2187 mihi
499 2144 556 2208 pro
578 2146 699 2189 summa
730 2145 805 2210 erga
827 2134 858 2190 te
878 2124 1094 2191 benevolentia
1116 2145 1247 2209 magnae
1267 2145 1362 2190 curae
1384 2134 1450 2201 est,

133 2225 168 2282 nt
195 2235 289 2302 qnam
325 2215 514 2301 amplissima
543 2217 691 2302 dignitate
724 2217 786 2292 sis,
822 2218 953 2283 moleste
966 2218 1036 2299 5tuli
1058 2226 1088 2281 te
1109 2218 1229 2283 senatui
1251 2220 1365 2303 gratias
1388 2241 1451 2285 non

134 2310 256 2395 egisse,
278 2329 349 2374 cum
370 2330 455 2374 esses
481 2308 519 2375 ab
543 2332 582 2377 eo
602 2312 711 2376 ordine
734 2319 862 2376 ornatus
885 2312 1015 2378 summis
1035 2310 1218 2376 honoribus.
1261 2312 1348 2377 Pacis
1370 2312 1489 2378 insero

133 2403 218 2468 cives
240 2401 450 2468 conciliandae
470 2412 502 2468 te
529 2404 676 2490 cupidum
697 2425 766 2469 esse
789 2404 900 2470 laetor.
942 2409 1018 2469 Eam
1040 2403 1067 2468 si
1088 2425 1106 2467 a
1127 2404 1277 2468 servitute
1302 2405 1451 2490 seiungis,

134 2495 277 2562 consules
299 2505 330 2560 et
345 2496 393 2560 rei
412 2494 556 2582 publicae
577 2508 608 2561 et
622 2497 764 2582 dignitati
784 2506 873 2574 tuae;
896 2498 944 2563 sin
965 2497 1024 2562 ista
1039 2517 1101 2581 pax
1116 2496 1273 2582 perditum
1293 2497 1452 2563 hominem

134 2590 167 2654 in
193 2589 423 2674 possessionem
452 2590 702 2675 impotentissimi
733 2589 911 2656 dominatus
944 2590 1125 2655 restitutura
1160 2597 1221 2663 est,
1254 2589 1314 2654 hoc
1347 2591 1452 2655 animo
1529 2630 1533 2637 -

133 2682 212 2746 scito
241 2701 348 2746 omnes
392 2702 501 2758 sanos,
539 2691 574 2748 nt
607 2691 741 2749 mortem
777 2684 920 2749 servituti
949 2691 1147 2768 anteponant.
1205 2686 1236 2746 ι.
1265 2688 1371 2770 ltaque
1404 2704 1452 2748 sa·

132 2775 286 2861 pientius,
309 2796 381 2841 meo
406 2775 533 2863 quidem
559 2777 693 2850 iudicio,
716 2777 830 2852 iacies,
853 2778 879 2842 si
901 2787 932 2842 te
952 2779 985 2842 in
1011 2777 1101 2841 istam
1121 2775 1366 2861 pacificationem
1388 2794 1452 2840 non
1465 2790 1492 2829 υ

133 2868 331 2955 interpones,
364 2891 444 2956 quae
467 2891 568 2956 neque
590 2871 710 2935 senatui
731 2891 832 2956 neque
853 2871 972 2956 popnlo
987 2890 1045 2935 nec
1065 2869 1209 2956 cuiquam
1230 2868 1315 2933 bono
1336 2865 1452 2952 proba·

135 2971 197 3027 tur.
241 2964 301 3028 Sed
320 2963 396 3028 haec
423 2963 530 3028 audies
551 2985 591 3028 ex
611 2963 680 3028 aliis
698 2975 753 3029 ant
774 2965 894 3030 certior
917 2963 972 3029 hes
987 2963 1109 3030 litteris.
1151 2969 1199 3028 Tu
1221 2983 1280 3047 pro
1306 2970 1359 3027 tna
1373 2982 1449 3048 pru·

135 3055 255 3132 dentia,
279 3056 355 3144 quid
376 3057 529 3144 optimum
550 3056 633 3121 iactu
655 3056 713 3132 sit,
736 3057 867 3124 ridebis.

574 3218 715 3280 suun.
758 3214 807 3298 (A.
833 3220 864 3282 u.
888 3219 920 3281 c.
941 3215 1026 3290 ιιι.)

588 3337 730 3402 cranao
752 3336 951 3412 ruaeonro
974 3339 1006 3402 s.
1463 3361 1491 3402 a

223 3461 250 3522 1.
273 3453 375 3535 Quam
399 3455 510 3521 vellem
531 3454 571 3520 ad
596 3455 665 3520 illas
689 3456 913 3542 pulcherrimas
940 3457 1047 3543 epulas
1065 3475 1115 3522 me
1136 3456 1242 3522 Idibus
1265 3455 1384 3522 Martiis
1407 3456 1455 3520 in-

136 3550 279 3617 vitasses!
301 3549 514 3636 Reliquiarnm
535 3549 611 3614 nihil
630 3547 828 3615 haberemus.
871 3554 910 3614 ht
930 3569 1011 3614 nunc
1037 3570 1108 3615 cum
1133 3550 1174 3615 iis
1197 3558 1316 3615 tantum
1338 3547 1456 3633 negotii

136 3654 203 3720 est,
236 3653 270 3708 nt
291 3654 429 3709 vestrum
457 3641 534 3708 illud
562 3642 702 3708 divinum
736 3644 768 3709 in
790 3664 858 3708 rem
880 3641 1036 3729 publicam
1059 3642 1245 3709 beneficium
1273 3641 1454 3708 nonnullam

136 3736 249 3803 habeat
277 3737 448 3824 querelam.
500 3734 594 3814 Quod
616 3756 693 3801 vero
720 3758 738 3801 a
773 3745 824 3810 te,
847 3737 917 3802 viro
942 3736 1077 3823 optimo,
1101 3737 1246 3802 seductus
1268 3745 1315 3799 est
1336 3744 1454 3820 tuoque

135 3829 290 3897 beneficio
308 3830 409 3896 adhuc
432 3829 511 3895 vivit
529 3829 607 3894 baec
629 3829 742 3915 pestis,
764 3829 939 3905 interdurn,
961 3831 1047 3917 quod
1070 3830 1146 3895 mihi
1171 3829 1226 3894 rix
1249 3827 1296 3893 sas
1311 3837 1374 3902 est,
1396 3825 1453 3892 tibi
1467 3853 1495 3897 ιι

136 3921 326 3990 subirascor.
368 3921 443 3989 Mihi
462 3922 545 3987 enim
560 3922 676 4008 negotii
692 3924 763 4010 plus
781 3922 935 4009 reliquisti
956 3924 1011 3988 uni
1029 3941 1122 4010 quam
1136 3930 1262 4008 praeter
1281 3940 1332 3985 me
1354 3918 1456 3984 omni-

136 4015 206 4082 bus.
248 4021 286 4100 Ut
305 4017 387 4081 enim
408 4016 544 4103 primum
562 4027 634 4103 post
648 4015 773 4081 Antonii
790 4014 1004 4081 foedissimum
1022 4015 1193 4080 discessum
1207 4022 1332 4079 senatus
1346 4011 1456 4079 haberi

137 4108 238 4176 libere
256 4110 373 4195 potuit,
408 4108 447 4174 ad
467 4109 557 4174 illum
580 4109 719 4174 animum
740 4130 846 4174 meum
868 4109 987 4174 reverti
1009 4109 1193 4195 pristinum,
1216 4126 1310 4194 quem
1330 4114 1366 4171 tn
1385 4126 1456 4171 eum

137 4203 197 4270 civi
224 4203 397 4278 acerrimo,
435 4211 524 4289 patre
549 4210 621 4277 tuo,
657 4200 689 4266 in
719 4222 775 4268 ore
806 4211 837 4265 et
859 4222 967 4266 amore
991 4221 1117 4287 semper
1139 4200 1284 4265 habuisti.
1327 4202 1357 4264 ι.
1380 4205 1456 4264 Nam

137 4316 208 4361 cum
241 4305 382 4363 senatum
414 4316 442 4361 a.
471 4294 502 4361 d.
534 4312 613 4360 xrrr.
635 4293 789 4360 Kalendas
817 4294 976 4359 lanuarias
1005 4293 1122 4361 tribuni
1154 4293 1239 4381 plebi
1260 4292 1495 4358 vocavissenteo

137 4389 240 4477 deque
266 4391 327 4456 aha
356 4411 392 4455 re
421 4389 596 4463 referrent,
629 4397 725 4468 totam
751 4409 818 4452 rem
847 4385 1003 4473 publicam
1034 4409 1102 4453 sum
1127 4387 1309 4474 com'plexus
1343 4387 1457 4473 egique

207 4602 234 4650 1.
266 4605 326 4649 tuoe
343 4600 412 4649 etone
429 4600 546 4649 monimo
565 4612 606 4662 pr.
625 4598 672 4660 hl,
701 4604 762 4647 tuae
787 4596 841 4643 elne
865 4597 983 4644 mammo
1007 4609 1077 4647 corr.
1105 4597 1142 4648 hl.
1171 4595 1241 4659 (com
1266 4601 1307 4645 eet
1332 4594 1359 4644 ln
1387 4607 1458 4643 mer·

137 4666 224 4733 gine.)
256 4693 287 4704 -
332 4669 358 4718 8.
378 4669 495 4719 indicare
521 4668 559 4720 hl.
590 4694 617 4705 -
657 4668 701 4718 1³.
720 4665 908 4730 quesumus:
935 4667 1040 4729 quondo
1063 4667 1093 4716 ll.
1124 4692 1154 4703 -
1190 4669 1223 4715 ιιι
1240 4666 1289 4715 u:
1316 4665 1355 4713 ιιι
1373 4663 1404 4713 Ε.
1424 4688 1456 4700 -

139 4741 182 4790 15.
202 4741 274 4790 Fert.
298 4740 372 4790 Vtoce
389 4740 471 4804 tpttor
488 4745 513 4788 te
531 4746 555 4789 et
572 4739 640 4788 vole.
659 4737 710 4788 Οιι.
731 4762 763 4772 -
792 4734 836 4783 18.
855 4748 979 4798 prem
996 4749 1097 4785 mmmo
1114 4737 1261 4788 Manutius.
1297 4732 1390 4784 hlallm
1405 4745 1458 4797 pro
1513 4798 1515 4802 Α

137 4822 322 4859 mammea.
341 4808 445 4859 0a.-
481 4809 526 4871 21,
545 4804 890 4874 conquiramusque
918 4829 945 4840 -
975 4804 1019 4854 ιι.
1040 4801 1456 4858 οιιιιιιίιιιιιιιιιιιιιιι.-

138 4877 184 4930 ιι.
201 4881 376 4943 interponeres
393 4878 432 4930 hl.
453 4901 484 4914 -
520 4878 565 4930 ιι.
583 4879 616 4929 ιιι
635 4878 680 4929 hl:
708 4877 747 4926 ιιιι
766 4873 797 4924 Ε.
819 4895 846 4908 -
904 4872 929 4925 ι.
946 4874 1063 4926 domm
1080 4891 1136 4942 rep.
1155 4875 1192 4930 ll.
