3256 5400
180 222 240 298 ¹50
608 230 882 296 EPlSTOththl
902 230 957 294 hl)
976 228 1066 296 vlit.

177 410 248 455 rum
276 389 415 461 illorum,
452 408 531 472 quos
560 386 643 472 apud
670 388 807 452 Niciamt
844 395 875 450 et
901 386 1072 470 ingentium
1101 387 1272 468 †cularum
1293 403 1364 450 cum
1385 385 1495 472 sophla

177 482 353 567 septimae?
396 478 479 558 Quid
516 486 614 565 orgo?
647 489 679 544 tu
708 479 787 544 adeo
818 479 895 544 mihi
924 501 1087 545 excussam
1122 480 1320 545 severitatem
1356 489 1497 544 veterem

177 585 282 660 putas,
315 584 350 638 ut
370 594 409 638 ne
431 573 462 637 in
484 572 556 637 foro
578 573 703 659 quidem
725 573 876 659 reliquiae
897 573 1047 659 pristinae
1068 573 1180 639 frontis
1208 578 1397 660 appareant?
1434 572 1497 639 Sed

178 679 279 733 tamen
301 667 516 732 suavissimum
539 668 723 751 συμβιωτήν
745 677 887 731 nostrum
910 666 1075 752 praestabo
1098 666 1299 751 integellum
1332 687 1391 731 nec
1411 687 1498 731 comd

155 761 309 835 amittam,
332 768 379 833 ut,
403 759 428 823 si
450 780 509 838 ego
532 781 604 824 eum
625 758 855 832 condemnaro,
879 769 912 825 tu
927 761 1089 833 restituas,
1112 783 1152 825 ae
1168 759 1280 824 habeat
1294 765 1393 824 Bursa
1407 760 1499 826 Plan-

178 874 247 927 cus,
280 851 362 937 apud
385 874 478 938 quem
500 853 617 918 litteras
640 852 745 918 discat.
794 859 824 918 3.
848 854 909 918 Sed
931 855 1006 942 quid
1028 860 1110 939 ago‘l
1143 875 1214 918 cum
1236 851 1313 916 mihi
1335 853 1374 917 sit
1395 854 1498 919 incen-

176 956 261 1021 tum,
298 946 504 1031 tranquillone
532 946 575 1011 sis
605 946 729 1024 auimo,
766 968 804 1011 an
834 958 868 1012 ut
889 948 921 1012 in
943 948 1026 1013 bello
1048 947 1079 1011 in
1102 948 1206 1032 aliqua
1228 946 1399 1011 maiuscula
1421 969 1498 1015 cura

177 1039 343 1124 negotiove
370 1060 511 1112 versere,
542 1039 632 1104 labor
657 1041 790 1124 longius.
845 1043 922 1105 Cum
944 1043 1040 1127 igitur
1067 1040 1142 1105 mihi
1166 1040 1227 1105 erit
1248 1039 1445 1125 exploratum
1467 1053 1498 1109 ta

77 1172 84 1181 ·
177 1133 310 1199 libenter
330 1154 399 1209 csse
419 1133 574 1205 risurum,
597 1131 729 1198 scribam
744 1134 783 1198 ad
805 1143 834 1198 te
848 1133 1001 1218 pluribus.
1045 1142 1088 1201 Te
1111 1143 1212 1198 tamen
1234 1131 1295 1196 hoc
1316 1137 1397 1201 scire
1413 1138 1497 1213 volo,

143 1239 168 1295 tt
178 1226 378 1290 vehementer
410 1226 559 1312 populum
590 1227 756 1293 sollicitum
791 1226 887 1291 luisse
916 1226 955 1291 de
982 1233 1015 1293 P.
1045 1229 1148 1295 Sullae
1179 1235 1296 1298 morte,
1330 1238 1498 1316 antequam

177 1330 297 1386 certum
323 1319 438 1384 scierit.
495 1324 581 1384 Nunc
602 1342 755 1406 quaerere
778 1320 952 1395 desierunt,
988 1323 1149 1408 quomodo
1171 1321 1315 1409 perierit;
1345 1324 1419 1387 satis
1440 1344 1496 1409 pu-

178 1423 245 1479 tant
272 1435 305 1478 sc
334 1413 430 1488 scire,
458 1412 544 1500 quod
569 1415 679 1479 scium.
735 1418 802 1499 Ego
829 1419 989 1500 ceteroqui
1019 1415 1124 1481 animo
1152 1431 1254 1499 aequo
1277 1417 1364 1495 ler03
1401 1431 1500 1481 unum

179 1526 313 1580 vereor,
335 1527 374 1571 ne
396 1506 482 1572 hasta
504 1508 645 1573 Caesaris
666 1507 837 1574 refrixerit.

653 1651 708 1712 ar.
752 1646 799 1729 (A.
826 1652 859 1714 u.
882 1652 914 1714 c.
937 1647 1022 1730 aaa.)

145 1777 170 1818 a
601 1762 743 1825 arcano
765 1762 1025 1827 nonientana
1048 1764 1079 1826 s

269 1877 297 1938 1.
329 1872 388 1939 Vel
413 1891 484 1935 meo
511 1870 609 1957 ipsius
629 1871 756 1937 interitu
778 1873 902 1938 mallem
923 1872 1041 1937 litteras
1067 1891 1152 1937 meas
1182 1871 1378 1939 desiderares
1406 1893 1500 1960 quam

180 1990 220 2035 eo
242 1989 329 2039 casu,
367 1985 430 2050 quo
452 1985 521 2028 sum
542 1963 726 2048 gravissime
747 1967 896 2043 alllictus;
929 1986 1023 2051 quern
1045 1964 1162 2030 serrem
1183 1975 1269 2030 certe
1290 1967 1500 2040 moderatius,

180 2063 206 2129 si
228 2072 259 2126 te
281 2058 439 2126 haberem.
488 2063 566 2122 Nam
587 2066 619 2121 et
639 2059 742 2125 oratio
763 2070 815 2125 tua
836 2059 976 2145 prudens
998 2068 1029 2124 et
1050 2080 1141 2123 amor
1162 2081 1238 2145 erga
1259 2081 1310 2124 me
1332 2058 1501 2144 singularia

180 2155 312 2220 multum
333 2153 462 2216 levaret.
518 2150 581 2216 Sed
602 2151 750 2237 quoniam
771 2151 861 2217 brevi
885 2161 1040 2238 tempore,
1067 2161 1103 2217 ut
1124 2152 1231 2238 opinio
1253 2162 1361 2217 nostra
1382 2162 1446 2225 est,
1469 2161 1501 2217 te

142 2268 250 2314 casum
272 2246 412 2318 visurus,
441 2243 483 2307 ita
505 2264 556 2308 me
578 2243 722 2310 allectum
751 2245 907 2319 offendes,
935 2254 971 2310 ut
992 2246 1124 2310 multum
1150 2266 1168 2309 a
1189 2254 1220 2309 te
1241 2249 1358 2331 possim
1380 2245 1501 2324 iuvari3

181 2358 244 2406 aon
266 2359 330 2426 quo
352 2343 394 2403 ita
415 2337 473 2401 sim
495 2336 626 2412 fractus,
663 2346 697 2403 ut
718 2349 772 2403 aut
792 2338 950 2404 hominem
979 2360 1029 2403 me
1052 2360 1120 2403 esse
1142 2337 1258 2403 oblitus
1280 2338 1339 2402 sim
1361 2348 1414 2403 aut
1435 2339 1502 2404 for·

181 2443 274 2498 tunae
298 2429 562 2496 succumbendum
582 2438 706 2516 putem;
728 2432 782 2497 sed
805 2441 906 2497 tamen
929 2432 1068 2497 hilaritas
1089 2431 1142 2496 illa
1163 2441 1269 2496 nostra
1291 2441 1323 2495 et
1344 2432 1501 2509 suavitas,

181 2546 261 2614 quae
284 2534 312 2590 te
335 2535 459 2611 praeter
480 2531 601 2588 ceteros
623 2522 811 2598 delectabat,
844 2534 951 2612 erepta
980 2527 1056 2592 mihi
1078 2527 1179 2591 omnis
1202 2536 1258 2592 est.
1309 2528 1501 2592 Firmitatem

182 2630 285 2684 umen
307 2628 338 2683 et
359 2616 577 2690 constantiam,
612 2618 639 2682 si
661 2618 756 2683 modo
777 2618 836 2684 luit
856 2620 1023 2707 aliquando
1045 2620 1077 2685 in
1099 2618 1206 2693 nohis,
1230 2620 1361 2686 eandem
1382 2639 1503 2704 cogno-

144 2732 263 2787 easces,
297 2732 390 2798 quam
419 2709 582 2795 reliquisti.
625 2714 655 2776 2.
678 2711 772 2788 Quod
800 2713 910 2778 scribis
932 2714 1053 2800 proelia
1075 2721 1105 2778 te
1126 2734 1197 2778 mea
1218 2735 1311 2779 causa
1331 2713 1501 2789 sustinere,

183 2824 246 2872 aon
267 2812 330 2869 tam
351 2803 383 2867 id
403 2801 531 2875 laboro,
561 2812 611 2879 ut,
639 2804 664 2869 si
687 2808 741 2891 qui
762 2805 839 2870 mihi
861 2805 1051 2881 obtrectent,
1079 2815 1149 2871 ate
1171 2808 1369 2881 refutentur,
1407 2828 1501 2894 quam

182 2897 313 2983 intelligi
334 2897 442 2982 cupio.
465 2895 549 2982 quod
571 2906 656 2962 certe
677 2899 876 2982 intelligitur,
905 2920 955 2964 me
977 2923 994 2965 a
1018 2912 1047 2967 te
1068 2899 1177 2964 amari.
1221 2899 1315 2978 Quod
1337 2909 1372 2965 ut
1392 2899 1502 2972 facias,

184 3001 214 3056 te
236 2992 328 3055 etiam
350 3000 442 3077 atque
464 2995 557 3055 etiam
578 3012 658 3076 rogo
680 2992 885 3079 ignoscasque
903 2992 1047 3059 brevitati
1062 2995 1237 3058 litterarum
1253 3015 1408 3071 mearum;
1430 3013 1503 3057 nam

184 3094 215 3149 et
236 3085 381 3149 celeriter
406 3104 467 3149 una
498 3083 621 3149 laturos
654 3106 710 3151 nos
740 3086 878 3152 arbitror
899 3098 930 3153 et
951 3089 1090 3153 nondum
1115 3087 1189 3152 satis
1210 3086 1411 3153 confirmatus
1433 3105 1503 3152 enm

146 3179 222 3248 aoad
244 3178 453 3243 scribendum.

649 3297 720 3358 an.
762 3289 813 3374 (A.
840 3297 872 3358 u.
895 3296 927 3358 e.
949 3297 1038 3376 roa.)

624 3397 766 3461 alcano
788 3398 1058 3462 nuenarianae.

271 3511 299 3571 1.
333 3506 480 3571 Gratulor
500 3506 583 3570 Bniis
615 3507 745 3581 nostris,
781 3506 951 3592 siquidem,
984 3517 1020 3573 ut
1047 3507 1174 3582 scribis,
1207 3507 1349 3573 salubres
1373 3514 1504 3591 repente

184 3601 281 3664 laetae
314 3608 403 3677 sunt;
440 3598 500 3664 nisi
522 3598 602 3663 sorte
624 3608 654 3663 te
675 3608 778 3664 amant
799 3611 831 3666 et
852 3599 905 3665 tibi
931 3612 1128 3667 assentantur
1149 3612 1180 3667 ct
1202 3600 1336 3675 mmdiu,
1372 3599 1447 3664 dum
1470 3607 1505 3662 tu

146 3692 275 3773 „adea
309 3703 380 3757 sunt
399 3692 513 3757 oblitae
535 3693 594 3757 sui.
652 3693 745 3771 Quod
767 3693 893 3778 quidem
915 3695 941 3758 si
963 3694 1004 3758 ita
1028 3704 1088 3769 est,
1112 3695 1239 3760 minime
1261 3700 1361 3760 miror
1383 3693 1504 3757 caelum

184 3787 276 3853 etiarn
299 3796 331 3851 et
351 3795 453 3852 terras
474 3787 539 3851 vim
551 3786 665 3860 suam,
697 3786 723 3851 si
747 3785 799 3850 tibi
822 3787 864 3852 ita
887 3791 1064 3862 conveniat,
1094 3788 1261 3855 dimittere.
1304 3793 1335 3854 2.
1358 3787 1506 3853 Oratiun-

183 3882 286 3947 culam
306 3901 366 3967 pro
387 3881 553 3956 Deiotaro,
576 3902 669 3967 quam
690 3878 891 3966 requirebas,
920 3880 1072 3945 habebam
1094 3903 1232 3954 mecum,
1255 3881 1341 3968 quod
1362 3901 1426 3946 non
1448 3899 1506 3964 pu·

184 3983 293 4041 taram.
336 3979 443 4061 ltaque
464 3996 533 4039 eam
555 3974 613 4039 tihi
634 3973 720 4051 misi;
750 3996 844 4059 quam
865 3974 959 4038 velim
980 3979 1025 4040 sic
1046 3975 1145 4059 legas,
1174 3985 1209 4039 ut
1230 3996 1355 4039 causam
1377 3983 1506 4038 tenuem

185 4077 218 4135 et
238 4072 363 4154 inopem
384 4088 442 4132 nec
463 4068 632 4153 scriptione
654 4087 767 4153 magno
789 4088 887 4153 opere
918 4067 1052 4153 dignam.
1103 4068 1165 4134 Sed
1186 4089 1246 4152 ego
1268 4069 1384 4155 hospiti
1406 4065 1507 4133 veteri

148 4171 217 4239 anet
231 4163 331 4226 amico
347 4162 565 4226 munusculum
581 4165 702 4226 mittere
721 4161 805 4226 volui
820 4160 979 4226 levidense
993 4183 1099 4228 crasso
1114 4161 1186 4236 lilo,
1210 4160 1387 4228 cuiusmodi
1407 4158 1506 4245 ipsius

257 4308 282 4355 l.
302 4307 418 4354 cularum
430 4304 472 4355 M:
486 4305 639 4368 mutilorum
648 4302 677 4360 li,
688 4305 848 4355 cochlearum
857 4307 941 4356 Codd.
952 4307 1063 4369 aliquot,
1077 4308 1223 4357 auliatenam
1235 4307 1331 4360 Aldus,
1344 4304 1507 4369 palliatarum

187 4375 344 4426 Lambinus.
363 4401 396 4410 —·
414 4390 471 4424 cam
483 4376 574 4436 rophia
592 4378 715 4437 septimae
727 4375 772 4425 M:
792 4391 849 4425 eum
861 4375 959 4437 Sophia
970 4376 1111 4439 Septimiae
1124 4377 1160 4438 li,
1178 4392 1237 4426 cum
1248 4379 1320 4439 sepia
1332 4375 1473 4436 Septimiae
1482 4371 1505 4422 l.

186 4447 230 4497 Fr.
252 4445 413 4495 Gronovius.
440 4470 474 4478 -
509 4445 535 4493 3.
554 4448 656 4508 quidem
674 4446 783 4494 abeata
806 4446 842 4495 Μ.
881 4447 952 4495 Fort.
973 4449 1150 4512 aeciusaro.
1170 4447 1210 4497 ct.
1232 4448 1313 4496 Tusa.
1334 4447 1364 4504 1,
1385 4443 1439 4504 26,
1459 4442 1505 4493 ⁶5.

187 4516 271 4569 Acad.
292 4518 317 4575 l,
338 4516 365 4576 2,
384 4515 411 4565 ’1.
431 4515 511 4566 Barr.
531 4539 562 4549 -
583 4517 626 4566 11.
645 4517 720 4565 sciret
739 4516 961 4577 malagmatum.
981 4543 1016 4551 -
1040 4518 1082 4567 11.
1096 4524 1180 4568 cetera
1198 4519 1242 4582 qui
1255 4530 1325 4566 corr.
1338 4528 1377 4564 rc.
1391 4512 1429 4563 Μ.
1449 4506 1505 4564 Clr.

188 4585 266 4638 uaria
285 4586 365 4636 Ture.
386 4585 421 4635 ll.
441 4600 468 4648 p.
487 4584 532 4634 dd.
558 4611 592 4621 -
628 4586 671 4635 17.
691 4582 730 4648 eo]
750 4599 796 4650 epo
814 4586 851 4636 Μ.
880 4611 914 4620 -
951 4588 993 4637 ta.
1019 4588 1131 4637 muttum
1153 4601 1192 4636 me
1210 4587 1308 4637 levaret
1326 4583 1452 4634 Rutilius.
1471 4608 1503 4620 -—

186 4655 231 4707 2⁰.
256 4668 361 4718 paream
387 4669 428 4717 pr.
455 4655 492 4706 Μ.
524 4675 557 4689 ⁶-
593 4654 636 4704 2¹1.
663 4655 826 4719 intellepetur
844 4656 892 4706 Vh.
919 4682 953 4692 -
989 4658 1033 4708 29.
1053 4671 1109 4706 eum
1127 4658 1201 4706 abeat
1220 4670 1236 4707 a
1255 4657 1292 4707 Μ.
1311 4681 1346 4691 -
1381 4654 1426 4705 35.
1447 4653 1507 4706 abes

187 4723 225 4776 Μ.
245 4751 278 4761 -
312 4724 357 4776 to.
376 4724 447 4774 uolui
465 4725 540 4774 abest
558 4737 573 4773 e
591 4724 629 4774 Μ.
653 4748 683 4759 -
720 4724 843 4787 levipenee
861 4726 978 4776 malebat
995 4728 1144 4786 Victorius,
1165 4727 1214 4776 leui
1229 4739 1310 4788 pecua
1323 4723 1506 4776 Burmannus.

187 4793 242 4847 ca.
263 4794 328 4845 laid.
347 4793 439 4857 origg.
459 4795 508 4854 aa,
527 4794 572 4843 11.
609 4794 675 4844 Vide
699 4799 807 4851 tamen,
834 4808 869 4846 na
888 4797 988 4846 mirum
1016 4797 1086 4846 istud
1111 4796 1273 4846 vocabulum
1300 4802 1389 4847 ortum
1419 4795 1453 4846 eit
1475 4804 1507 4848 ex

186 4866 258 4918 ualui
273 4865 327 4917 iam
345 4869 471 4928 corrupto
489 4864 637 4930 Ciceroque
654 4864 791 4929 scripserit
808 4868 910 4918 mittere
929 4868 1000 4916 uolat
1017 4868 1096 4918 mmo
1113 4873 1138 4918 et
1155 4880 1243 4917 maara
1261 4865 1315 4931 plo.
1342 4865 1392 4917 Oa.
