3256 5400
618 250 693 314 us.
714 252 755 315 Χ.
795 251 855 315 lttt
876 250 928 314 24.
1375 257 1433 322 181

120 407 198 474 sidia
218 405 410 492 respublica
428 405 521 471 habet
543 407 705 495 expedita,
728 407 842 496 quihm
863 406 966 475 subito
990 409 1109 497 impetu
1125 434 1163 478 ac
1182 413 1346 481 latrocinio
1363 435 1436 501 par-

119 502 290 570 ricidarum
312 502 446 567 resistat.
500 502 612 588 Copias
643 523 721 568 vero
752 510 875 568 nostras
902 512 991 568 notas
1013 503 1070 570 tihi
1099 527 1168 572 esse
1198 507 1345 573 arbitror.
1399 512 1437 573 ln

119 595 228 662 cestris
249 595 328 660 meis
358 595 499 681 legiones
520 604 593 662 sunt
618 605 784 662 veteranae
804 604 883 668 tres,
906 596 1044 661 ὶὶιοιιιιιιι
1061 598 1113 664 vel
1129 599 1373 667 luculentissima
1394 622 1435 667 ex

119 688 266 755 omnibus
293 710 370 767 una3
406 688 439 753 in
463 689 574 755 castris
596 690 685 755 Bruti
710 710 772 754 una
797 698 944 755 veterana
966 689 1066 775 legio,
1096 693 1193 758 altera
1224 695 1326 770 bima,
1363 704 1435 762 octo

121 782 271 848 tironum.
335 786 381 847 lta
408 783 575 848 universus
611 782 768 848 exercitus
796 803 929 847 numero
955 783 1165 869 amplissimus
1196 799 1263 864 est,
1291 789 1459 856 firmitate't

123 875 267 960 exignus.
310 877 468 952 Quantum
485 885 588 940 autem
608 880 639 940 in
653 878 718 942 acie
733 876 829 941 tironi
842 876 883 940 sit
903 877 1173 957 committendum,
1195 883 1325 950 nimium
1343 905 1437 971 saepe

122 978 287 1056 expertum
309 967 470 1034 habemus.
527 973 557 1034 4.
579 969 626 1034 Ad
648 969 708 1034 hoc
728 967 829 1033 robur
849 978 1030 1034 nostrornm
1052 975 1247 1041 exercituum
1269 983 1334 1043 sive
1355 979 1438 1044 atri-

119 1085 215 1130 canua
246 1063 421 1136 exercitus,
455 1063 509 1149 qui
538 1073 584 1128 est
613 1073 792 1137 veteranus,
823 1063 889 1128 sive
920 1067 1060 1131 Caesaris
1097 1071 1297 1147 accessisset,
1335 1095 1436 1160 aequo

120 1159 225 1224 animo
254 1178 406 1224 summam
437 1177 505 1221 rem
530 1156 686 1242 publicam
712 1157 744 1221 in
777 1156 944 1221 discrimen
975 1157 1211 1227 deduceremus.
1268 1165 1435 1254 Aliquanto

119 1263 222 1319 autem
243 1251 375 1338 propius
397 1273 465 1316 esse
487 1251 573 1337 quod
595 1255 760 1316 Caesarem
781 1248 977 1326 videbamus,
1009 1253 1085 1318 nihil
1106 1254 1208 1321 destiti
1231 1279 1304 1324 enm
1324 1260 1434 1325 litteris
1447 1272 1473 1311 ¹⁰

118 1345 255 1420 hortari,
278 1365 379 1430 neque
400 1344 452 1408 ille
474 1344 640 1410 intermisit
660 1344 815 1409 affirmare
836 1365 870 1408 se
884 1348 952 1409 sine
970 1368 1059 1411 mora
1072 1348 1196 1428 venire;
1220 1370 1290 1416 curn
1309 1352 1435 1418 interim

118 1460 265 1505 aversum
290 1438 379 1504 illum
406 1437 445 1502 ab
478 1437 535 1503 hac
562 1436 750 1523 cogitatione
776 1438 815 1503 ad
842 1438 902 1503 alia
929 1440 1056 1505 consilia
1087 1442 1179 1507 video
1201 1464 1234 1508 se
1256 1445 1434 1512 contulisse.

118 1539 186 1618 Ego
207 1543 310 1598 tamen
331 1532 370 1598 ad
392 1552 464 1597 emn
485 1536 635 1597 Furnium
657 1542 797 1597 nostrum
820 1552 890 1597 cum
912 1533 1065 1599 mandatis
1091 1536 1264 1622 litterisque
1285 1537 1371 1610 misi,
1408 1537 1435 1604 si

119 1626 194 1714 quid
225 1626 307 1691 lortc
339 1624 494 1711 proficere
521 1634 636 1712 posset.
690 1631 720 1690 5.
742 1626 809 1689 Scis
831 1633 880 1700 tu,
910 1626 954 1690 mi
975 1627 1103 1704 Cicero,
1126 1629 1211 1717 quod
1232 1629 1271 1695 ad
1294 1631 1435 1697 Caesaris

118 1740 258 1785 amorem
280 1719 404 1796 attinet,
440 1719 621 1785 societatem
642 1717 717 1783 mihi
747 1739 815 1782 esse
844 1727 963 1785 tecum:
996 1721 1045 1785 vel
1067 1723 1153 1807 quod
1174 1724 1207 1788 in
1228 1723 1434 1791 familiaritate
1447 1736 1472 1777 ¹⁵

119 1812 276 1890 Caesaris,
310 1813 385 1879 vivo
411 1813 481 1888 illo,
519 1813 582 1878 iam
609 1811 691 1877 tueri
723 1832 795 1876 eum
821 1819 853 1875 et
874 1810 1005 1896 diligere
1026 1812 1086 1877 luit
1106 1815 1184 1880 milri
1204 1838 1350 1896 necesse;
1383 1817 1434 1884 vel

118 1905 204 1993 quod
232 1905 316 1993 ipae,
353 1905 457 1992 quoad
485 1926 545 1990 ego
574 1925 666 1970 nosse
695 1903 803 1992 potui,
838 1905 1081 1973 moderatissimi
1106 1917 1200 1994 atque
1221 1910 1435 1977 humanissimi

118 2001 177 2066 luit
198 2021 327 2079 sensus;
363 2000 414 2065 vel
435 1999 520 2085 quod
548 2020 590 2064 ex
611 2010 673 2064 tam
693 1998 807 2084 insigni
829 1999 964 2065 amicitia
984 2022 1054 2067 mea
1075 2010 1169 2089 atquc
1192 2005 1332 2070 Caesaris
1353 2004 1436 2071 hunc

117 2093 176 2159 filii
202 2094 274 2159 loco
301 2101 333 2159 et
365 2093 449 2158 illius
481 2103 513 2159 et
543 2103 649 2159 vestro
678 2091 796 2158 iudicio
828 2092 1027 2159 substitutum
1055 2117 1118 2162 uon
1152 2098 1285 2183 proinde
1320 2097 1435 2164 habere

119 2195 211 2274 turpe
237 2187 314 2252 mihi
339 2187 473 2253 videtur.
529 2191 558 2252 6.
582 2185 663 2259 Sed,
698 2186 849 2274 quidquid
869 2186 927 2252 tibi
948 2187 1070 2262 scribo,
1093 2190 1235 2257 dolenter
1255 2191 1471 2258 meherculett

118 2280 217 2365 magis
238 2302 331 2368 quam
363 2280 488 2345 inimice
520 2280 613 2345 facio.
657 2279 751 2356 Quod
772 2279 851 2344 vivit
871 2282 1023 2347 Antonius
1044 2282 1155 2358 hodie,
1191 2287 1276 2373 quod
1297 2286 1434 2374 Lepidus

118 2397 181 2442 una
203 2384 263 2447 est,
286 2374 371 2461 quod
393 2375 550 2439 exercitus
571 2372 686 2440 habent
706 2394 769 2438 non
790 2374 1050 2450 contemnendos,
1079 2377 1165 2462 quod
1185 2390 1327 2465 sperant,
1349 2378 1435 2466 quod

118 2468 248 2542 audent,
282 2488 375 2534 omne
402 2467 525 2534 Caesari
555 2476 715 2552 acceptum
735 2466 857 2531 reterre
878 2476 1018 2552 possunt.
1059 2474 1166 2557 Neque
1188 2492 1248 2557 ego
1269 2472 1434 2558 superiora

118 2573 274 2649 repetam;
307 2561 362 2627 sed
394 2583 435 2627 ex
465 2582 505 2626 eo
533 2568 693 2647 tempore,
727 2580 790 2645 quo
813 2559 879 2644 ipse
901 2560 978 2624 milri
998 2560 1158 2647 protessus
1180 2574 1227 2629 est
1254 2585 1287 2630 se
1309 2564 1433 2639 venire,

118 2656 146 2721 si
167 2656 275 2720 venire
296 2655 463 2729 voluisset,
486 2664 538 2720 aut
559 2674 744 2740 oppressum
758 2654 820 2718 iam
842 2652 957 2718 bellum
980 2661 1062 2719 esset
1082 2663 1135 2720 aut
1154 2655 1188 2720 in
1208 2657 1435 2722 aversissimam
1444 2671 1471 2714 ⁸⁵

117 2748 179 2816 illis
207 2747 390 2834 Hispaniam
419 2768 491 2813 cum
518 2748 705 2813 detrimento
727 2766 839 2812 eorum
860 2746 998 2812 maximo
1020 2757 1192 2814 extrusum.
1236 2753 1325 2828 Quae
1346 2770 1434 2814 mens

118 2865 206 2917 eum,
228 2852 282 2908 aut
303 2862 438 2929 quorum
459 2841 604 2915 consilia,
626 2862 644 2904 a
666 2848 748 2905 tanta
770 2839 886 2924 gloria,
908 2838 968 2904 sibi
989 2862 1067 2906 vcro
1089 2841 1183 2906 etiam
1204 2844 1379 2909 necessaria
1398 2864 1436 2908 ac

118 2937 265 3010 salutum,
297 2940 438 3000 avocarit
465 2945 497 3000 et
528 2935 567 3000 ad
595 2934 814 3019 cogitationem
842 2934 1020 3000 consulatus
1041 2934 1198 3003 bimestris
1219 2958 1342 3003 summo
1362 2957 1434 3001 cunr

118 3040 241 3096 terrore
262 3028 425 3095 hominum
446 3039 478 3093 et
499 3028 615 3093 insulsa
635 3048 706 3091 cum
728 3026 946 3111 efflagitatione
967 3029 1174 3105 transtulerit,
1204 3040 1354 3116 exputare
1370 3051 1433 3095 non

118 3144 257 3211 possum.
306 3126 337 3187 7.
370 3121 502 3187 Multum
522 3120 555 3185 in
576 3120 634 3185 hac
654 3140 690 3185 re
711 3118 788 3184 mihi
810 3119 956 3186 videntur
977 3125 1145 3189 necessarii
1166 3125 1234 3190 eius
1255 3124 1353 3189 atrei
1375 3138 1471 3209 pu·⁸⁰

118 3217 219 3283 blicae
240 3225 271 3281 et
300 3215 399 3300 ipsius
423 3234 517 3278 causa
537 3212 690 3298 proficere
712 3233 822 3298 posse;
850 3214 1038 3299 plurimum,
1063 3226 1209 3303 utputo,
1232 3227 1266 3282 tu
1288 3237 1431 3304 quoque,

118 3311 207 3376 cuius
228 3309 280 3374 ille
301 3318 384 3374 tanta
405 3307 517 3371 merita
538 3304 646 3378 habet,
683 3315 798 3392 quanta
820 3327 913 3371 nemo
933 3319 1059 3394 praeter
1080 3332 1147 3388 me;
1170 3331 1327 3396 nunquam
1349 3309 1433 3373 enim

118 3403 286 3470 obliviscar
309 3402 446 3467 maxima
468 3421 504 3465 ac
524 3400 658 3486 plurima
679 3420 730 3463 me
751 3397 808 3463 tihi
830 3398 956 3467 debere.
1012 3406 1058 3467 De
1086 3402 1134 3468 his
1155 3403 1249 3468 rebus
1271 3411 1306 3467 ut
1328 3401 1435 3486 exige·

117 3507 166 3562 ret
187 3518 258 3562 cum
280 3517 334 3569 eo,
356 3495 473 3561 Furnio
495 3492 646 3559 mandavi.
702 3491 838 3569 Quodsi,
868 3502 1015 3579 quantam
1044 3494 1161 3569 debeo,
1189 3495 1328 3560 habuero
1349 3493 1433 3580 apud

118 3611 190 3654 eum
211 3589 447 3663 auctoritatem,
470 3586 641 3675 plurimum
663 3585 767 3670 ipsum
787 3585 909 3650 iuvero.
952 3590 982 3651 8.
1003 3592 1066 3652 Nos
1080 3589 1199 3653 interea
1213 3589 1341 3654 duriore
1357 3609 1428 3654 con·
1442 3617 1470 3660 aa

117 3683 239 3750 dicione
271 3682 388 3748 bellum
421 3682 623 3752 sustinemus,
653 3677 738 3764 quod
765 3699 868 3764 neque
904 3679 1169 3766 expeditissimam
1201 3674 1431 3747 dimicationem

117 3785 261 3864 putamus
282 3797 385 3863 neque
407 3784 510 3841 tamen
530 3771 716 3858 refugiendo
737 3772 935 3839 commissuri
956 3795 1080 3849 sumus,
1101 3785 1137 3841 ut
1151 3775 1250 3840 mains
1265 3775 1433 3840 detrimen·

116 3881 184 3936 tum
210 3890 263 3935 res
283 3869 408 3956 publica
428 3869 571 3955 accipere
591 3866 699 3953 possit.
756 3864 878 3941 Quodsi
904 3874 958 3933 aut
979 3870 1092 3933 Caesar
1116 3889 1150 3933 se
1178 3867 1355 3954 respexerit
1379 3875 1432 3931 aut

117 3963 280 4030 Africanae
312 3962 452 4048 legiones
472 3961 617 4026 celeriter
647 3957 805 4032 venerint,
838 3979 967 4026 securos
989 3981 1045 4026 vos
1073 3961 1112 4026 ab
1133 3960 1191 4026 lrac
1211 3972 1300 4049 parte
1321 3960 1433 4026 redde-

117 4078 197 4122 mus.
240 4062 302 4132 lu,
323 4067 360 4122 ut
378 4055 553 4129 instituisti,
575 4074 626 4120 me
647 4052 757 4136 diligas
777 4072 858 4138 rogo
878 4055 1071 4142 proprieque
1091 4066 1180 4120 tuum
1200 4076 1268 4120 esse
1288 4052 1345 4119 tibi
1360 4074 1469 4140 penu

117 4149 258 4216 suadeas.
301 4168 334 4214 v.
355 4149 422 4215 Kal.
445 4152 530 4215 Sext
552 4168 593 4212 ex
614 4150 734 4210 castris.

188 4385 232 4435 to.
251 4386 320 4449 quod
337 4386 473 4436 Canum
488 4384 654 4445 ddabcmm,
672 4384 739 4433 most
758 4385 847 4434 denisi
864 4384 1014 4436 Strothlns:
1033 4385 1102 4449 quod
1118 4387 1155 4435 ad
1173 4385 1308 4436 Caesarem
1325 4387 1430 4445 attinet,

117 4454 274 4505 uidebamus.
310 4455 381 4506 assu
406 4455 494 4504 destttt
511 4454 570 4506 ΜΕ.
600 4476 632 4488 -
678 4453 721 4504 ts.
738 4455 849 4515 molada
866 4455 911 4507 Μι
933 4456 1041 4518 periodo
1059 4455 1089 4504 Ε.
1110 4478 1141 4490 -
1177 4456 1221 4506 25.
1241 4457 1431 4506 αιιιιιιίιιίιιιαιιι

116 4525 170 4574 ott·
188 4525 243 4575 Vb:
262 4524 560 4585 eunusdmomtlttlll,
578 4523 787 4573 adversissimam
803 4524 844 4574 s'tla'
862 4524 893 4574 s.
908 4547 939 4560 -
957 4525 1002 4575 16.
1021 4531 1135 4574 aeneum
1147 4525 1427 4584 ll,datmsuml'b.-

117 4594 162 4644 27.
181 4609 199 4644 a
211 4609 267 4644 orn.
284 4595 322 4647 Μ.
333 4621 366 4630 -
383 4594 428 4644 118.
444 4595 565 4644 ccccm
581 4618 593 4630 ·
609 4617 621 4629 ·
638 4617 649 4628 ·
667 4593 832 4643 tramtutm't
849 4593 893 4645 at:
914 4596 1072 4645 coaccusat-
1089 4620 1100 4630 ·
1117 4618 1128 4628 ·
1146 4595 1328 4645 trcmtutartot
1347 4594 1377 4644 n.
1395 4618 1429 4627 -

118 4663 162 4713 31.
188 4672 315 4728 quautam
340 4664 376 4716 Μ.
406 4685 437 4701 -
472 4662 516 4715 to.
541 4664 727 4728 prcpss'omqua
754 4661 839 4715 Codd.
858 4663 971 4729 aliquot.
1007 4663 1048 4716 Cl.
1068 4664 1128 4716 tlt.
1147 4665 1174 4717 t·
1193 4663 1243 4730 ltp.
1262 4663 1305 4715 ts.
1324 4668 1352 4714 at
1368 4662 1428 4714 tit.

119 4735 161 4784 1⁰.
181 4733 230 4800 ltp.
249 4734 277 4786 5.
299 4759 329 4771 -
364 4734 409 4784 dt.
428 4732 501 4786 δια.
520 4731 585 4784 secl.
605 4733 636 4782 s.
