3256 5400
183 219 224 282 st
613 215 888 284 EPISTOLARUM
909 220 961 281 AD
983 219 1074 282 snas.

183 376 243 442 bus
264 374 432 462 praedictis
453 372 601 438 constitui
622 373 706 458 apud
727 383 757 438 te
776 374 991 439 auctoritatem
1006 375 1130 459 augurii
1145 385 1176 440 et
1190 375 1390 443 divinationis
1406 398 1506 450 meae,

183 469 310 535 debebit
343 468 459 534 habero
488 465 581 530 fidem
609 476 715 530 nostra
743 467 925 552 praedictio.
982 475 1049 533 Non
1077 469 1173 555 igitur
1201 492 1241 533 ex
1264 471 1344 535 alitis
1365 472 1507 537 involatu

182 586 279 629 nece
301 571 393 629 cantu
414 561 542 626 sinistro
564 560 696 635 oscinis,
719 561 807 625 utin
829 571 934 625 nostra
957 561 1119 647 disciplina
1141 574 1203 636 est,
1226 585 1283 628 nec
1305 585 1345 627 ex
1360 564 1506 649 tripudiis

183 657 355 723 sollistimis
376 664 430 720 aut
452 654 581 720 soniviis
603 654 659 718 tibi
678 676 827 739 auguror,
843 654 898 718 sed
914 654 1014 720 habeo
1030 657 1089 721 alia
1104 657 1201 741 signa,
1222 679 1303 743 quae
1319 656 1505 732 observem;

159 774 262 840 aquae
285 752 343 816 etsi
365 773 428 816 non
450 761 520 814 sunt
542 748 678 813 certiora
699 748 775 819 illis,
798 747 899 810 urinus
921 757 1024 812 tannen
1047 748 1159 813 habent
1174 749 1224 813 vel
1240 750 1440 815 obscuritatis
1455 751 1505 814 vel

182 847 311 912 erroris.
365 850 397 911 8.
432 850 585 909 Notantur
612 852 716 905 autem
745 839 820 903 mihi
842 839 880 903 ad
903 840 1103 907 divinandum
1127 843 1213 927 signa
1236 843 1349 927 duplici
1371 844 1505 931 quadam

181 941 246 1005 via:
269 961 403 1027 quarum
424 939 552 1002 alteram
575 934 656 1000 duco
678 956 696 998 e
719 937 850 999 Caesare
872 934 958 1018 ipso,
980 936 1109 1000 alteram
1132 958 1149 1000 e
1171 949 1348 1022 temporum
1369 939 1506 1003 civilium

181 1046 291 1099 natura
313 1044 406 1121 atque
427 1031 559 1096 ratione.
614 1034 648 1094 ln
671 1032 802 1093 Caesare
825 1026 900 1092 baec
921 1039 1008 1093 sunt:
1043 1030 1126 1094 mitis
1155 1032 1353 1117 clemensque
1376 1042 1505 1105 natura,

181 1127 281 1212 qualis
313 1127 501 1211 exprimitur
528 1124 690 1210 praeclaro
722 1121 775 1186 illo
802 1120 885 1186 libro
916 1125 1149 1199 Qunnncnnuu
1179 1136 1313 1190 tuarum.
1362 1125 1505 1199 Accedit,

145 1221 267 1307 mquod
288 1220 417 1284 mirifice
439 1218 569 1305 ingeniis
592 1214 830 1286 excellentibus,
868 1216 960 1300 quale
983 1226 1030 1280 est
1051 1228 1155 1292 tuum,
1180 1217 1361 1285 delectatur.
1411 1226 1506 1285 Prae-

180 1327 267 1383 terea
296 1314 377 1378 cedit
405 1313 575 1378 multorum
603 1309 692 1374 iustis
715 1318 746 1372 et
768 1308 873 1373 ollicio
895 1309 1045 1384 incensis,
1082 1332 1145 1376 non
1167 1312 1309 1377 inanibus
1331 1322 1385 1377 aut
1406 1314 1506 1380 ambi-

180 1409 286 1483 tiosis,
309 1405 538 1480 voluntatibus,
575 1405 608 1468 in
630 1423 693 1489 quo
715 1401 917 1466 vehementer
940 1423 1011 1466 eum
1033 1405 1230 1470 consentiens
1251 1408 1376 1472 Etruria
1399 1430 1506 1474 move·

180 1502 236 1568 bit.
293 1506 323 1566 9.
346 1505 410 1566 Cur
430 1500 507 1564 baec
530 1499 627 1583 igitur
648 1495 749 1560 adbuc
770 1517 883 1581 parum
905 1495 1131 1579 profecerunt?
1175 1501 1258 1576 Quia
1278 1522 1341 1565 non
1363 1512 1451 1586 potat
1472 1524 1507 1567 se

181 1597 334 1662 sustinere
356 1616 464 1659 causas
486 1614 580 1680 posse
602 1591 793 1662 multorum,
816 1590 842 1653 si
866 1590 937 1665 tibi,
959 1592 1009 1655 cui
1025 1592 1136 1656 iustius
1152 1592 1277 1659 videtur
1292 1595 1384 1658 irasci
1402 1617 1505 1681 posse,

145 1707 171 1748 aa
180 1690 379 1755 concesserit.
426 1690 514 1764 Quae
537 1697 583 1751 est
605 1684 716 1768 igitur,
740 1683 875 1768 inquies,
912 1704 984 1768 spes
1006 1682 1045 1747 ab
1075 1685 1179 1750 irato?
1221 1687 1340 1752 Eodem
1363 1689 1449 1754 sonte
1471 1711 1506 1753 se

182 1783 366 1848 hausturum
388 1781 528 1864 intelligit
550 1777 657 1844 laudes
679 1798 766 1849 suas,
790 1798 807 1839 e
830 1797 893 1861 quo
915 1778 955 1840 sit
976 1777 1087 1842 leviter
1109 1779 1288 1864 adspersus
1343 1786 1505 1847 Postremo

180 1877 275 1942 bomo
298 1876 388 1940 valde
410 1886 456 1940 est
477 1881 586 1937 acutus
607 1883 637 1936 et
660 1870 790 1934 multum
813 1869 998 1954 providens;
1036 1871 1177 1957 intelligit
1199 1883 1253 1947 te,
1292 1874 1450 1939 bominem
1473 1876 1506 1940 in

179 1980 267 2056 parte
289 1970 394 2034 ltaliae
416 1967 543 2031 minime
565 1962 789 2030 contemnenda
812 1961 902 2027 facilc
920 1964 1060 2029 omnium
1080 1965 1309 2033 nobilissimum
1324 1982 1354 2032 et
1369 1969 1400 2032 in
1421 1990 1507 2033 com·

179 2065 267 2130 muni
288 2084 324 2127 re
345 2061 471 2148 publiea
492 2060 591 2124 cuivis
613 2076 808 2122 summorum
831 2065 902 2121 tuae
923 2058 1033 2123 aetatis
1054 2060 1105 2124 vel
1128 2060 1253 2145 ingenio
1270 2062 1321 2125 vel
1335 2062 1435 2146 gratia
1455 2062 1505 2125 vel

141 2158 261 2222 ”lama
289 2155 397 2241 populi
425 2153 557 2220 Romani
586 2171 714 2237 parem,
735 2162 815 2214 ‘non
849 2171 941 2235 posse
969 2152 1133 2237 probiberi
1166 2154 1349 2240 republica
1378 2154 1504 2219 diutius.

179 2252 270 2316 Nolet
292 2250 351 2315 boc
372 2247 522 2333 temporis
553 2249 658 2330 potius
689 2264 757 2307 esse
785 2244 953 2327 aliquando
982 2244 1169 2311 beneficium
1197 2270 1291 2334 quam
1317 2249 1380 2313 iam
1402 2269 1504 2312 suum.

183 2350 231 2409 10.
253 2343 326 2409 Dixi
348 2342 387 2407 dc
410 2346 557 2416 Caesare;
579 2358 662 2402 nunc
682 2337 784 2401 dicam
807 2337 846 2400 de
868 2347 1045 2423 temporum
1068 2361 1239 2428 rerumque
1254 2354 1375 2407 natura.
1404 2347 1503 2406 Nemo

180 2449 227 2503 est
249 2447 311 2502 tam
333 2435 476 2500 inimicus
498 2433 527 2498 ei
549 2452 677 2506 causae,
701 2452 794 2516 quam
809 2432 977 2516 Pompeius
999 2433 1152 2499 animatus
1168 2435 1278 2500 melius
1297 2459 1392 2521 quam
1413 2457 1503 2519 para·

181 2543 229 2597 tus
252 2538 452 2614 susceperat,
475 2531 529 2613 qui
551 2547 608 2590 nos
631 2525 731 2589 malos
753 2524 838 2588 cives
860 2524 963 2589 dicere
980 2538 1034 2590 aut
1049 2526 1192 2592 homines
1206 2528 1367 2614 improbos
1383 2528 1504 2592 audeat.

143 2630 215 2689 selu
244 2644 307 2710 quo
337 2621 486 2686 admirari
516 2620 604 2685 soleo
633 2618 814 2703 gravitatem
853 2629 884 2683 et
916 2618 1064 2683 iustitiam
1087 2630 1118 2684 et
1139 2621 1321 2706 sapientiam
1345 2622 1503 2699 Caesaris;

180 2738 338 2804 nunquam
356 2715 416 2779 nisi
439 2711 750 2778 bonorificentissime
771 2713 956 2796 Pompeium
978 2714 1120 2798 appellat.
1144 2747 1185 2758 -
1229 2721 1267 2780 At
1288 2715 1321 2779 in
1343 2716 1410 2779 eius
1431 2736 1504 2800 per-

178 2833 256 2877 sona
277 2810 373 2875 multa
395 2808 467 2873 lecit
488 2805 640 2891 asperius.
664 2837 703 2847 -
746 2808 915 2869 Armorum
936 2805 995 2870 ista
1017 2815 1048 2870 et
1070 2807 1221 2879 victoriae
1241 2818 1314 2873 sunt
1327 2808 1416 2881 faeta,
1439 2830 1502 2872 non

179 2903 329 2970 Caesaris.
372 2906 411 2966 At
439 2921 496 2965 nos
529 2896 795 2987 quemadmodum
827 2909 876 2963 est
896 2899 1093 2982 complexus!
1127 2900 1266 2967 Cassium
1289 2901 1349 2966 sibi
1371 2901 1501 2985 legavit3

178 3003 308 3062 Brutum
332 2995 447 3060 Galliae
469 2992 634 3077 praefecit,
666 2990 837 3076 Sulpicium
870 2992 1035 3071 Graeciae3
1068 2995 1264 3068 Marcellum,
1293 2995 1344 3060 cui
1366 2994 1502 3059 maxime

141 3087 397 3161 ”succensebab
430 3109 501 3152 cum
524 3106 644 3151 summa
666 3085 750 3149 illius
772 3084 919 3168 dignitate
941 3088 1086 3152 restituit.
1143 3093 1191 3152 11.
1215 3092 1287 3166 Quo
1309 3089 1404 3174 igitur
1426 3088 1502 3153 baec

179 3188 343 3269 spectant?
376 3187 493 3246 Rerum
522 3180 583 3244 boc
611 3188 721 3243 natura
753 3187 785 3241 et
806 3178 944 3243 civilium
966 3191 1143 3265 temporum
1165 3203 1228 3246 non
1250 3183 1409 3267 patietur:
1444 3205 1502 3247 nec

179 3299 307 3342 manens
329 3295 387 3339 nec
409 3283 525 3338 mutata
546 3274 627 3337 ratio
649 3272 730 3336 leret
752 3271 907 3357 primum,
929 3282 965 3339 ut
986 3295 1049 3337 non
1071 3275 1103 3339 in
1126 3295 1218 3341 causa
1239 3276 1309 3358 pari
1331 3277 1440 3343 eadem
1462 3282 1503 3341 sit

178 3381 210 3435 et
223 3369 367 3435 condicio
379 3376 410 3432 et
425 3366 550 3432 fortuna
566 3371 723 3443 omnium;
739 3365 867 3439 deinde,
883 3377 917 3431 ut
930 3366 963 3431 in
974 3388 1044 3432 eam
1054 3367 1209 3433 civitatem
1223 3367 1298 3434 boni
1307 3375 1369 3436 viri
1380 3379 1412 3436 et
1425 3369 1501 3435 boni

178 3468 261 3529 cives
296 3463 380 3527 nulla
411 3459 583 3546 ignominia
615 3459 713 3523 notati
742 3479 805 3522 non
834 3467 1047 3536 revertantur,
1070 3461 1104 3526 in
1124 3484 1219 3548 quam
1241 3473 1286 3528 tot
1307 3463 1500 3528 nefariorum

141 3558 331 3621 “scelerum
354 3553 550 3620 condemnati
572 3561 781 3617 reverterunt
834 3555 883 3615 12.
906 3551 1009 3618 llabes
1031 3560 1199 3638 augurium
1222 3578 1345 3632 meum,
1368 3579 1452 3643 quo,
1473 3554 1500 3620 si

178 3651 253 3738 quid
275 3649 507 3720 addubitarem,
539 3667 603 3710 non
624 3645 729 3731 potius
749 3653 856 3709 uterer
877 3666 971 3731 quam
992 3647 1046 3711 illa
1066 3649 1293 3725 consolatione,
1326 3671 1388 3736 qua
1409 3649 1500 3714 facile

176 3742 292 3809 fortem
314 3743 416 3806 virum
437 3750 660 3805 sustentarem:
684 3746 735 3812 te,
758 3737 784 3802 si
806 3738 969 3824 explorata
992 3740 1123 3806 victoria
1138 3763 1226 3807 arma
1239 3743 1424 3828 sumpsisses
1438 3763 1499 3828 pro

177 3834 357 3922 republica
379 3870 419 3881 —
441 3839 485 3898 ita
506 3839 590 3898 enim
612 3842 678 3897 tum
700 3831 831 3918 putabas
852 3868 908 3906 -,
930 3853 994 3898 non
1015 3834 1109 3898 nimis
1131 3854 1200 3899 esse
1221 3835 1428 3914 laudandum;
1450 3835 1500 3901 sin

176 3938 308 4016 propter
327 3928 464 3993 incertos
486 3931 588 3992 exitus
610 3936 803 4013 eventusque
825 3924 981 3991 bellorum
1002 3947 1095 4012 posse
1117 3927 1279 4001 accidere,
1301 3938 1337 3996 ut
1356 3929 1499 3994 vincere·

140 4039 265 4097 tamur,
298 4031 455 4108 putasses,
488 4042 552 4085 non
580 4018 697 4084 debere
735 4029 765 4084 te
796 4018 835 4084 ad
862 4018 1029 4084 secundam
1055 4019 1215 4086 fortunam
1242 4021 1323 4087 bene
1354 4033 1497 4108 paratum

177 4117 290 4192 fuisse,
313 4116 475 4180 adversam
490 4114 579 4198 ‘ferre
600 4114 687 4178 nullo
706 4112 803 4178 modo
819 4110 872 4196 [te]
889 4133 991 4198 posse.
1034 4118 1234 4200 Disputarem
1249 4116 1357 4190 etiam,
1380 4124 1498 4202 quanto

176 4211 288 4275 solatio
321 4209 377 4275 tibi
403 4208 592 4274 conscientia
623 4207 668 4273 tui
697 4206 790 4279 facti,
812 4214 944 4292 quantm
966 4206 1165 4273 delectationi
1186 4208 1218 4272 in
1239 4208 1335 4276 rebus
1355 4208 1498 4274 adversis

177 4304 297 4368 litterae
319 4323 388 4368 esse
410 4302 570 4367 deberent.
625 4305 912 4367 Commemorarem
933 4320 997 4364 non
1018 4301 1120 4366 solum
1142 4311 1284 4367 veterum
1305 4301 1361 4368 sed
1382 4302 1498 4368 borum

177 4403 269 4462 etiam
292 4397 464 4462 recentium
486 4395 536 4460 vel
554 4394 669 4461 dueum
690 4393 740 4461 vel
754 4395 903 4457 comitum
917 4401 1044 4459 tuorum
1058 4395 1259 4480 gravissimos
1274 4417 1379 4474 casns;
1401 4401 1499 4462 etiam

140 4503 168 4546 ⁴⁵
178 4501 325 4556 externos
347 4491 461 4555 multos
482 4491 583 4555 claros
604 4488 690 4553 viros
712 4492 926 4554 nominarem:
949 4490 1031 4557 levat
1051 4490 1134 4556 enim
1156 4490 1299 4556 dolorem
1320 4494 1496 4557 communis

247 4721 274 4769 Ξ.
294 4719 385 4767 volatu
402 4718 433 4767 B.
455 4741 486 4752 -
522 4718 549 4766 ⁷.
568 4717 709 4767 scemam
726 4717 768 4767 M:
788 4731 807 4767 c
825 4717 936 4767 Cessare
954 4718 985 4769 ll.
1006 4742 1036 4754 -
1074 4718 1117 4768 lo.
1137 4718 1279 4783 inteltepcat
1297 4717 1386 4767 laudes
1406 4719 1443 4768 ld.
1462 4739 1496 4754 -

177 4790 221 4840 20.
239 4790 374 4852 probibere
391 4787 428 4837 Μ.
449 4811 480 4822 -
516 4787 561 4836 26.
578 4801 692 4850 penem
710 4787 751 4837 M:
768 4799 909 4849 personum
927 4787 957 4838 ll.
980 4810 1010 4824 -
1047 4788 1091 4839 ³2.
1110 4795 1184 4838 mute
1201 4788 1239 4840 bl.
1261 4811 1292 4824 -
1316 4787 1362 4838 41.
1382 4796 1406 4839 to
1420 4800 1496 4851 pom

179 4859 223 4911 ll:
240 4872 314 4922 posse
332 4859 362 4908 ll.
383 4882 414 4893 -
449 4857 494 4908 42.
513 4863 627 4921 quantae
644 4857 690 4908 u:
709 4863 853 4920 quantaene
871 4856 901 4906 ll.
1556 4857 1558 4861 ’
