3256 5400
599 221 676 287 ua.
696 222 737 285 Xe
778 222 839 285 ΕΡ.
856 221 909 285 22.
929 221 981 287 23.
1377 224 1436 286 173

118 391 250 467 propter
271 375 449 443 tarditatem
476 377 699 443 sententiarum
720 396 904 463 moramque
925 397 1034 443 rernm
1054 398 1125 443 cum
1147 398 1198 452 ea,
1221 399 1300 464 quae
1324 399 1435 445 consu·

119 471 279 544 lebantur,
315 469 355 534 ad
376 469 495 534 exitum
523 491 586 536 non
608 470 822 556 pervenirent,
855 468 1142 535 commodissimum
1164 469 1240 535 mibi
1260 470 1436 557 Plancoque

118 565 208 633 iratri
239 565 341 630 visum
370 572 417 628 est
438 563 484 628 uti
505 584 560 637 eo,
596 563 681 649 quod
713 583 753 626 ne
775 570 884 626 nostro
905 560 1057 628 arbitratu
1078 570 1334 649 componeretur,
1367 563 1437 649 quis

118 658 216 725 suerit
244 655 489 743 impedimento,
522 655 661 721 arbitror
690 664 720 719 te
751 675 792 719 ex
815 655 920 720 Planci
946 654 1059 721 litteris
1085 656 1279 740 cognovisse.
1322 661 1352 722 3.
1374 656 1436 723 Sed

119 752 186 818 sive
207 751 240 815 in
260 760 386 816 senatus
407 750 550 815 consulto
572 750 639 815 sive
660 750 694 815 in
715 754 826 814 ceteris
847 748 943 813 rebus
964 747 1124 813 desideras
1145 748 1282 835 aliquid,
1310 749 1354 815 sic
1380 750 1460 817 tibia

118 844 294 932 persuade,
317 852 432 908 tantam
454 863 522 907 esse
544 843 627 927 apud
643 864 752 908 omnes
773 842 874 908 bonos
888 841 933 907 tui
952 840 1124 916 caritatem,
1146 851 1181 906 ut
1202 843 1319 908 nullum
1340 865 1437 929 genus

119 937 327 1026 amplissimae
351 936 508 1022 dignitatis
531 936 704 1021 excogitari
718 936 834 1022 possit,
857 935 941 1023 quod
964 935 1019 1000 tibi
1041 955 1104 1001 non
1124 945 1267 1021 paratum
1289 937 1338 1001 sit.
1373 937 1436 1004 Lit-

118 1041 203 1096 teras
238 1039 307 1096 tuas
342 1029 543 1094 vehementer
578 1039 753 1114 exspecto,
791 1038 822 1093 et
859 1028 985 1116 quidem
1020 1028 1117 1101 tales,
1156 1024 1262 1114 quales
1299 1028 1437 1095 maxime

119 1132 206 1210 opto.
248 1122 334 1189 Vale.

566 1265 682 1326 narn.
726 1263 775 1346 (A.
801 1266 833 1328 u.
856 1264 888 1326 c,
910 1261 995 1345 ru.)
1448 1290 1474 1329 a

579 1385 751 1449 PLANCUS
781 1385 975 1449 CICERONI.

205 1502 232 1564 l.
254 1502 418 1582 Nunquam
451 1492 661 1569 mehercules,
697 1495 741 1560 mi
764 1493 888 1569 Cicero,
925 1516 975 1559 me
1003 1494 1175 1581 poenitebit
1197 1488 1332 1563 maxima
1354 1498 1437 1585 peri·

119 1592 188 1659 cula
209 1612 269 1678 pro
289 1587 390 1676 patria
412 1586 537 1662 subire,
575 1587 665 1664 dum,
701 1588 825 1675 siquid
853 1587 1000 1653 acciderit
1021 1588 1116 1664 mihi,
1153 1590 1437 1674 areprebensione

120 1682 302 1750 temeritatis
336 1679 444 1745 absim.
500 1678 674 1746 Confiterer
701 1680 910 1767 imprudentia
935 1701 986 1747 mc
1008 1681 1146 1767 lapsum,
1173 1681 1200 1747 si
1221 1704 1358 1768 unquam
1380 1689 1437 1749 Le·

119 1778 194 1866 pido
230 1797 272 1842 ex
303 1774 408 1840 animo
441 1772 653 1840 credidissem.
712 1774 885 1841 Credulitas
916 1773 999 1838 enim
1031 1795 1122 1842 error
1144 1784 1190 1840 est
1212 1777 1309 1861 magis
1344 1798 1436 1866 quam
1449 1803 1475 1840 u

119 1873 227 1957 eulpa;
250 1879 281 1934 et
302 1868 429 1956 quidem
451 1866 484 1931 in
506 1867 615 1952 optimi
633 1869 785 1956 cuiusque
806 1878 941 1933 mentem
962 1868 1108 1934 facillime
1130 1869 1252 1956 irrepit.
1294 1871 1356 1935 Sed
1377 1892 1437 1957 ego

120 1988 183 2031 non
203 1963 264 2029 boc
285 1963 362 2028 vitio
383 1982 482 2046 paene
505 1981 573 2025 sum
595 1961 759 2048 deceptus;
781 1961 932 2048 Lepidum
954 1961 1038 2027 enim
1059 1963 1189 2050 pulchre
1210 1984 1331 2029 noram.
1353 1965 1437 2043 Quid

120 2079 197 2142 ergo
218 2062 284 2121 est?
306 2054 411 2120 Pudor
441 2075 505 2126 nie,
529 2054 636 2140 quiin
658 2055 741 2120 bello
763 2055 899 2119 maxime
929 2065 975 2119 est
995 2054 1206 2140 periculosus,
1228 2056 1311 2122 bunc
1331 2079 1437 2123 casum

120 2151 222 2237 coegit
248 2148 365 2214 subire.
418 2153 511 2222 Nam,
539 2147 599 2212 nisi
620 2170 685 2214 uno
706 2149 776 2212 loco
799 2169 915 2220 essem,
944 2147 1094 2223 verebar,
1116 2169 1155 2213 ne
1176 2150 1228 2213 cui
1250 2149 1437 2216 obtrectato-

121 2266 191 2309 rum
219 2243 346 2308 viderer
375 2251 406 2305 et
434 2240 564 2305 nimium
594 2241 793 2326 pertinaciter
818 2239 938 2327 Lepido
967 2240 1105 2307 offensus
1140 2251 1171 2305 et
1197 2263 1265 2306 mea
1291 2242 1436 2327 patientia
1446 2271 1474 2311 to

121 2338 212 2402 etiam
242 2336 327 2400 alere
354 2333 488 2421 bellum.
545 2337 575 2397 2.
597 2339 704 2419 ltaque
724 2334 830 2419 copias
847 2354 948 2419 prope
968 2334 1001 2399 in
1024 2343 1224 2419 conspectum
1246 2335 1355 2420 Lepidi
1376 2343 1437 2400 An-

120 2430 259 2515 toniique
288 2427 405 2492 adduxi
437 2425 705 2514 quadragintaque
733 2427 852 2492 milium
885 2447 1033 2512 passuum
1055 2427 1155 2513 spatio
1176 2427 1287 2493 relicto
1308 2421 1437 2493 consedi

121 2544 160 2588 eo
181 2521 327 2595 consilio,
350 2528 384 2585 ut
404 2519 454 2583 vel
477 2519 621 2584 celeriter
643 2519 791 2585 accedere
813 2520 863 2585 vel
885 2519 1060 2584 salutariter
1081 2519 1222 2606 recipere
1238 2541 1289 2585 me
1303 2542 1437 2607 possem.

119 2615 255 2682 Adiunxi
283 2613 360 2678 baec
381 2613 412 2677 in
433 2612 505 2678 loeo
527 2612 689 2698 eligendo,
727 2611 842 2677 llumen
865 2611 1044 2698 oppositum
1065 2622 1100 2677 ut
1120 2612 1286 2686 haberem,
1319 2613 1351 2678 in
1373 2632 1437 2700 qno

120 2729 209 2774 mora
231 2706 378 2773 transitus
404 2715 502 2783 esset;
539 2704 686 2771 Vocontii
714 2704 773 2770 sub
795 2727 889 2769 manu
918 2713 954 2768 ut
981 2715 1100 2778 essent,
1135 2726 1194 2792 per
1214 2728 1348 2793 quorum
1369 2709 1476 2794 locata

120 2801 252 2867 fideliter
273 2799 348 2864 mibi
370 2804 492 2884 pateret
512 2797 582 2863 iter.
630 2797 782 2884 Lepidus,
805 2796 969 2883 desperato
991 2795 1126 2863 adventu
1148 2819 1234 2874 meo,
1257 2820 1353 2885 mem
1374 2821 1438 2866 non

120 2893 321 2960 mediocriter
341 2891 498 2978 captabat,
526 2912 560 2957 se
587 2912 658 2956 cum
689 2889 824 2955 Antonio
856 2889 1018 2956 coniunxit
1039 2910 1068 2954 a.
1091 2889 1120 2954 d.
1143 2909 1210 2956 1111.
1232 2892 1300 2957 Ital.
1324 2891 1437 2967 lunias,

120 2987 293 3073 eodemque
315 2985 366 3051 die
388 2985 427 3050 ad
448 3006 499 3050 me
521 2993 621 3051 castra
642 2994 823 3063 moverunt;
852 2982 962 3068 viginti
982 2983 1069 3047 milia
1088 3004 1236 3069 passuum
1257 3007 1328 3051 cum
1349 2981 1440 3050 abes·

120 3091 204 3155 sent,
226 3101 278 3144 res
297 3078 375 3144 mibi
404 3077 542 3144 nuntiata
571 3085 628 3142 est.
684 3083 714 3142 3.
747 3076 826 3141 Dedi
845 3097 975 3163 operam
999 3075 1093 3141 deum
1117 3075 1320 3163 benignitate,
1351 3087 1386 3143 ut
1407 3087 1439 3144 et

120 3173 264 3240 celeriter
284 3193 335 3237 me
359 3171 535 3257 reciperem
562 3181 593 3236 et
618 3169 667 3235 bic
689 3169 842 3236 discessus
866 3169 943 3234 nibil
968 3169 1061 3254 fugae
1081 3170 1181 3235 simile
1208 3170 1352 3247 baberet,
1375 3192 1475 3245 non„

121 3268 209 3334 miles
230 3266 328 3339 ullus,
351 3285 414 3331 non
436 3286 549 3351 eques,
571 3285 636 3332 non
659 3263 830 3350 quidquam
859 3261 1157 3349 impedimentorum
1177 3266 1372 3331 amitteretur
1385 3275 1439 3330 aut

120 3360 159 3426 ab
182 3361 243 3426 illis
263 3358 457 3425 ferventibus
480 3357 654 3424 latronibus
675 3358 926 3443 interciperetur.
968 3360 1076 3443 ltaque
1097 3357 1199 3443 pridie
1216 3364 1319 3424 Nonas
1332 3358 1438 3424 lunias

121 3477 230 3521 omncs
257 3453 364 3540 copias
399 3457 517 3517 isaram
549 3450 658 3517 traieci
685 3464 874 3538 pontesque,
905 3472 985 3538 quos
1010 3451 1161 3527 feceram,
1197 3452 1372 3538 interrupi,
1404 3459 1439 3518 ut

120 3549 252 3633 spatium
280 3546 319 3612 ad
351 3545 558 3631 colligendum
584 3566 619 3611 se
654 3544 797 3611 homines
826 3543 1033 3609 haberentet
1058 3565 1117 3629 ego
1143 3566 1193 3610 me
1224 3545 1341 3611 interca
1366 3565 1437 3610 cum

120 3643 239 3727 collega
256 3641 496 3725 coniungerem,
534 3660 629 3728 quem
652 3638 774 3712 triduo,
811 3659 881 3702 cum
905 3639 960 3702 bas
982 3636 1094 3703 dabam
1115 3639 1247 3712 litteras,
1278 3650 1476 3724 exspecta-ss

121 3733 203 3800 bam.
258 3739 289 3799 3.
312 3733 488 3798 Laterensis
514 3732 614 3798 nostri
639 3739 670 3798 et
695 3731 787 3797 iidem
811 3742 843 3796 et
863 3731 999 3797 animum
1023 3731 1212 3817 singularem
1237 3733 1269 3797 in
1290 3753 1360 3796 rem
1380 3752 1440 3817 pu·

121 3826 234 3894 blicam
263 3847 387 3911 semper
413 3825 545 3892 fatebor.
595 3827 657 3892 Sed
681 3835 766 3890 certe
797 3825 893 3889 nimia
927 3824 995 3890 eius
1020 3824 1211 3915 indulgentia
1234 3826 1267 3891 in
1288 3825 1439 3912 Lepidum

121 3921 161 3987 ad
188 3920 265 3986 baec
297 3920 436 4006 pericula
457 3919 675 4006 perspicienda
699 3918 775 3983 iecit
800 3940 872 3984 eum
901 3919 1006 3984 minus
1033 3938 1185 4003 sagacem.
1229 3920 1291 3998 Qui
1312 3918 1439 4005 quidem

121 4035 192 4079 cum
218 4019 250 4079 in
273 4013 416 4079 fraudem
439 4034 474 4077 se
506 4012 673 4079 deductum
706 4013 842 4086 videret,
879 4035 1004 4085 manus,
1041 4035 1118 4101 quas
1138 4014 1250 4078 iustius
1271 4011 1306 4076 in
1328 4010 1438 4097 Lepidi

121 4108 293 4194 perniciem
315 4116 485 4181 armasset,
508 4106 568 4171 sibi
592 4106 706 4171 afferre
732 4115 861 4171 conatus
882 4113 939 4172 est.
982 4109 1018 4170 ln
1039 4126 1102 4192 qno
1123 4127 1197 4171 casu
1214 4116 1318 4170 tamen
1341 4104 1477 4175 inter-sa

121 4202 252 4287 peilatus
274 4211 305 4265 et
337 4200 438 4266 adbuc
470 4200 548 4266 vivit
574 4209 605 4265 et
630 4199 743 4265 dicitur
764 4201 913 4265 victurus.
972 4199 1033 4266 Sed
1054 4211 1157 4265 tamen
1183 4199 1221 4264 de
1249 4199 1309 4287 boc
1327 4219 1438 4284 parum

121 4294 199 4360 mibi
220 4306 342 4361 certum
369 4306 426 4361 est.
484 4299 513 4361 5.
534 4299 649 4378 Magno
670 4314 742 4359 cum
763 4293 875 4360 dolore
896 4293 1123 4379 parricidarum
1148 4292 1271 4378 elapsus
1291 4313 1361 4357 sum
1383 4290 1438 4369 iis;

122 4386 288 4452 veniebant
308 4393 391 4454 enirn
414 4388 526 4454 eodem
547 4387 657 4453 imore
687 4387 720 4451 in
741 4408 808 4460 me,
840 4407 904 4474 quo
922 4387 954 4451 in
976 4386 1121 4472 patriam,
1144 4385 1271 4451 incitati.
1313 4390 1439 4449 iracun-

191 4579 217 4629 3.
237 4581 278 4628 uti
295 4577 335 4643 eo]
354 4579 490 4631 Brcidisse
508 4585 619 4630 censent
636 4586 741 4628 sumtus
758 4578 874 4627 comodo
896 4577 936 4626 Ite
952 4578 1102 4627 Franciseis
1120 4583 1148 4627 et
1165 4578 1315 4627 Sebittzius.
1364 4577 1437 4625 Fert.

122 4648 207 4698 otis.
228 4649 256 4698 C.
276 4650 354 4712 quod.
374 4650 424 4701 On.
457 4674 488 4686 -
524 4651 567 4701 13.
587 4649 710 4712 cogitld.
743 4673 774 4684 -
809 4649 862 4696 uiri
879 4647 1034 4699 Manutius:
1058 4649 1081 4697 rt
1106 4648 1166 4698 ΜΕ.
1195 4672 1224 4683 -
1262 4647 1439 4698 3333133333

123 4716 160 4767 bl.
189 4742 218 4753 -
256 4719 298 4768 30.
317 4719 468 4769 celemus
490 4719 585 4770 mebi.
619 4742 649 4754 -
685 4718 730 4768 33.
748 4717 896 4781 furentibus
913 4717 998 4768 Codd.
1017 4717 1129 4781 aliquot.
1160 4742 1190 4753 -
1226 4717 1270 4767 33.
1289 4723 1439 4778 otetrpu·

123 4788 189 4836 tium
207 4787 291 4837 (1333.
311 4789 423 4852 aliquot.
445 4815 477 4824 -
512 4785 720 4850 33331331.
740 4812 772 4824 -
808 4786 853 4839 33.
872 4800 928 4850 rep.
947 4789 985 4839 u.
1006 4811 1038 4823 -
1056 4788 1101 4838 u.
1118 4802 1215 4851 porum
1232 4788 1295 4837 milti
1313 4787 1357 4839 bl:
1375 4785 1440 4835 milet

121 4869 218 4918 porum
237 4857 265 4906 n.
288 4882 318 4893 -
355 4860 400 4908 ta.
420 4860 477 4923 ligo
494 4873 590 4924 magno
609 4858 702 4907 ambr.
722 4857 765 4907 15.
