3256 5400
600 260 674 324 tut.
696 260 735 326 V.
776 259 838 325 ΕΡ.
859 260 910 325 ta
934 260 984 326 14.
1008 262 1057 326 15.
1427 266 1469 329 iti

609 418 691 481 ssa.
733 415 784 498 (a,
810 419 844 482 u.
865 418 898 482 c.
919 417 1007 504 sos.)

397 528 432 592 ι.
453 528 639 594 nocemus
662 529 701 606 Q·
723 532 757 593 r.
771 531 812 595 s.
833 533 872 595 u.
893 532 934 595 n.
957 531 1100 596 rumro
1122 533 1164 597 m
1186 534 1220 597 r.

229 650 258 714 1.
280 646 314 713 Si
335 647 437 724 vales,
459 646 541 713 bene
562 657 624 714 est:
648 670 708 735 ego
729 649 835 725 valeo,
858 650 939 715 sicut
959 650 1069 727 soleo,
1091 651 1229 739 paullulo
1249 661 1353 719 tamen
1374 655 1469 722 etiam

140 740 280 807 deterius
312 762 407 828 mam
428 741 525 807 soleo.
584 747 628 808 Te
649 743 800 829 requisivi
822 743 962 829 saepius,
999 752 1034 809 ut
1055 743 1212 811 viderem:
1249 752 1367 815 Romae
1394 750 1469 838 quia

141 845 253 924 postca
274 856 338 900 non
358 833 445 900 luisti
467 857 560 923 quam
582 834 772 911 decesserat,
795 835 925 902 miratus
947 858 1032 915 sum;
1055 837 1141 925 quod
1162 839 1238 904 item
1260 863 1344 908 nunc
1357 844 1494 910 mirone

143 934 212 995 Non
232 927 335 995 babeo
357 936 496 1001 certum,
531 950 611 1015 quae
640 938 670 994 te
692 950 744 994 res
765 929 838 994 binc
866 929 1003 995 maxime
1031 931 1180 997 retrabat
1237 935 1271 999 Si
1301 937 1469 1004 solitudine

142 1023 316 1097 delectare,
339 1042 410 1087 eum
428 1021 546 1088 scribas
569 1032 600 1088 et
619 1022 736 1111 aliquid
757 1044 831 1110 agas
847 1044 975 1100 eorum,
998 1046 1134 1111 qnorum
1149 1029 1324 1103 consuesti,
1346 1031 1469 1116 gaudeo

142 1137 245 1204 neque
267 1114 465 1202 reprebendo
487 1124 575 1181 tuum
596 1116 780 1194 cousilium;
813 1138 884 1181 uam
905 1117 983 1183 nihil
1004 1118 1066 1184 isto
1087 1127 1191 1206 potest
1212 1142 1281 1187 esse
1302 1123 1469 1192 iucundius

142 1232 206 1277 non
227 1209 324 1277 modo
345 1209 469 1275 miseris
490 1210 539 1275 bis
560 1209 756 1296 temporibus
779 1218 810 1275 et
830 1210 1000 1287 luctuosis,
1038 1211 1094 1278 sed
1123 1213 1218 1277 etiam
1241 1216 1417 1304 tranquillis
1438 1227 1471 1285 et

143 1304 271 1391 optatis,
293 1302 479 1390 praesertim
503 1303 555 1368 vel
575 1303 681 1369 animo
698 1301 866 1389 defatigato
887 1313 959 1380 tuo,
982 1305 1036 1392 qui
1051 1327 1133 1371 nune
1150 1305 1325 1394 requietem
1339 1321 1471 1398 quaerat
1481 1331 1509 1376 m

143 1419 184 1465 ex
204 1396 327 1483 magnis
347 1395 622 1483 occupationibus,
657 1397 708 1463 vel
730 1396 872 1473 erudito,
901 1398 956 1485 qui
984 1419 1111 1486 semper
1131 1398 1253 1487 aliquid
1275 1422 1317 1467 ex
1338 1424 1373 1468 se
1394 1424 1470 1491 pro·

144 1499 223 1568 mat,
250 1488 337 1579 quod
358 1489 437 1555 alios
459 1489 609 1566 delectet,
638 1489 743 1578 ipsum
764 1488 909 1556 laudibus
931 1490 1074 1558 illustret
1118 1496 1147 1558 2.
1171 1493 1226 1558 Sin
1247 1503 1368 1570 autem,
1390 1496 1472 1563 sicut

144 1584 216 1652 binc
236 1583 442 1660 discesseras,
463 1583 601 1649 lacrimis
622 1604 659 1649 ac
680 1583 824 1649 tristitiae
847 1591 877 1649 te
899 1584 1071 1662 tradidisti,
1094 1585 1208 1663 doleo,
1231 1587 1306 1675 quia
1328 1587 1416 1655 doles
1438 1598 1471 1656 et

144 1698 279 1766 angere3
316 1698 379 1743 non
400 1698 529 1765 possum
551 1686 582 1742 te
603 1697 682 1752 non,
715 1677 742 1743 si
765 1677 931 1754 concedis,
968 1677 1054 1765 qnod
1078 1679 1246 1756 sentimus,
1282 1691 1318 1747 ut
1338 1680 1470 1750 liberius

144 1773 297 1847 dicamas,
324 1791 482 1837 accusare.
526 1770 611 1850 Quid
632 1769 739 1836 enim?
775 1778 810 1837 tu
830 1771 917 1837 solus
938 1781 1047 1858 aperta
1067 1794 1132 1838 non
1153 1772 1290 1851 videbis,
1314 1775 1370 1862 qui
1391 1797 1466 1864 pro-
1480 1795 1507 1841 rs

145 1873 215 1953 pter
235 1885 367 1930 acumen
388 1864 598 1930 occultissima
620 1863 793 1951 perspicis?
827 1873 861 1930 tu
889 1885 953 1930 non
974 1863 1129 1952 intelliges
1151 1866 1342 1955 te'querclis
1363 1869 1469 1959 quoti-

144 1959 243 2024 dianis
264 1957 341 2022 nibil
362 1957 540 2044 proficeret
568 1978 632 2023 non
652 1956 807 2043 intelliges
821 1957 975 2044 duplicari
996 1960 1241 2036 sollicitudines,
1264 1983 1341 2050 quas
1361 1964 1469 2030 levare

145 2061 196 2118 tua
227 2060 259 2116 te
286 2050 451 2137 prudentia
480 2051 636 2138 postulat?
672 2055 702 2117 5.
744 2050 866 2128 Quodsi
887 2072 952 2116 non
986 2053 1143 2139 possimus
1172 2054 1292 2142 aliquid
1313 2056 1469 2143 prolicere

144 2143 320 2220 suadendo,
355 2145 456 2229 gratia
477 2145 693 2210 contendimus
714 2153 746 2209 et
766 2144 924 2230 rogando,
953 2146 981 2211 si
1003 2146 1079 2234 quid
1100 2156 1208 2213 nostra
1229 2169 1323 2215 causa
1344 2151 1411 2227 ris,
1433 2161 1470 2218 ut

145 2237 212 2304 istis
236 2247 267 2302 te
294 2237 447 2304 molestiis
472 2238 561 2303 laxes
583 2248 615 2303 et
634 2238 674 2304 ad
703 2239 880 2304 convictum
901 2247 1045 2305 nostrum
1066 2239 1177 2306 redeas
1199 2239 1254 2326 [et]
1277 2241 1317 2307 ad
1338 2262 1507 2310 consue-so

145 2330 284 2397 tudinem
306 2331 356 2396 vel
384 2339 525 2396 nostram
554 2351 753 2396 communem
780 2330 831 2397 sel
860 2340 945 2397 tuam
967 2332 1065 2399 solius
1086 2354 1123 2398 ac
1144 2335 1316 2420 propriam.
1369 2336 1469 2422 Cupio

145 2444 207 2491 non
229 2423 405 2490 obtundere
436 2434 482 2501 te,
518 2423 545 2490 si
566 2445 630 2490 non
652 2423 808 2490 delectare
829 2432 939 2489 nostro
960 2424 1081 2505 studio;
1113 2426 1206 2513 cupio
1228 2426 1408 2504 deterrere,
1430 2449 1470 2494 ne

144 2539 329 2609 permaneas
339 2518 373 2584 in
387 2518 523 2605 incepto.
544 2522 632 2583 Nunc
643 2517 722 2584 duae
735 2538 787 2583 res
800 2517 879 2583 istae
889 2517 1067 2584 contrariae
1077 2541 1128 2584 me
1139 2519 1336 2598 conturbant,
1349 2543 1390 2587 ex
1401 2521 1471 2610 qui-

147 2611 206 2679 bus
215 2622 271 2679 aut
280 2611 313 2677 in
323 2612 422 2678 altera
431 2611 509 2678 mibi
519 2610 629 2687 velim,
641 2611 668 2676 si
681 2620 786 2698 potes,
801 2608 1002 2697 obtemperes
1016 2620 1070 2678 aut
1083 2612 1116 2677 in
1129 2613 1229 2680 altera
1243 2634 1306 2679 non
1318 2612 1469 2682 offendas.

619 2752 684 2816 sn
726 2749 779 2836 (Α.
801 2753 834 2816 u.
856 2752 889 2815 c.
911 2753 997 2824 ros.)
1477 2784 1508 2831 „

470 2866 512 2930 u.
534 2864 677 2929 arcano
699 2865 731 2928 s.
753 2867 791 2928 n.
813 2864 848 2927 s.
870 2863 1037 2929 inuenio
1059 2864 1099 2941 o.
1119 2866 1154 2929 r.

231 2989 261 3052 1.
283 2982 393 3051 Omnis
414 2998 506 3049 amor
527 2992 599 3050 tuus
620 3004 662 3049 ex
683 2981 829 3049 omnibus
849 2981 992 3070 partibus
1012 3003 1047 3048 se
1068 2983 1205 3049 ostendit
1225 2985 1258 3050 in
1279 2984 1318 3052 iis
1339 2985 1468 3063 litteris,

146 3100 223 3169 quas
244 3099 263 3144 a
283 3087 315 3145 te
335 3078 482 3166 proxime
512 3077 632 3165 accepi,
664 3097 728 3143 non
756 3074 808 3147 ille
839 3074 967 3162 quidem
995 3075 1073 3140 mibi
1105 3076 1244 3161 ignotus,
1274 3077 1333 3144 sed
1366 3087 1470 3145 mmen

146 3182 251 3261 gratus
273 3182 305 3238 et
325 3179 466 3259 optatus:
488 3169 628 3237 dicerem
649 3168 865 3247 „iucundus”‚
887 3168 948 3235 uisi
967 3167 1001 3234 id
1021 3165 1155 3235 verbum
1178 3171 1211 3235 in
1232 3191 1326 3236 omne
1347 3180 1470 3259 tempus

147 3267 364 3355 perdidissem
405 3269 513 3353 Neque
534 3264 576 3330 ob
598 3285 667 3329 eam
688 3285 783 3330 uuam
804 3262 944 3338 causam,
967 3283 1062 3350 quam
1084 3271 1118 3328 tu
1133 3264 1301 3351 suspicaris
1316 3267 1393 3332 etin
1407 3285 1508 3355 quase

146 3383 197 3427 me
218 3359 386 3429 lenissimis
407 3367 439 3423 et
459 3357 680 3425 amantissimis
701 3356 807 3423 verbis
828 3365 920 3422 utens
933 3375 969 3421 re
983 3356 1122 3441 graviter
1136 3379 1279 3435 accusas,
1302 3359 1359 3426 sed
1373 3359 1469 3448 quod,

146 3456 229 3522 illius
249 3453 327 3519 tanti
346 3451 488 3519 vulneris
509 3473 589 3538 qnae
610 3449 752 3516 remedia
772 3470 842 3515 esse
862 3447 1034 3526 debebant,
1057 3470 1094 3514 ea
1108 3450 1193 3516 nulla
1208 3460 1289 3517 sunt
1332 3455 1363 3518 2.
1386 3452 1472 3532 Quid

147 3549 253 3615 enimt
275 3547 315 3613 ad
336 3546 493 3613 amicosne
515 3543 719 3631 contisgiamt
749 3546 851 3623 Quam
872 3542 963 3608 multi
984 3549 1074 3609 sunt‘t
1101 3542 1275 3610 Habuimus
1297 3546 1381 3610 enim
1402 3545 1471 3612 lere

147 3662 343 3716 communes,
377 3660 513 3726 qnorum
534 3638 587 3704 alii
608 3636 804 3712 occiderunt,
838 3635 893 3701 alii
913 3635 1021 3701 nescio
1042 3656 1107 3725 quo
1128 3645 1220 3723 pacto
1242 3637 1470 3706 obduruerunt.

147 3738 264 3801 Tecum
283 3733 392 3800 vivere
412 3753 538 3820 possem
560 3729 708 3819 equidem
729 3739 762 3796 et
782 3729 918 3796 maxime
938 3728 1068 3795 vellem:
1091 3738 1244 3807 vetustas,
1267 3753 1373 3808 amor,
1395 3750 1508 3799 eon-ss

148 3826 295 3903 suetudo,
317 3825 418 3893 studia
441 3827 545 3914 paria;
568 3824 655 3915 quod
679 3824 816 3891 vinclum
842 3822 931 3911 quasi
954 3821 1043 3888 deest
1070 3832 1196 3889 nostrae
1218 3824 1470 3892 commodumst

148 3925 357 3988 Possumusne
388 3920 486 4006 igitur
513 3940 582 3986 esse
616 3924 699 3984 unat
730 3921 794 3984 Neo
813 3915 994 3983 mehercule
1022 3915 1179 4004 intelligo,
1206 3916 1283 4006 quid
1303 3917 1469 4003 impediat;

149 4014 203 4082 sed
223 4023 310 4080 certe
331 4012 433 4080 adbuc
453 4034 517 4079 non
538 4012 672 4088 burnus,
708 4031 781 4077 cnm
802 4030 942 4076 essemus
962 4010 1059 4076 vicini
1079 4011 1112 4076 in
1134 4013 1326 4085 Tusculano,
1356 4012 1389 4076 in
1410 4016 1472 4079 Pu·

216 4205 244 4256 s.
275 4219 322 4271 eqo
339 4205 414 4256 soleo
439 4204 477 4253 lle
501 4203 576 4254 caleo
593 4203 653 4254 1111.
680 4226 714 4242 -
747 4202 775 4252 b.
793 4202 934 4253 munet
952 4197 1064 4265 (Tatlta)
1084 4200 1221 4252 Oretttus:
1252 4203 1403 4253 mammet
1422 4202 1469 4265 11,

148 4275 300 4327 &muros
318 4275 355 4333 a,
382 4289 401 4326 c
417 4287 458 4324 me
474 4274 626 4324 absmarus
644 4285 714 4323 corr·
733 4271 771 4323 11.
803 4293 837 4307 -
872 4272 916 4321 10.
934 4268 1013 4334 mate]
1030 4284 1085 4322 noa
1103 4272 1141 4323 11.
1162 4296 1193 4308 -
1229 4276 1356 4336 equitem
1373 4273 1412 4333 11,
1431 4285 1473 4325 ro·

149 4346 339 4410 «ΜΒ.-
375 4343 679 4406 12tetpmll.-
713 4340 1327 4406 deotbtacdtsemerasltttnquaestbtc)
1356 4343 1472 4394 etltar·

150 4415 345 4480 tyni-laguna:
376 4417 442 4464 σι’ωε
461 4414 520 4464 letae
536 4414 610 4463 meas
632 4425 705 4463 mas
730 4411 774 4472 11,
804 4412 871 4461 steret
895 4411 936 4461 lte
953 4412 1015 4462 dum
1032 4426 1092 4463 aas
1109 4412 1141 4463 s.
1171 4436 1202 4448 -
1238 4411 1282 4462 11.
1301 4427 1368 4476 qaas
1385 4413 1472 4463 boore

151 4486 279 4536 uolens:
309 4483 571 4549 quonteeorebl,
596 4480 1181 4548 φῶκαι-1111111111,
1204 4483 1300 4533 tacit.
1322 4508 1351 4520 -
1387 4482 1472 4544 poest-

149 4556 266 4606 mlts
294 4554 481 4618 emamus.
508 4576 537 4588 -
573 4550 956 4611 ao.nosa·....aolt,
984 4552 1074 4602 redeas
1099 4559 1124 4602 et
1150 4551 1330 4603 edition.
1357 4552 1469 4613 remos,

149 4627 239 4676 radus
268 4625 314 4675 ad.
345 4625 396 4676 Οι.
425 4648 455 4661 -
499 4622 545 4674 13.
570 4625 683 4686 owspto.
718 4621 793 4672 Nrasc
817 4621 1079 4686 martyrii-Legum:
1105 4624 1228 4684 incepto,
1259 4635 1317 4670 eum
1346 4619 1408 4670 1111.
1437 4644 1470 4658 -

150 4695 307 4746 mosam
324 4695 370 4746 lt:
400 4693 553 4744 martem
569 4693 601 4744 s.
634 4717 665 4729 -
700 4692 745 4743 11.
762 4693 797 4741 tte
818 4691 1076 4757 itemst-lagunas
1107 4692 1277 4742 1111111.-
1312 4689 1357 4740 31.
1377 4690 1471 4740 abdce·

150 4772 214 4816 m
230 4765 268 4816 11.
281 4788 313 4800 -
331 4765 375 4815 31.
386 4777 462 4827 posse
473 4764 589 4828 equidm
600 4761 848 4829 ltartynt-Laqnna.
880 4762 1214 4826 Fortpereemeeqstdem
1225 4761 1349 4810 mmm.
1369 4759 1421 4810 Οι.
1435 4782 1470 4798 -·

151 4836 196 4887 11.
214 4835 284 4901 quod
306 4834 420 4885 otactmn
436 4831 673 4898 quodduttqsoa'
689 4831 816 4896 decena.
834 4832 1024 4882 meatim
1041 4832 1084 4883 Ma
1114 4831 1276 4895 quodquod
1299 4829 1469 4884 mmm

151 4920 180 4956 a.
206 4906 395 4958 mmmm
413 4903 453 4962 s,
482 4904 552 4970 qnod
572 4903 700 4964 meae,
725 4914 836 4967 queue,
855 4902 924 4952 deest
946 4908 1054 4953 marna
1076 4900 1278 4952 mactant?
1296 4901 1414 4953 Renum.
