3256 5400
175 221 237 283 666
576 239 578 244 ·
678 212 738 274 ΕΡ.
759 211 812 274 AD
843 210 1016 274 ATTICUM

175 374 304 459 'sQuod
326 373 414 443 siles,
451 378 536 433 recte
563 368 607 430 mi
634 366 719 432 illam
747 387 816 432 rem
844 365 913 431 iore
935 366 1131 442 levamento,
1153 367 1235 435 hene
1256 369 1351 451 sacis;
1383 384 1452 439 tum
1476 374 1509 439 id

176 480 236 545 est,
274 466 350 532 mihi
377 462 486 536 crede,
523 459 670 546 perinde,
700 469 735 525 ut
768 461 947 526 existimare
977 470 1012 527 tu
1038 483 1102 527 non
1136 474 1235 548 potes,
1279 472 1341 532 Res
1364 467 1511 538 indicat.

177 570 292 649 quanto
314 579 411 644 opere
432 555 464 621 id
487 554 624 640 cupiam,
662 574 733 620 cum
754 553 812 621 tibi
833 555 963 620 audeam
993 555 1152 632 confiteri,
1189 580 1282 644 quem
1312 562 1344 626 id
1374 584 1443 627 non
1467 562 1512 627 ita

176 655 266 722 valde
288 650 424 738 probare
454 646 598 713 arbitrer.
648 647 710 713 Sed
728 647 879 714 'serendus
907 647 963 713 tihi
993 649 1026 713 in
1048 648 1109 714 hoc
1129 672 1218 718 meus
1240 675 1343 720 error.
1389 661 1512 721 Feren-

155 751 253 816 sdus‘l
285 751 383 810 immo
413 764 490 807 vero
517 742 611 807 etiam
643 741 847 808 adiuvandus.
904 747 933 807 2.
962 747 1009 808 De
1032 743 1173 818 Othone,
1211 745 1334 825 diffido,
1370 750 1511 814 sortasse

177 842 262 929 quia·
279 838 381 923 cupio.
425 837 487 902 Sed
513 845 617 901 tamen
645 837 746 900 maior
775 835 868 901 otiam
897 858 949 901 res
972 845 1020 901 est
1050 858 1144 922 qnam
1170 837 1330 907 facultates
1358 854 1510 917 nostrae,

176 933 361 1023 praesertim
382 931 562 996 adversario
583 940 615 994 et
635 928 750 1016 cupido
773 939 803 994 et
825 929 979 1016 locuplete
1010 939 1042 993 et
1062 930 1197 1015 herede.
1229 939 1418 1002 Proximum
1443 947 1510 1008 est,

176 1037 211 1094 nt
238 1026 331 1091 velim
360 1025 496 1090 Clodiae.
539 1023 601 1088 Sed
632 1024 658 1088 si
693 1023 752 1087 ista
789 1022 893 1088 minus
920 1022 1033 1089 confici
1063 1034 1208 1109 possunt,
1245 1030 1332 1094 effice
1367 1029 1510 1116 quidvis.

176 1127 244 1205 Ego
270 1141 321 1183 me
350 1119 469 1183 maiore
498 1117 667 1202 religione,
705 1137 798 1202 quam
820 1121 986 1203 qnisquam
1013 1116 1072 1181 suit
1092 1117 1187 1183 ullius
1208 1123 1287 1196 voti,
1315 1123 1510 1188 obstrictum

145 1227 264 1303 reputo,
310 1211 436 1279 Videbis
458 1212 550 1276 etiam
572 1209 805 1286 Trebonianos;
828 1212 888 1275 etsi
909 1210 1023 1276 absunt
1052 1210 1183 1276 domini.
1226 1216 1304 1291 Sed,
1342 1229 1379 1282 ut
1405 1218 1449 1282 ad
1480 1229 1510 1282 te

178 1310 246 1375 heri
278 1307 403 1392 scripsi,
435 1303 647 1370 considerabis
670 1304 762 1368 etiam
792 1304 831 1368 de
856 1306 1048 1380 Tusculano,
1076 1324 1116 1368 ne
1137 1315 1237 1374 aestas
1259 1311 1381 1388 effluat3
1419 1310 1510 1396 quod

178 1414 263 1469 certo
285 1422 347 1466 non
370 1409 417 1465 est
437 1398 704 1465 committendum.

622 1538 1058 1625 mm(annmw

660 1663 804 1725 CICERO
825 1665 970 1728 ATTICO
994 1667 1025 1729 S.

145 1808 171 1847 rs
266 1784 293 1846 1.
321 1781 360 1842 Et
388 1773 524 1839 Hirtium
554 1770 671 1857 aliquid
700 1771 738 1836 ad
761 1781 791 1836 te
814 1780 994 1857 συμπαθῶς
1017 1775 1055 1841 de
1078 1798 1127 1842 mc
1149 1779 1311 1865 scripsisse
1334 1779 1430 1846 facile
1454 1802 1509 1866 pa-

178 1873 243 1939 tior
265 1907 302 1918 -
326 1871 399 1935 fecit
419 1865 513 1933 'enim
540 1865 674 1930 humane
696 1901 736 1911 —
759 1876 791 1930 et
811 1877 842 1932 te
867 1869 935 1933 eius
957 1871 1120 1956 epistolam
1142 1873 1180 1938 ad
1202 1896 1253 1938 me
1275 1896 1338 1940 non
1361 1876 1509 1948 misisse,

180 1966 430 2045 mutiafacitius.
482 1967 529 2027 Tu
551 1960 634 2024 enim
656 1959 748 2023 etiam
770 1958 945 2027 humanius.
1000 1964 1085 2030 lllins
1106 1966 1238 2042 librum,
1273 1969 1433 2054 quemad
1457 1991 1511 2034 nae

179 2062 262 2126 misit
290 2060 329 2125 de
359 2062 490 2131 Calone,
528 2063 694 2140 propterea
716 2052 789 2116 volo
812 2052 967 2140 divulgari
989 2078 1006 2120 a
1030 2058 1107 2133 tuis,
1144 2070 1179 2125 ut
1201 2083 1241 2126 ex
1263 2062 1399 2128 istorum
1425 2065 1512 2129 vitu-

179 2154 342 2241 peratione
364 2153 404 2217 sit
424 2150 507 2215 illius
529 2147 631 2212 maior
652 2145 799 2211 laudatio.
858 2152 888 2212 2.
912 2148 1003 2226 Quod
1027 2172 1084 2237 per
1104 2155 1267 2220 Mustelam
1289 2157 1375 2240 agis,
1407 2156 1511 2221 habes

140 2249 335 2316 eahominem
363 2245 452 2310 valde
485 2243 633 2308 idoneum
660 2240 785 2325 meique
814 2261 887 2305 saue
915 2241 1089 2309 studiosum
1119 2247 1179 2311 iam
1203 2249 1275 2313 inde
1298 2271 1315 2313 a
1338 2251 1511 2315 Pontiano.

180 2342 297 2408 Perfice
318 2341 415 2426 igitur
436 2336 563 2422 aliquid.
622 2332 706 2411 Quid
727 2343 831 2397 antem
854 2335 958 2409 aliud,
992 2338 1053 2403 nisi
1083 2350 1117 2405 ut
1146 2341 1247 2408 aditus
1280 2345 1321 2408 sit
1343 2345 1513 2431 emptori?

180 2436 265 2524 quod
287 2456 345 2521 per
366 2432 509 2520 quemvis
531 2428 678 2494 heredem
700 2437 803 2512 potest
826 2429 915 2494 effici.
959 2430 1021 2496 Sed
1042 2435 1206 2500 Mustelam
1227 2436 1259 2500 id
1274 2438 1511 2524 perfecturum,

179 2531 204 2596 si
227 2529 366 2614 rogaris,
403 2537 489 2613 puto.
545 2521 621 2588 Mihi
643 2540 720 2584 vero
743 2530 774 2584 et
795 2520 919 2598 locum,
943 2547 1036 2612 quem
1058 2538 1149 2613 opto,
1172 2530 1279 2604 adid,
1302 2530 1389 2616 quod
1410 2531 1514 2596 ¹volu·

178 2645 262 2697 mus,
285 2622 409 2687 dederis
432 2631 463 2684 et
486 2626 648 2704 praeterea
669 2615 851 2699 ἐγγήραμα.
903 2623 978 2683 Nam
1001 2620 1054 2684 illa
1076 2622 1144 2686 Silii
1172 2634 1202 2688 et
1223 2625 1317 2688 Drusi
1340 2645 1406 2688 non
1430 2625 1512 2688 satis

140 2716 427 2784 eaoisodeeaotcad.
462 2712 537 2776 mihi
571 2709 724 2774 videntur.
775 2710 858 2785 Quid
886 2713 990 2777 enimi
1024 2715 1142 2780 Sedere
1164 2727 1246 2782 totos
1268 2718 1389 2782 diesin
1413 2719 1510 2784 villal

178 2817 239 2875 Ista
260 2811 357 2895 igitur
385 2807 507 2883 malim,
531 2805 667 2890 primum
692 2801 841 2876 Othonis,
877 2805 989 2871 deinde
1012 2809 1148 2876 Clodiae.
1202 2812 1234 2876 Si
1257 2811 1332 2876 nihil
1356 2811 1427 2898 det,
1451 2824 1512 2877 aut

178 2908 281 2968 Druso
310 2901 401 2968 ludus
433 2910 479 2964 est
509 2892 722 2982 suggerendus
753 2906 805 2961 aut
832 2898 982 2964 utendum
1004 2905 1189 2969 Tusculano.
1243 2910 1272 2970 3.
1297 2907 1392 2983 Quod
1416 2907 1510 2973 domi

178 3006 207 3062 te
240 2995 409 3069 inclusisti,
446 2993 567 3059 ratione
596 2987 706 3054 iecisti.
765 2989 826 3054 Sed
860 3014 976 3078 quaeso
999 2996 1116 3062 confice
1140 3008 1170 3063 et
1193 3008 1222 3063 te
1245 3021 1377 3065 vacuum
1401 3002 1508 3066 redde

178 3090 278 3155 nobis.
321 3093 387 3174 Ego
409 3087 496 3161 hinc,
529 3094 563 3150 ut
584 3081 695 3167 scripsi
717 3090 825 3156 antea,
862 3087 1013 3170 postridie
1036 3090 1108 3155 ldus
1130 3093 1274 3166 Lanuvii,
1306 3093 1423 3159 deinde
1448 3118 1511 3181 po-

141 3184 285 3248 sostridie
315 3173 347 3247 in
379 3180 563 3246 Tusculano.
607 3173 739 3244 Contudi
762 3178 843 3241 enim
867 3180 1006 3247 animum
1029 3195 1059 3249 ct
1082 3185 1216 3251 sortasse
1238 3187 1317 3261 vici,
1354 3188 1381 3251 si
1404 3189 1508 3254 modo

177 3298 391 3364 permansero.
446 3280 530 3340 Scies
560 3273 655 3357 igitur
681 3267 814 3335 sortasse
847 3294 935 3349 cras,
968 3296 1123 3343 summum
1157 3281 1318 3367 perendie.
1372 3285 1402 3345 i.
1438 3282 1506 3347 Sed

176 3371 250 3456 quid
273 3380 321 3435 est
342 3375 482 3455 quaeso?
518 3369 699 3433 Philotimus
721 3383 778 3427 ncc
801 3370 940 3432 Carteiae
962 3371 1145 3457 Pompeium
1168 3376 1267 3439 teneri
1301 3412 1339 3421 —
1375 3376 1506 3461 quade

175 3486 211 3527 re
242 3464 414 3528 litterarum
448 3463 487 3528 ad
518 3462 660 3528 Clodium
690 3461 912 3542 †Putavinum
947 3467 1111 3530 missarum
1135 3470 1311 3554 exemplum
1335 3469 1412 3532 mihi
1437 3471 1508 3555 Op·

175 3557 245 3641 pius
278 3566 309 3620 et
337 3556 451 3621 Balbus
488 3556 652 3628 miserant,
683 3577 716 3619 se
747 3555 780 3619 id
811 3553 926 3619 saelum
960 3555 1107 3623 arbitrari
1129 3596 1168 3609 —-
1191 3560 1369 3648 bellumque
1392 3556 1506 3627 narrat

246 3776 271 3824 1.
293 3775 369 3836 Quod
387 3774 467 3831 silea,
498 3778 567 3820 recte
584 3774 621 3820 mi
640 3774 716 3821 illum
736 3771 775 3831 Y,
808 3774 885 3835 Qrsod
903 3777 969 3823 scies
987 3781 1055 3825 recte
1072 3778 1147 3826 illum
1165 3779 1211 3839 M,
1240 3781 1316 3842 Quod
1335 3783 1414 3831 illum
1431 3799 1505 3835 ime·

176 3848 227 3896 diis
247 3841 364 3908 omissis)
384 3846 421 3902 ti,
443 3844 520 3905 Qltod
538 3845 604 3890 scies
623 3851 692 3891 recte
710 3844 739 3891 in
758 3843 832 3890 illam
851 3844 881 3903 l,
910 3846 987 3906 Quod
1005 3848 1065 3894 siles
1082 3850 1148 3896 milii
1166 3850 1240 3897 illum
1259 3852 1289 3900 Ε.
1327 3853 1417 3915 (Quod
1436 3857 1504 3904 ,ma

175 3917 224 3974 bis,
244 3917 297 3964 reri
316 3922 339 3964 te
358 3915 432 3962 illum
444 3927 498 3962 rem
515 3914 571 3974 sore
588 3913 652 3960 mihi
666 3913 820 3970 levamento,
835 3928 893 3962 cum
905 3915 966 3964 beno
985 3924 1095 3967 auclore
1108 3919 1229 3969 Manulio
1246 3920 1394 3972 Lambinus
1408 3926 1501 3980 1566..

175 3987 252 4049 Quod
264 3985 364 4042 acribia,
373 3991 439 4033 certe
448 3984 513 4030 mihi
525 3983 599 4031 ittam
609 3997 662 4030 rem
674 3984 693 4047 f·
704 3982 733 4037 l.,
749 3996 808 4031 cum
819 3983 880 4031 heae
893 3983 1040 4035 Lambinus
1055 3989 1081 4036 in
1096 4002 1149 4050 mg.
1162 3991 1278 4053 Repeti).
1296 4018 1323 4028 -
1354 4000 1410 4044 taam
1420 3996 1451 4042 id
1464 4001 1503 4044 est

174 4057 321 4106 Lambinus
331 4054 434 4103 cumZ:
449 4067 506 4103 cum
516 4053 545 4100 id
555 4066 608 4101 esse
618 4052 668 4105 Ml,
681 4066 741 4100 oum
748 4053 777 4099 id
788 4058 853 4100 assat
861 4055 913 4103 illi.
925 4055 1069 4105 Malimus:
1085 4059 1159 4120 Quod
1168 4062 1266 4121 scribis,
1281 4063 1335 4110 reri
1344 4071 1368 4113 ta
1377 4068 1414 4114 ms·
1423 4066 1503 4114 ittam

172 4142 197 4176 r.
211 4126 230 4188 f.
246 4127 275 4183 l.,
287 4127 311 4174 b.
322 4125 400 4187 focis,
416 4129 503 4172 tomen
514 4125 550 4172 id.
560 4147 589 4157 -
609 4124 635 4171 2.
647 4119 806 4183 mihicrede]
816 4124 879 4171 mihi
892 4124 984 4172 scribis
994 4128 1047 4174 reri
1061 4132 1085 4175 te
1098 4129 1174 4177 crede
1184 4132 1213 4180 il.
1227 4154 1257 4165 -
1268 4134 1410 4182 aestimare
1424 4136 1456 4185 ll.
1470 4161 1498 4172 -

170 4203 246 4260 potes
256 4197 340 4246 ZMll:
360 4207 449 4256 posses
462 4194 504 4242 lE.
521 4221 549 4230 -
572 4194 596 4240 3.
615 4200 777 4254 quantopere
790 4193 862 4242 Mill.
884 4194 928 4251 (Ut
939 4209 997 4255 nos,
1012 4197 1095 4245 Cudd.
1107 4199 1205 4261 Bosii.)
1218 4225 1251 4239 -
1277 4199 1346 4264 cum]
1358 4217 1440 4266 quum
1459 4219 1499 4268 pr.

173 4268 210 4318 M·
227 4291 256 4301 -
276 4267 302 4316 le·
323 4266 473 4314 arbitrarer
492 4263 556 4310 1.-
576 4263 602 4311 6.
615 4264 695 4311 etium
709 4277 765 4311 om.
777 4262 806 4310 n.
824 4289 851 4298 -
872 4263 899 4313 8.
914 4265 964 4311 Sed
977 4280 1031 4314 om.
1042 4268 1116 4317 Mill.
1136 4270 1280 4324 (insertum
1292 4285 1307 4321 e
1319 4273 1386 4323 Cod.
1398 4277 1426 4324 in
1442 4290 1499 4337 mg.

175 4339 277 4400 Repeti.
298 4336 391 4384 Lamb.
413 4330 715 4395 etnCralandro.)-
736 4335 890 4393 possiattl.
913 4360 941 4368 -
980 4337 1201 4387 6666311.-
1239 4343 1280 4391 10.
1297 4345 1401 4404 putabo
1422 4346 1498 4396 R,-

176 4408 218 4457 16.
240 4411 263 4453 et
282 4407 317 4466 ts]
338 4418 392 4453 ecce
412 4418 451 4465 pr·
471 4404 508 4451 M.
525 4430 550 4440 -
576 4404 618 4452 18.
640 4405 673 4453 ab
693 4404 714 4451 1.
738 4427 765 4437 -
788 4404 830 4452 19.
844 4403 997 4452 Μυεεοὶὶαηι
1015 4405 1045 4465 1,
1065 4409 1176 4471 ubique.
1199 4436 1226 4447 -
1248 4412 1290 4461 20.
1310 4426 1377 4462 sune
1396 4430 1454 4465 om.
1476 4416 1499 4466 1,

177 4503 204 4514 ..
226 4478 268 4526 21.
291 4474 379 4539 uliud]
398 4475 465 4522 illud
485 4476 505 4523 1.
527 4499 561 4508 -
597 4475 641 4525 ⁶23.
671 4474 950 4523 ctanlatocumom.
971 4474 992 4523 1.
1016 4499 1044 4508 -
1083 4479 1126 4527 nt.
1146 4477 1312 4550 ἐγγήραμα.
1349 4483 1498 4536 Numam.

174 4548 218 4596 ili.
250 4571 280 4582 -
317 4548 360 4595 ⁴25.
383 4544 453 4606 Quid
475 4546 565 4591 euim?
585 4544 679 4592 Sedere
709 4544 749 4593 Il:
782 4544 852 4605 Quid
869 4545 936 4592 euim
955 4545 1043 4595 sedere
1061 4547 1135 4597 Mili.
1155 4573 1189 4586 -
1224 4551 1305 4598 vitta!
1336 4554 1394 4603 istu
1412 4558 1501 4620 ipisus·

174 4618 287 4667 Rosius:
308 4615 470 4664 vittuiatai
491 4614 664 4676 lpitssrlilli.
695 4637 725 4648 -
761 4614 805 4663 27.
827 4614 1007 4664 Tusculanum
1024 4615 1085 4666 MR.
1108 4641 1136 4651 -
1174 4619 1500 4676 subauscultemus

173 4694 199 4737 et
217 4688 376 4736 Lambinus:
406 4684 474 4733 lomi
491 4684 534 4741 M,
563 4686 689 4733 Ianuarii
708 4684 733 4745 1,
758 4683 908 4733 Lanuvium
926 4685 980 4735 RE.
1003 4712 1031 4721 —
1071 4688 1114 4737 36.
1134 4690 1201 4748 vici,
1226 4687 1261 4752 si]
1280 4694 1395 4743 vicissim
1418 4697 1441 4745 1.
1467 4721 1499 4732 -

174 4759 216 4807 ³2·
244 4757 344 4807 Cortivt'
368 4757 433 4810 MR.
465 4753 566 4803 carlini
592 4755 613 4803 i·
653 4745 784 4816 (Manutio
810 4761 919 4803 auctore
946 4758 1061 4806 currerit
1080 4757 1249 4823 Lambinus.)
1279 4788 1309 4797 -
1347 4765 1392 4814 33,
1413 4766 1502 4814 Puta.

173 4831 262 4878 vinum
280 4828 325 4878 M:
347 4827 507 4876 Patauinum
521 4825 577 4886 nn,
596 4827 671 4874 numi
684 4825 744 4889 (sic)
756 4824 777 4873 Ι.
805 4825 896 4875 Malim
914 4824 1097 4889 Petavonium,
1118 4829 1266 4894 Hispaniae
1277 4835 1418 4897 oppidum.
1440 4840 1498 4887 011,
