3256 5400
161 207 222 272 190
589 203 865 270 ΕΡΙΒΤΟΕΑΕΠΜ
885 207 937 268 ΔΙ)
958 205 1049 268 ΕΔΜ.

158 363 272 430 milites
301 370 332 427 et
363 360 484 448 equites
505 358 544 425 ah
566 379 606 426 eo
631 365 822 426 transierunt
843 369 875 425 et
895 359 928 423 in
949 359 1015 425 dies
1037 358 1177 443 singulos
1203 360 1271 429 eius
1292 361 1400 448 copiae
1421 369 1479 429 mi·

157 465 307 524 nuuutur.
348 459 379 520 2.
408 454 530 520 Silanus
555 462 586 518 et
607 453 715 519 Culleo
736 453 775 519 ab
797 474 836 518 eo
858 452 1074 518 discesserunt.
1116 457 1179 518 Nos
1201 453 1260 518 etsi
1281 455 1419 540 graviter
1439 455 1478 522 ab

157 549 197 615 iis
217 548 294 613 laesi
322 567 469 622 eramus,
505 544 592 634 quod
612 556 721 612 contra
742 555 881 612 nostram
903 546 1091 610 voluntatem
1113 544 1152 610 ad
1173 547 1340 612 Antonium
1362 548 1478 624 ierant,

158 651 261 707 tamen
282 650 407 707 nostrae
429 639 626 706 humanitatis
648 648 679 705 et
699 639 934 705 necessitudinis
949 659 1042 704 causa
1064 660 1176 704 eorum
1197 641 1305 706 salutis
1326 642 1478 707 rationem

133 735 338 812 shahuimus3
371 756 430 800 nec
459 744 561 800 tamen
594 754 705 798 eorum
731 753 828 819 opera
856 733 975 798 utimur
1002 753 1105 818 neque
1137 733 1301 799 incastris
1328 734 1479 800 habemus
1512 805 1517 815 ,

158 850 259 915 neque
280 827 337 893 ulli
358 828 485 914 negotio
505 826 722 913 praefecimus.
765 825 859 904 Quod
880 826 919 891 ad
951 825 1067 891 bellum
1088 826 1149 892 hoc
1169 832 1290 902 attinet,
1312 850 1370 894 nec
1391 851 1479 894 seua·

157 922 203 988 tui
213 941 271 986 nec
284 921 332 986 rei
342 921 485 1007 publicae
508 918 675 985 deerimus.
708 922 797 997 Quae
812 928 919 1004 postea
935 919 1107 1004 egerimus,
1129 921 1285 986 faciamte
1300 923 1477 989 certiorem.

243 1114 272 1177 1.
293 1108 359 1176 Etsi
381 1108 626 1194 omnitempore
647 1127 767 1173 summa
785 1064 885 1171 stlrdia
904 1104 998 1169 officii
1019 1113 1129 1170 mutuo
1150 1105 1232 1172 inter
1254 1129 1311 1174 nos
1332 1110 1477 1174 certatim

156 1203 362 1272 constiterunt
387 1222 446 1287 pro
475 1211 581 1267 nostra
608 1200 691 1266 inter
718 1221 776 1266 nos
804 1198 1012 1263 familiaritate
1039 1208 1072 1262 et
1096 1199 1230 1285 proinde
1251 1200 1416 1287 diligenter
1437 1202 1477 1266 ah

122 1311 147 1351 ¹⁰
156 1308 292 1384 utroque
313 1301 496 1362 conservata
523 1303 612 1367 sunt,
645 1303 748 1359 tamen
770 1314 833 1358 non
854 1290 980 1364 dubito,
1013 1291 1046 1356 in
1069 1301 1153 1357 tauto
1176 1304 1289 1362 ettam
1312 1297 1477 1383 repentino

156 1402 245 1458 motu
271 1390 319 1456 rei
348 1387 491 1476 publicae
526 1387 603 1474 quin
624 1387 771 1453 nonnulla
792 1385 830 1450 de
852 1407 902 1450 mo
923 1384 1008 1450 salsis
1028 1386 1210 1453 rumoribus
1232 1408 1250 1452 a
1271 1389 1349 1454 meis
1371 1388 1478 1455 obtre-

68 1543 74 1556 .
156 1483 328 1551 uiatoribus
349 1503 400 1547 me
421 1481 548 1565 indigua
569 1480 608 1546 ad
629 1491 659 1547 te
681 1480 781 1546 delata
800 1479 877 1553 sint,
900 1500 980 1566 quae
995 1491 1084 1544 tuum
1099 1480 1236 1545 animum
1250 1503 1364 1567 magno
1379 1503 1478 1567 opere

157 1586 320 1645 moverent
353 1596 413 1662 pro
443 1583 498 1640 tuo
527 1595 635 1640 amore
664 1574 697 1639 in
717 1596 785 1640 rem
807 1572 974 1660 publicam.
1023 1577 1067 1638 Ea
1089 1584 1120 1638 te
1141 1575 1299 1641 moderate
1321 1574 1478 1661 accepisse

157 1692 259 1757 neque
292 1679 411 1735 temere
440 1666 630 1733 credendum
660 1667 813 1734 iudicasse
840 1690 859 1734 a
891 1669 969 1732 meis
990 1667 1249 1755 procuratoribus
1270 1673 1388 1735 certior
1408 1690 1477 1733 sum

121 1765 273 1842 tsiactus3
295 1784 375 1850 quae
397 1761 487 1835 mihi,
517 1769 552 1826 ut
572 1759 703 1836 dehent,
725 1762 899 1847 gratissima
921 1771 1001 1827 sunt.
1046 1761 1174 1826 Memini
1195 1761 1278 1827 enim
1301 1773 1332 1827 et
1352 1761 1404 1828 illa
1426 1784 1479 1828 su-

157 1858 302 1944 periora,
331 1877 410 1942 quae
437 1854 494 1919 abs
516 1864 567 1919 tua
595 1855 753 1920 voluntate
781 1855 920 1939 proiecta
946 1854 1077 1919 suntad
1099 1875 1199 1919 meam
1221 1854 1401 1940 dignitatem
1423 1877 1479 1920 au·

156 1952 289 2037 gendum
313 1948 545 2021 domandam,
569 1968 649 2034 quae
662 1957 814 2033 perpetuo
836 1947 940 2012 animo
962 1967 1034 2011 meo
1055 1947 1116 2012 fixa
1138 1947 1316 2013 manebunt.
1361 1952 1391 2012 2.
1414 1947 1477 2013 Abs

157 2054 202 2119 te,
224 2045 267 2110 mi
291 2044 418 2117 Cicero,
440 2061 553 2125 magno
575 2061 672 2126 opere
694 2049 784 2126 peto,
807 2039 833 2103 si
855 2060 957 2104 meam
978 2039 1091 2113 vitam,
1113 2040 1286 2122 †studium
1308 2039 1478 2125 diligentis-

157 2137 247 2203 sime.
258 2135 476 2221 superioribus
498 2132 691 2220 temporibus
712 2136 744 2196 in
765 2153 800 2196 re
822 2131 946 2217 publica
974 2132 1232 2209 administranda,
1255 2155 1336 2220 quae
1356 2133 1476 2217 Lepido

118 2228 249 2314 todigna
270 2238 357 2303 sunt,
387 2238 550 2315 perspecta
572 2225 682 2300 babes,
713 2234 749 2290 ιιι
769 2226 857 2310 paria
878 2238 932 2292 aut
954 2247 993 2292 eo
1014 2227 1169 2312 ampliora
1188 2227 1312 2312 reliquo
1334 2237 1476 2312 tempore

64 2310 67 2324 '
156 2332 333 2408 exspectes,
352 2329 383 2386 et
413 2320 546 2407 proinde
580 2329 632 2384 tua
665 2319 847 2385 auctoritate
883 2342 935 2386 me
956 2319 1105 2386 tuendum
1136 2320 1311 2394 existimes,
1335 2341 1398 2406 quo
1420 2319 1476 2385 tibi

155 2415 246 2501 plura
266 2424 321 2479 tuo
344 2419 457 2478 merito
478 2412 591 2478 debeo.
633 2410 719 2478 Vale.
760 2418 798 2478 Ι).
820 2433 870 2480 11.
891 2412 1045 2481 Kalendas
1066 2414 1185 2489 Iunias,
1214 2435 1256 2480 ex
1276 2412 1403 2487 castris,
1435 2433 1477 2478 ex

156 2512 254 2575 Ponte
275 2514 442 2593 Argenteo.

598 2646 720 2709 xxxx.
769 2642 818 2726 (x.
844 2648 877 2710 u.
900 2649 932 2711 o.
954 2647 1041 2730 ιιι.)

119 2792 148 2831 ss
284 2770 672 2835 LEPIDUSIMP.1TER.
694 2766 808 2830 PONT.
829 2768 927 2833 Max,
949 2769 981 2832 S.
1002 2770 1041 2832 Ι).
1063 2769 1094 2832 S.
1115 2770 1149 2832 P.
1171 2770 1230 2833 PL.
1253 2771 1292 2846 Q.
1314 2776 1349 2837 ll.

243 2885 271 2947 1.
311 2884 342 2946 S.
370 2886 408 2946 V.
437 2877 593 2965 liberique
619 2881 715 2943 vestri
744 2882 781 2943 V.
808 2883 842 2942 B.
871 2882 907 2942 Ε.
935 2882 970 2942 Ε.
1001 2880 1040 2954 Q.
1068 2884 1107 2944 V.
1155 2883 1240 2945 Deos
1269 2880 1476 2968 hominesque

158 2983 273 3050 testor,
294 2984 399 3060 patres
421 2971 610 3057 conscripti,
633 2992 695 3057 qua
716 2978 818 3035 mente
840 2979 871 3036 et
892 2992 956 3058 quo
973 2971 1077 3036 animo
1098 2992 1224 3058 semper
1244 2974 1277 3038 in
1292 2994 1360 3040 rem
1374 2974 1477 3058 puhli-

158 3087 227 3133 eom
259 3067 373 3133 fuerim
396 3075 427 3130 et
449 3086 540 3151 quarn
563 3064 640 3129 nihil
661 3064 816 3150 antiquius
839 3065 996 3129 communi
1018 3064 1116 3130 salute
1138 3086 1174 3130 ac
1194 3065 1337 3132 libertate
1358 3067 1477 3132 iudica-

155 3160 233 3238 rim;
256 3160 340 3246 quod
363 3158 453 3224 vobis
474 3157 565 3223 brevi
585 3155 784 3243 probassem,
806 3157 867 3222 nisi
888 3157 963 3222 mihi
985 3156 1111 3223 fortuna
1130 3159 1294 3243 proprium
1310 3161 1474 3227 consilium

117 3276 146 3316 ao
156 3259 349 3318 extorsisset.
390 3257 466 3317 Nam
488 3251 644 3317 exercitus
666 3261 794 3315 cunctus
816 3251 1074 3316 consuetudinem
1096 3272 1184 3315 suam
1205 3255 1239 3316 in
1259 3251 1380 3318 civibus
1401 3273 1476 3316 con·

156 3347 315 3411 servandis
336 3344 557 3431 communique
579 3362 674 3429 pace,
697 3343 850 3409 seditione
871 3343 968 3418 facta,
989 3343 1118 3409 retinuit
1138 3365 1252 3430 meque
1273 3353 1375 3412 tantae
1397 3344 1477 3409 mul·

156 3440 296 3505 titudinis
317 3440 431 3504 civium
452 3443 664 3503 Romanorum
685 3437 792 3502 salutis
813 3447 907 3523 atque
927 3437 1148 3503 incolumitatis
1170 3458 1294 3503 causam
1315 3438 1476 3524 suscipere

157 3542 192 3597 ut
213 3554 287 3597 vere
309 3532 425 3604 dicam,
458 3530 570 3616 coegit.
628 3535 659 3595 2.
681 3535 716 3596 ln
738 3551 798 3616 qua
820 3551 856 3595 re
878 3550 938 3615 ego
960 3552 1033 3599 vos.
1070 3541 1174 3616 patres
1196 3532 1380 3618 conscripti,
1415 3552 1476 3597 oro

157 3635 251 3712 atque
272 3623 426 3699 obsecro,
449 3634 500 3699 ιιι,
532 3624 662 3709 privatis
683 3623 907 3689 offensionibus
929 3623 1070 3697 omissis,
1100 3645 1242 3690 summae
1263 3630 1310 3690 rei
1332 3624 1476 3711 publicae

120 3741 147 3781 ιι
158 3717 341 3791 consulatis,
363 3737 442 3782 neve
463 3716 713 3781 misericordiam
735 3725 873 3781 nostram
892 3716 1110 3802 exercitusque
1132 3717 1232 3783 nostri
1252 3717 1285 3783 in
1307 3719 1391 3783 civili
1414 3718 1478 3784 dis-

156 3810 302 3875 sannone
334 3810 460 3874 sceleris
491 3810 562 3874 loco
590 3811 722 3895 ponatis.
779 3808 902 3886 Quodsi
931 3809 1038 3875 salutis
1078 3811 1218 3876 omnium
1251 3831 1288 3875 ac
1320 3811 1476 3896 dignitatis

155 3903 310 3969 rationem
343 3901 529 3977 habueritis,
562 3904 674 3969 melius
701 3912 732 3967 et
759 3902 849 3968 vobis
877 3913 909 3968 et
940 3907 987 3968 rei
1013 3902 1156 3989 publicae
1178 3904 1355 3971 consuletis.
1397 3910 1477 3970 Data

156 4015 209 4063 ιιι.
231 3996 297 4061 Kal.
319 4000 386 4061 lun.
409 4017 427 4060 a
447 4000 544 4061 Ponte
564 4002 731 4081 Argenteo.

226 4186 254 4236 3.
271 4187 304 4234 ιιι
321 4185 350 4236 hl
361 4200 368 4235 ι
388 4186 428 4235 his
445 4185 476 4235 Ε.
512 4210 538 4220 -
576 4186 602 4236 8.
627 4187 719 4237 Novae
742 4186 871 4249 epistolae
896 4187 1003 4236 initium
1022 4186 1088 4237 hinc
1106 4186 1221 4236 lecimus
1239 4201 1302 4237 cum
1320 4187 1475 4237 Victoriana

155 4253 251 4305 altera.
274 4280 303 4291 -
341 4255 384 4306 11.
403 4262 477 4305 motu
495 4257 561 4318 reip.
579 4255 623 4307 M:
643 4256 798 4318 retpsdticoa
816 4263 887 4305 mota
905 4257 936 4307 Ε.
959 4283 987 4293 -
1010 4257 1052 4308 13.
1071 4264 1202 4307 ηιουιτοιιι
1221 4256 1270 4307 hl:
1289 4262 1423 4306 mouount
1443 4255 1474 4306 ll.

154 4326 228 4377 Part.
246 4327 383 4375 mouerint.
403 4325 455 4375 Οιι.
474 4347 507 4361 -
543 4325 585 4375 18.
604 4326 720 4375 studium
738 4326 780 4377 hl:
799 4334 823 4375 et
841 4327 955 4375 studium
973 4327 1003 4376 Ε.
1027 4324 1140 4390 (mom,
1165 4328 1293 4387 studium,
1312 4327 1476 4389 diltqsnttum

156 4395 315 4445 Lambinus.
353 4396 425 4445 Fort.
447 4407 463 4442 e
482 4394 591 4459 syllabis
609 4409 678 4446 sums
694 4395 889 4445 Lambiuiauae
907 4397 1017 4447 lectioni
1034 4396 1189 4447 addendum
1207 4410 1343 4446 ammona.
1364 4396 1427 4458 Oa.)
1444 4419 1475 4430 -

156 4465 200 4516 30.
219 4467 400 4515 comuetudtne
412 4465 507 4516 auehi.
527 4489 558 4500 -
586 4466 752 4516 observandis
770 4465 820 4527 ll,
838 4467 973 4517 navandis
990 4481 1047 4531 mg.
1065 4467 1171 4531 Repett·
1191 4466 1285 4517 hamb.
1304 4491 1338 4501 -
1356 4466 1399 4516 38.
1411 4462 1475 4516 xat.

155 4535 218 4585 ian.
236 4550 254 4586 u
274 4535 329 4585 Vh:
348 4535 411 4586 liat.
431 4551 448 4584 o
468 4535 526 4586 llil.

716 4752 915 4762 ——-—
