3256 5400
190 239 233 301 911
622 233 897 298 EPISTOLARUM
918 235 971 296 Ab
991 232 1083 296 FAM.

191 395 265 461 Sive
292 393 376 460 enim
402 390 481 457 nibil
504 399 570 456 tum
598 409 678 476 opus
706 389 766 455 fuit
792 399 855 454 tam
888 388 992 453 multis
1020 385 1147 471 verbis,
1184 386 1283 454 nihilo
1307 391 1406 472 magis
1432 406 1516 452 nunc

190 509 270 574 opus
292 496 352 564 est;
382 486 449 551 sive
471 494 538 550 tum
560 502 641 570 opus
661 483 736 557 luit,
765 482 842 547 illud
860 481 934 546 satis
959 490 1022 556 est,
1045 480 1231 568 praesertim
1249 502 1320 546 eum
1345 481 1515 546 accesserit

190 582 269 647 nihil
285 580 369 645 novi.
420 583 496 644 Nam
525 576 584 643 etsi
608 575 749 663 quotidie
768 573 886 663 aliquid
907 574 1051 641 audimus
1076 595 1186 655 earum
1212 596 1337 650 rerum,
1373 595 1450 663 quas
1474 571 1516 638 ad

190 684 221 741 te
242 672 378 762 perferri
407 671 571 746 existimo,
601 691 722 735 summa
744 677 848 735 umen
874 668 984 735 eadem
1009 679 1058 735 est
1085 679 1117 735 et
1148 667 1232 733 idem
1249 669 1380 735 exitus:
1417 688 1513 754 quem

166 789 250 854 sego
267 776 329 832 tam
351 765 444 831 video
468 764 589 838 animo,
621 784 715 849 quam
734 783 788 836 ea,
817 783 900 848 quae
918 763 1018 828 oculis
1038 763 1218 837 cernimus,
1241 783 1299 827 nec
1321 782 1400 827 vero
1423 761 1516 848 quid·

189 882 283 947 quam
307 859 417 932 video,
453 857 539 943 quod
569 877 633 921 non
663 856 746 921 idem
773 865 804 920 te
832 855 940 920 vidue
966 865 1054 922 certo
1080 856 1156 921 scio.
1208 860 1285 919 Nam
1309 857 1383 930 etsi,
1417 877 1515 943 quem

189 953 310 1018 exitum
328 952 412 1017 acics
441 949 584 1015 habitura
604 949 659 1025 sit,
689 948 831 1015 divinare
854 970 947 1015 nemo
969 959 1088 1036 potest,
1111 957 1215 1014 tamen
1241 956 1272 1013 et
1293 946 1367 1013 belli
1392 949 1513 1015 exitum

189 1047 283 1112 video
299 1053 348 1119 et,
371 1045 398 1109 si
421 1044 453 1109 id
472 1043 590 1116 minus,
614 1042 674 1108 hoe
692 1043 820 1130 quidem
839 1054 942 1117 certe,
965 1065 1037 1110 cum
1053 1043 1095 1111 sit
1108 1062 1236 1109 necesse
1255 1042 1391 1106 alterum
1405 1052 1515 1109 uuum

189 1141 332 1212 vincere,
355 1138 455 1225 qualis
477 1136 582 1201 lutura
605 1136 644 1201 sit
658 1136 709 1201 vel
722 1137 799 1202 haec
822 1138 870 1202 vel
885 1137 937 1202 illa
955 1136 1097 1202 victoria.
1140 1141 1171 1202 3.
1193 1135 1292 1222 quue
1307 1155 1379 1200 curn
1395 1137 1515 1222 optimc

153 1261 180 1300 ιο
189 1233 358 1320 perspexi,
381 1232 441 1296 tale
461 1230 574 1303 video,
598 1229 674 1294 nihil
695 1240 730 1295 ut
750 1230 824 1295 mali
845 1230 991 1295 rideatur
1011 1229 1170 1304 futurum,
1193 1228 1220 1293 si
1241 1226 1274 1293 id
1295 1229 1438 1294 velante
1462 1251 1515 1295 ao·

189 1325 316 1398 ciderit‚
338 1324 423 1410 quod
451 1323 500 1389 vel
525 1321 697 1387 maximum
729 1323 768 1389 ad
796 1323 943 1389 timorem
965 1323 1164 1411 proponitur.
1206 1326 1254 1387 lta
1279 1323 1364 1389 enim
1389 1325 1512 1398 vivere,

188 1429 224 1486 ut
245 1429 311 1485 tum
328 1421 368 1485 sit
386 1418 568 1490 vivendum,
600 1417 812 1483 miserrimum
837 1427 899 1496 est;
921 1418 1004 1483 mori
1025 1426 1129 1482 autem
1156 1437 1250 1482 nemo
1273 1416 1398 1502 sapiens
1421 1417 1515 1484 misc-

189 1536 260 1580 rum
279 1515 382 1587 duxit,
406 1535 445 1578 ne
467 1512 558 1577 beato
580 1512 717 1598 quidem.
761 1510 823 1577 Sed
845 1511 877 1576 in
898 1533 935 1576 ea
954 1533 988 1576 es
1007 1510 1103 1585 urbe,
1126 1511 1159 1577 in
1179 1532 1241 1599 qua
1262 1511 1339 1576 haec
1356 1511 1407 1576 vel
1422 1512 1515 1598 plura

191 1618 221 1673 et
240 1608 399 1674 ornatiora
424 1607 559 1693 parietes
581 1605 642 1691 ipsi
663 1604 751 1691 loqui
769 1626 864 1691 posse
891 1605 1067 1672 videantur.
1110 1608 1142 1670 4.
1175 1609 1243 1689 Ego
1268 1603 1326 1669 tibi
1352 1604 1413 1670 hoc
1439 1626 1515 1672 con-

156 1730 181 1768 ιε
191 1702 296 1776 firmo,
328 1703 386 1767 etsi
411 1703 488 1767 levis
505 1710 553 1766 est
575 1700 750 1766 consolatio
775 1719 816 1764 ex
840 1698 978 1763 miseriis
1003 1699 1152 1772 aliorum,
1175 1697 1274 1763 nihilo
1296 1706 1327 1762 te
1347 1719 1430 1763 nunc
1449 1720 1515 1764 ma-

189 1793 259 1858 iore
280 1794 312 1859 in
334 1794 513 1858 discrimine
537 1815 606 1858 esse
632 1814 726 1879 quam
754 1793 896 1880 quemvis
921 1802 974 1858 aut
991 1814 1117 1867 eorum,
1155 1793 1211 1879 qui
1227 1791 1427 1857 discesserint
1450 1791 1515 1877 [aut

189 1907 315 1958 eorum,
353 1888 407 1973 qui
429 1887 669 1971 remanserint];
702 1886 792 1951 alteri
814 1886 978 1958 dimicant,
1000 1886 1091 1952 alteri
1110 1886 1263 1951 victorem
1288 1884 1406 1951 timent
1451 1885 1514 1950 Sed

189 1978 266 2044 haec
286 1980 458 2044 consolatio
481 1980 558 2044 levis
581 1989 642 2056 est;
665 1981 717 2045 illa
739 1980 887 2065 gravior,
910 1988 1018 2067 quate
1036 1981 1208 2065 utispero,
1232 1998 1292 2062 ego
1313 1987 1400 2043 certe
1420 1987 1513 2055 utor:

189 2093 248 2137 ncc
264 2073 364 2145 enim,
387 2073 462 2138 dum
482 2094 556 2147 ero,
580 2094 678 2158 angar
699 2073 762 2138 ulla
787 2096 839 2146 re,
862 2073 1042 2139 cumomni
1067 2095 1175 2138 vacem
1198 2072 1305 2156 culpa,
1327 2080 1375 2145 et,
1399 2071 1426 2136 εἰ
1450 2092 1513 2136 non

151 2187 264 2240 scere,
297 2188 391 2233 sensu
412 2167 541 2233 omnino
563 2166 688 2232 carebo.
738 2166 800 2232 Sed
832 2188 942 2232 rursus
974 2170 1094 2252 γλαῦκ’
1126 2178 1170 2243 εἰς
1192 2165 1356 2244 'Abdum
1391 2165 1447 2250 qui
1474 2164 1513 2229 ad

189 2267 219 2323 te
241 2257 327 2324 haec.
370 2260 447 2325 Mihi
472 2269 522 2334 tu,
544 2261 604 2334 tui,
632 2271 684 2326 tua
705 2261 812 2326 omnia
836 2261 992 2326 maximae
1012 2282 1106 2327 cinae
1128 2270 1199 2326 sunt
1221 2269 1267 2331 et,
1295 2256 1371 2322 dum
1393 2256 1513 2330 vivam,

189 2362 291 2418 erunt.
335 2354 421 2420 Vale.

665 2498 716 2560 ιν.
759 2496 807 2581 (Α.
835 2500 866 2562 u
890 2499 922 2561 c.
945 2493 1029 2578 roo.)

533 2613 574 2674 Μ.
598 2609 740 2673 oceno
764 2611 795 2672 ε.
816 2613 853 2672 n.
877 2612 912 2672 s.
935 2608 1164 2682 renouare.

152 2743 182 2782 π
279 2732 307 2791 1.
329 2728 426 2800 Novi,
450 2728 534 2814 quod
554 2727 593 2793 ad
613 2738 644 2792 te
664 2726 851 2799 scriberem,
874 2726 951 2792 nihil
969 2736 1050 2799 erat,
1075 2736 1249 2799 ettamen,
1272 2725 1300 2790 si
1322 2725 1398 2812 quid
1420 2735 1514 2797 essct,

189 2820 327 2885 sciebam
347 2828 377 2882 te
403 2841 421 2883 a
444 2820 505 2884 tuis
533 2820 702 2884 certiorem
724 2819 793 2884 lieri
825 2821 938 2886 solere.
981 2826 1028 2887 De
1052 2820 1167 2885 suturis
1196 2829 1301 2884 autem
1329 2818 1425 2884 rebus
1454 2819 1513 2883 etsi

189 2925 316 2990 semper
345 2903 469 2967 difficile
494 2912 541 2968 est
572 2904 691 2977 dicere,
728 2914 830 2968 tamen
852 2905 1007 2970 interdum
1037 2905 1218 2970 coniectura
1250 2904 1352 2990 possis
1381 2903 1513 2988 propius

189 2998 358 3068 accedere,
386 3018 458 3061 cum
485 3005 533 3060 est
551 3018 603 3061 res
628 2997 799 3070 eiusmodi,
829 2999 917 3062 cuius
946 2998 1049 3063 exitus
1078 2998 1240 3084 provideri
1265 2998 1373 3084 possit.
1426 3002 1514 3061 Nune

189 3101 307 3156 tantum
329 3090 472 3154 videmur
494 3088 668 3174 intelligere
702 3111 765 3155 non
796 3091 977 3157 diuturnum
999 3091 1132 3166 bellum,
1170 3093 1229 3158 etsi
1254 3092 1285 3157 id
1308 3093 1410 3178 ipsum
1435 3113 1514 3156 non-

151 3209 179 3248 aa
189 3185 281 3249 nullis
304 3183 449 3248 videmur
470 3204 571 3248 secus.
613 3184 767 3269 Equidem
789 3207 859 3250 cum
883 3186 958 3250 baec
979 3184 1171 3259 scribebam,
1195 3184 1315 3273 aliquid
1333 3185 1396 3249 iam
1410 3195 1513 3248 actum

188 3278 350 3365 putabam:
382 3299 445 3343 non
469 3298 534 3364 quo
554 3313 569 3326 -
588 3314 604 3325 ·
625 3279 679 3344 sed
702 3279 800 3365 quid?
844 3278 977 3343 difficilis
1003 3289 1071 3342 erat
1095 3279 1284 3343 coniectura.
1342 3283 1418 3342 Nam
1441 3299 1513 3342 cunr

189 3372 291 3436 omnis
321 3370 395 3436 belli
425 3377 508 3436 Mars
535 3375 708 3438 communis
735 3382 861 3437 etcum
890 3392 1014 3457 semper
1045 3371 1156 3436 incerti
1189 3373 1292 3436 exitus
1318 3372 1513 3457 proeliorum

189 3474 276 3537 sunt,
310 3475 375 3529 tum
399 3466 458 3531 hoc
479 3476 621 3552 tempore
644 3467 687 3532 ita
712 3487 843 3551 magnae
867 3465 1015 3550 utrinque
1036 3465 1160 3551 copiae,
1183 3466 1225 3531 ita
1251 3476 1376 3551 paratae
1398 3464 1437 3528 ad
1459 3464 1514 3528 de-

189 3557 389 3642 pugnandum
411 3580 480 3623 esse
502 3559 668 3632 dicuntur,
705 3569 753 3632 ut,
777 3571 972 3645 utercunque
994 3559 1122 3632 vicerit,
1146 3581 1209 3624 non
1231 3559 1272 3624 sit
1292 3559 1407 3622 mirum
1430 3557 1514 3621 l'utu·

151 3672 270 3716 ssrum.
312 3652 366 3716 llla
388 3652 419 3715 in
442 3653 509 3717 dies
532 3654 670 3736 singulos
693 3653 791 3737 magis
813 3653 974 3738 magisque
997 3653 1105 3737 opinio
1121 3653 1283 3717 hominum
1298 3652 1511 3716 confirmatur.

189 3745 312 3809 etiamsi
333 3745 415 3809 inter
437 3768 545 3811 causas
568 3768 727 3811 armorum
750 3746 943 3831 aliquantum
965 3745 1101 3818 intersit,
1138 3756 1239 3809 tamen
1262 3746 1344 3809 inter
1366 3745 1513 3809 victorias

188 3860 252 3902 non
274 3839 405 3903 multum
427 3841 662 3927 interfuturum.
705 3840 829 3904 Alteros
849 3838 1080 3924 propemodum
1102 3839 1163 3903 iam
1184 3860 1292 3903 sumus
1309 3837 1450 3922 experti3
1473 3836 1513 3908 de

188 3931 305 4003 altero,
328 3953 421 3996 nemo
444 3942 507 4006 cst,
531 3932 608 4018 quin
631 3933 761 4015 cogitet,
786 3953 880 4018 quam
902 3933 941 3996 sit
963 3932 1148 3998 metuendus
1171 3932 1267 3996 iratus
1290 3931 1391 3994 vietor
1412 3950 1514 3993 arma-

188 4033 248 4099 tus,
302 4029 331 4089 2.
369 4030 438 4090 lloc
465 4029 536 4090 loco
566 4026 593 4091 si
622 4025 731 4091 videor
759 4047 877 4111 augere
909 4026 1052 4091 dolorem
1074 4036 1181 4112 tuum,
1205 4047 1299 4111 quem
1322 4023 1513 4088 consolando

188 4166 217 4177 ι-
222 4161 1514 4179 ᾝ-ᾘ--ῳ

257 4243 283 4290 b.
303 4245 384 4292 cctam
403 4244 560 4293 Lambinus.
595 4269 625 4279 -
662 4242 688 4293 8.
709 4243 821 4293 alterum
839 4251 929 4292 utrum
946 4245 992 4293 M:
1020 4245 1177 4293 alterutrum
1195 4244 1226 4293 ll.
1261 4266 1291 4277 -
1329 4243 1372 4290 12.
1392 4247 1446 4289 tom
1465 4241 1511 4291 hl:

188 4325 241 4359 noo
260 4312 289 4361 Ε.
312 4337 342 4347 -
380 4315 422 4362 13.
443 4315 519 4363 denir
538 4314 705 4364 Cratander:
725 4316 793 4363 dicit
812 4313 871 4364 ΜΕ.
895 4340 921 4349 -
951 4315 993 4364 to.
1013 4320 1061 4363 out
1079 4327 1184 4372 corum,
1204 4315 1249 4376 qut
1266 4313 1437 4361 remanserint
1456 4324 1512 4359 om.

188 4381 225 4432 M.
264 4383 411 4444 Antiquum
433 4385 720 4447 bocsupplemeutum
741 4385 821 4432 babet
841 4385 893 4433 iarn
914 4384 963 4433 Ed.
984 4385 1064 4433 1t71.
1083 4380 1328 4446 (quemuiccorum,
1361 4381 1514 4444 quidisccr·

188 4460 293 4508 seruum
322 4455 400 4501 alteri
427 4468 480 4513 mg.
509 4456 613 4517 Repeti.
639 4451 758 4517 hamb).
791 4481 821 4489 -
859 4456 901 4504 18.
929 4461 953 4502 tc
971 4461 999 4502 ot
1019 4467 1096 4516 spero
1115 4453 1151 4502 hl·
1185 4475 1215 4486 -
1252 4453 1295 4501 21.
1315 4453 1448 4500 maximae
1467 4450 1511 4499 bl:

187 4526 301 4571 maxime
319 4522 349 4573 Ε.
372 4547 401 4556 -
440 4525 483 4573 25.
504 4523 581 4588 quod]
601 4525 663 4587 quid
682 4524 718 4574 Μ.
742 4551 772 4559 -
810 4526 947 4574 tenrcnetst
965 4522 1212 4587 llartyuilapuna.
1234 4544 1266 4554 -
1302 4521 1347 4569 ⁶28.
1364 4520 1514 4581 praestatori

190 4605 244 4652 mg.
272 4592 477 4642 Cratandrinae.
512 4618 542 4629 -
579 4595 622 4643 30.
650 4596 769 4643 uidemur
794 4594 840 4644 bl:
872 4588 1142 4655 videturvh·(quod
1163 4591 1273 4647 malim3
1306 4591 1513 4639 uidemurenim

188 4668 276 4710 ortum
297 4676 327 4711 ex
347 4665 486 4724 superiore
504 4678 594 4713 versu.
616 4662 726 4726 Brun),
752 4665 873 4713 videatur
891 4664 922 4713 ll.
958 4689 986 4699 -
1025 4663 1068 4711 31.
1088 4660 1513 4724 nonqu0·-rcdqoid?diffl·
1611 4663 1617 4674 “

187 4733 244 4780 cilis
262 4739 319 4782 crat
339 4735 488 4781 coniectura
505 4735 638 4783 tlrellius:
669 4748 722 4783 non
740 4748 791 4796 quo
809 4735 853 4783 sed
871 4735 940 4796 quod
965 4732 1079 4796 difficilis
1097 4739 1154 4781 erot
1173 4731 1321 4780 contectura
1348 4730 1374 4778 111
1397 4726 1436 4789 (in
1457 4743 1512 4790 mg.

189 4802 303 4852 lacunae
322 4801 459 4863 signum),
485 4819 539 4853 eon
557 4818 608 4868 quo
627 4817 683 4867 cpe
701 4809 797 4853 certo
814 4807 949 4858 scirem,
976 4803 1020 4851 scd
1037 4803 1108 4864 quod
1133 4801 1221 4850 houd
1245 4800 1359 4864 difficilis
1377 4807 1435 4849 erat
1454 4813 1514 4848 con·

187 4874 290 4922 tecture
310 4872 339 4920 ll.
363 4899 390 4908 -
431 4873 474 4922 33.
495 4882 555 4924 suot
574 4875 615 4926 hl:
634 4875 687 4923 rint
708 4873 739 4923 E.
758 4902 790 4910 —
828 4873 873 4924 38.
892 4869 982 4938 quom]
1001 4885 1059 4923 cum
1077 4871 1115 4923 hl.
