3216 5408
182 231 244 292 'tot
666 223 726 286 EP.
747 223 799 282 AD
821 219 994 282 ATTlCUM

183 421 224 432 -
256 385 332 472 quin
362 401 487 452 omnes,
524 399 595 443 cnm
618 389 648 442 te
670 377 799 443 summis
821 373 964 440 laudibus
991 371 1031 436 ad
1051 372 1174 437 caelum
1196 375 1393 455 extulerunt,
1431 381 1510 445 mihi

174 476 331 547 'continuo
354 479 503 540 maximas
526 473 640 557 gratias
661 481 763 558 agant.
806 475 924 554 Negant
945 467 1027 532 cuim
1049 488 1083 531 se
1106 466 1265 542 dubitare,
1289 470 1415 556 quintu
1430 475 1511 538 meis

184 572 358 661 praeceptis
387 578 418 633 et
446 567 584 632 consiliis
607 565 824 651 obtemperans
847 562 1145 648 praestantissimum
1168 570 1199 625 te
1227 562 1325 627 civem
1349 576 1379 630 ct
1402 567 1512 651 singu·

183 670 281 734 larem
304 662 463 730 consulem
485 659 648 745 praebeas.
696 663 727 724 2.
756 657 878 736 Quibus
901 678 960 742 ogo
982 678 1170 742 quamquam
1194 658 1357 722 verissime
1378 681 1511 746 possum

164 758 376 846 rrespondere
392 766 443 828 te,
468 775 547 841 quac
562 753 671 828 facias,
694 763 748 818 tuo
763 752 880 818 iudicio
896 767 926 816 et
942 762 993 815 tna
1008 761 1118 836 sponte
1133 750 1236 815 lacere
1251 772 1309 815 nec
1324 756 1511 842 cuiusquam

184 874 277 938 egere
311 849 458 921 consilio,
490 857 593 911 tamen
615 867 717 932 neque
745 848 835 933 plane
858 847 1027 920 assentior,
1066 868 1106 910 ne
1127 846 1311 910 imminuam
1334 857 1421 914 tuam
1443 851 1512 917 lau·

184 949 272 1020 dem,
309 944 334 1010 si
363 943 464 1008 omnis
492 963 511 1006 a
538 941 616 1005 meis
644 940 781 1005 consiliis
809 941 949 1026 prolecta
978 939 1140 1015 videatur,
1178 961 1280 1026 neque
1303 941 1393 1007 valde
1416 966 1511 1030 nego.

184 1045 260 1105 Sum
282 1039 364 1103 enim
386 1035 509 1100 avidior
530 1036 638 1109 etiam,
677 1055 769 1117 qnam
791 1035 865 1098 satis
888 1043 949 1106 est,
973 1034 1102 1117 gloriae.
1158 1036 1197 1097 Et
1219 1043 1324 1098 tamen
1347 1058 1412 1101 non
1434 1039 1512 1104 alie·

184 1155 258 1199 num
280 1141 327 1196 est
348 1129 495 1215 dignitate
516 1139 583 1203 tua,
618 1127 703 1214 quod
724 1129 789 1213 ipsi,
805 1127 1044 1213 Agamemnoni,
1079 1148 1190 1212 regum
1212 1129 1298 1212 regi,
1330 1128 1389 1194 luit
1411 1132 1512 1198 bone·

152 1241 176 1282 ⁸⁰
185 1236 282 1300 stum,
318 1222 435 1287 hahere
458 1222 591 1308 aliquem
613 1222 645 1285 in
668 1222 804 1286 consiliis
827 1222 985 1307 capiendis
1007 1227 1183 1286 Nestorem.
1238 1221 1314 1285 Mihi
1342 1246 1419 1290 vero
1442 1228 1512 1311 glo-

184 1321 303 1384 riosum
326 1328 356 1381 te
377 1319 523 1382 iuvenem
545 1315 704 1380 consulem
727 1314 842 1380 llorere
864 1314 1007 1380 laudibus
1030 1315 1118 1400 quasi
1141 1314 1301 1379 alumnum
1326 1316 1511 1403 discipliuae

185 1433 282 1477 meae.
340 1415 370 1475 3.
399 1414 433 1474 L.
461 1409 586 1495 quidem
616 1413 749 1482 Caesar,
786 1432 857 1475 cum
880 1409 918 1474 ad
941 1430 1012 1474 eum
1036 1418 1199 1493 aegrotum
1221 1409 1383 1494 Neapolim
1408 1414 1511 1479 venis·

185 1527 269 1579 scm,
300 1525 487 1591 quamquam
511 1514 577 1568 erat
600 1524 769 1588 oppressus
793 1505 887 1569 totius
915 1503 1059 1588 corporis
1081 1501 1261 1576 doloribus,
1291 1512 1395 1569 tamen
1418 1519 1510 1583 ante,

185 1621 279 1686 quam
300 1620 350 1662 me
372 1598 462 1683 plane
484 1597 643 1671 salutavit,
681 1601 736 1672 „0
759 1598 802 1661 mi
825 1599 974 1669 Cicero”,
1005 1595 1123 1681 inquit,
1152 1595 1321 1680 „gratulor
1344 1598 1415 1674 tihi,
1438 1622 1512 1667 cum

155 1701 303 1758 natantum
326 1690 410 1755 vales
432 1692 515 1776 apud
537 1689 745 1765 Dolabellam,
769 1702 918 1776 qnantum
941 1689 967 1754 si
991 1711 1050 1774 ego
1072 1688 1155 1775 apud
1177 1690 1297 1754 sororis
1312 1690 1412 1758 hlium
1428 1696 1512 1760 vale·

185 1807 271 1858 rem,
294 1785 355 1848 iam
378 1785 452 1849 salvi
476 1806 543 1849 csse
565 1807 737 1871 possemus.
790 1783 971 1850 Dolabellae
994 1805 1071 1848 vcro
1094 1794 1147 1848 tuo
1171 1792 1202 1847 et
1224 1786 1365 1868 gratulor
1387 1799 1419 1852 et
1438 1811 1512 1874 gra·

184 1877 243 1943 tias
264 1897 347 1961 ago;
385 1899 478 1964 quem
508 1878 635 1964 quidem
662 1888 732 1963 post
754 1890 783 1943 te
805 1879 964 1943 consulem
987 1878 1088 1943 solum
1111 1898 1277 1962 possumus
1299 1901 1374 1944 vere
1397 1903 1512 1947 consu-

184 1972 245 2036 lem
268 1972 410 2036 dicere'':
445 1971 517 2036 dein
539 1973 636 2036 multa
658 1973 696 2037 de
718 1972 799 2036 sacto
821 1992 858 2036 ac
879 1970 918 2036 de
940 1993 975 2036 re
999 1982 1099 2056 gesta;
1122 1981 1189 2035 tum
1212 1971 1288 2035 nihil
1310 1974 1512 2058 magnificen-

184 2066 262 2140 tius,
284 2065 361 2130 nihil
383 2065 572 2151 praeclarius
594 2076 698 2131 actum
720 2087 873 2151 unquam,
897 2065 971 2129 nibil
986 2066 1033 2128 rei
1049 2062 1192 2151 publicae
1207 2065 1392 2142 salutarins;
1416 2078 1511 2149 atque

147 2159 262 2224 ²⁰haec
283 2181 343 2224 una
365 2181 429 2224 vox
452 2159 592 2224 omnium
615 2170 671 2225 ost.
722 2163 751 2223 b.
773 2166 798 2224 A
822 2169 851 2224 te
873 2169 977 2224 autem
999 2170 1088 2244 peto,
1113 2169 1147 2222 nt
1168 2181 1218 2223 me
1240 2159 1319 2224 hanc
1341 2163 1431 2247 quasi
1454 2162 1509 2228 tat-

185 2274 252 2318 sam
273 2251 477 2317 hereditatcm
499 2253 617 2318 alienae
639 2253 758 2337 gloriae
782 2253 864 2318 sinas
886 2273 1019 2326 cernere
1041 2273 1154 2337 meque
1176 2252 1280 2339 aliqua
1302 2275 1342 2317 ex
1365 2267 1456 2338 parte
1479 2256 1513 2320 in

186 2345 366 2411 societatem
388 2356 512 2409 tuarum
534 2345 662 2410 landum
683 2347 792 2410 venire
813 2347 943 2432 patiare.
988 2350 1204 2432 Quamquam,
1229 2347 1270 2410 mi
1294 2347 1458 2412 Dolabella
1472 2393 1512 2402 -

185 2439 262 2504 haec
284 2440 367 2504 enim
389 2438 509 2505 iocatus
531 2461 600 2505 snm
622 2477 662 2486 —
685 2440 832 2505 libentius
853 2462 962 2505 omnes
984 2461 1090 2514 meas,
1127 2439 1154 2504 si
1176 2440 1270 2505 modo
1293 2453 1366 2506 sunt
1388 2442 1512 2529 aliquae

185 2556 292 2607 meae,
322 2532 428 2598 laudes
450 2533 489 2598 ad
511 2545 541 2598 tc
564 2532 800 2609 transfuderim,
831 2557 924 2621 quam
947 2534 1084 2620 aliquam
1105 2547 1225 2619 partem
1247 2534 1449 2600 exhauserim
1472 2559 1512 2601 ex

148 2633 256 2693 ²⁸tuis.
299 2633 375 2692 Nam
402 2648 472 2691 cum
506 2637 536 2691 te
572 2648 696 2712 semper
723 2637 840 2692 tantum
870 2627 1050 2703 dilexerim,
1084 2638 1233 2714 quantum
1266 2637 1299 2692 tu
1335 2629 1512 2714 intelligere

186 2721 331 2804 potuisti,
354 2730 420 2784 tum
442 2720 491 2784 bis
513 2720 574 2784 tuis
595 2720 683 2786 saetis
705 2721 750 2786 sic
771 2722 915 2786 incensus
937 2744 1023 2797 sum,
1046 2730 1081 2786 ut
1103 2721 1179 2786 nihil
1199 2742 1338 2806 uuquam
1352 2723 1385 2786 in
1400 2743 1512 2789 amore

186 2812 282 2878 luerit
303 2812 473 2877 ardentius.
526 2814 607 2878 Nihil
630 2815 796 2887 estenim,
820 2814 1031 2891 mihicrede,
1071 2815 1186 2879 virtute
1208 2815 1399 2890 formosius,
1432 2817 1512 2883 nihil

185 2906 359 2993 pulchrius,
383 2906 459 2971 nibil
481 2907 654 2972 amabilius.
697 2913 726 2973 5.
750 2911 881 2994 Semper
903 2909 1019 2984 amavi,
1042 2918 1078 2973 ut
1099 2909 1176 2982 scis,
1199 2913 1240 2973 M.
1263 2915 1413 2983 Brutum,
1436 2933 1512 2997 pro-

185 3009 256 3085 pter
278 2999 344 3065 eius
366 3022 523 3066 summum
543 3002 715 3086 ingenium,
738 3004 938 3068 suavissimos
964 3024 1085 3077 mores,
1108 3003 1296 3086 singularem
1321 3002 1511 3088 probitatem

150 3103 279 3183 malque
301 3095 521 3173 constantiam
558 3106 660 3160 tamen
692 3097 797 3162 ldihus
819 3103 908 3162 lllart.
931 3109 1048 3162 tantum
1071 3098 1200 3162 accessit
1221 3096 1259 3161 ad
1282 3119 1439 3171 amorem,
1479 3111 1513 3163 ut

187 3188 320 3252 mirarer
349 3188 450 3253 locum
478 3189 573 3253 luisse
602 3191 736 3275 augendi
758 3192 789 3255 in
812 3212 868 3265 eo,
903 3191 988 3277 quod
1009 3191 1087 3256 mihi
1109 3191 1295 3276 iampridem
1318 3191 1511 3255 cunmlatum

188 3283 281 3346 otiam
304 3281 478 3347 videbatur.
533 3285 610 3360 Quis
633 3295 714 3357 erat,
748 3286 801 3370 qui
824 3295 947 3370 putaret
969 3284 1007 3348 ad
1030 3306 1101 3348 eum
1125 3306 1285 3357 amorem,
1318 3305 1411 3368 quem
1435 3306 1512 3368 erga

186 3384 217 3439 te
250 3375 416 3449 habebam,
452 3398 544 3462 posse
574 3379 690 3464 aliquid
720 3379 892 3443 accedere?
925 3384 1057 3443 Tantum
1089 3379 1233 3451 accessit,
1272 3388 1307 3443 nt
1328 3378 1406 3442 mihi
1428 3401 1512 3443 nunc

187 3468 321 3554 denique
343 3490 448 3534 amare
471 3471 593 3544 videar,
631 3484 719 3537 antea
748 3473 905 3537 dilexisse.
963 3474 991 3541 6.
1015 3475 1121 3549 Quare
1144 3471 1308 3558 quidest,
1341 3471 1426 3557 quod
1451 3494 1511 3556 ego

149 3570 217 3624 aste
239 3560 366 3635 horter,
395 3573 430 3628 ut
457 3562 598 3648 dignitati
621 3577 652 3630 et
673 3566 793 3650 gloriae
815 3568 954 3631 servias?
990 3572 1166 3651 Proponam
1197 3566 1251 3630 tibi
1282 3565 1384 3629 claros
1408 3566 1510 3639 viros,

187 3653 273 3740 quod
294 3654 397 3719 lacere
419 3657 536 3730 solent,
560 3660 612 3744 qui
636 3659 825 3724 hortantur?
868 3661 1028 3725 Neminem
1051 3659 1152 3725 habeo
1175 3661 1340 3724 clariorem
1363 3680 1457 3744 quam
1482 3669 1512 3723 te

188 3747 301 3833 ipsum.
345 3755 388 3813 Te
410 3748 533 3814 imitere
556 3763 697 3836 oportet,
720 3763 823 3817 tecum
846 3755 913 3840 ipse
936 3763 1048 3818 certes.
1092 3759 1123 3822 7.
1146 3759 1189 3817 Ne
1212 3754 1283 3817 licet
1305 3752 1433 3839 quidem
1454 3752 1511 3818 tibi

188 3840 269 3912 iam,
292 3844 383 3905 tantis
404 3841 499 3905 rebus
522 3847 632 3928 gestis,
656 3869 718 3910 non
742 3849 784 3911 tui
808 3847 939 3912 similem
963 3869 1041 3912 esse.
1086 3846 1178 3924 Quod
1196 3868 1266 3911 cum
1289 3847 1332 3910 ita
1355 3846 1412 3918 sit,
1436 3845 1511 3910 hor·

191 3933 268 3996 tatio
290 3955 353 3998 non
377 3944 423 3999 est
445 3939 642 4014 neeessaria3
666 3940 873 4023 gratulatione
896 3941 994 4025 magis
1011 3941 1158 4005 utendum
1175 3951 1230 4004 est.
1276 3940 1413 4024 Contigit
1432 3940 1517 4003 enim

150 4024 262 4121 autibi,
299 4029 385 4113 quod
414 4029 497 4095 baud
526 4032 590 4095 scio
620 4053 659 4096 an
687 4032 817 4109 nemini,
855 4045 889 4100 ut
916 4057 1036 4100 summa
1065 4035 1214 4100 severitas
1236 4032 1517 4098 animadversionis

258 4267 284 4316 l.
304 4269 421 4330 quial-¹:
442 4271 603 4333 qatmttth.
633 4299 662 4310 —
701 4272 737 4321 ad
756 4275 856 4324 carlum
874 4277 981 4325 summis
1006 4275 1131 4324 laudibus
1149 4276 1182 4324 n.
1211 4299 1244 4308 -
1281 4273 1308 4322 2.
1329 4280 1413 4336 opum
1438 4272 1514 4322 ntttt.

188 4332 314 4398 (Utnos.
336 4335 379 4397 F.)
409 4363 439 4373 -
477 4348 506 4389 tu
525 4340 597 4404 mats]
618 4348 673 4391 tam
690 4346 719 4391 tn
736 4345 776 4392 lu'r
795 4360 834 4407 pr.
854 4346 892 4394 lli.
917 4372 950 4381 -
986 4346 1012 4394 d.
1033 4345 1172 4408 porstml.
1195 4370 1223 4380 -
1262 4344 1288 4393 5.
1310 4350 1408 4392 taom.
1430 4344 1513 4392 ΗΒΕ.

187 4405 389 4470 ‹Supplevimus
408 4422 438 4456 ει
457 4411 513 4468 l'l.)
534 4436 563 4447 —
604 4415 644 4462 10.
665 4414 759 4463 hahere
777 4429 831 4463 orn.
851 4417 910 4466 lllll.
931 4443 965 4452 —-
992 4415 1127 4465 Nestorem
1144 4414 1248 4463 hallero.
1269 4414 1419 4461 mittitur
1440 4427 1513 4463 corr.

186 4475 223 4525 Μ.
247 4503 273 4513 -
313 4478 355 4525 1t.
378 4479 507 4529 salutaret
527 4482 565 4540 R,
585 4484 742 4533 salutaverit
762 4485 791 4541 l;
811 4486 976 4536 salutauerat
995 4485 1298 4535 malebatSchuetzius.
1321 4506 1348 4516 -
1381 4482 1425 4532 to.
1446 4481 1514 4545 iam]

186 4550 241 4594 tom
258 4547 300 4603 M,
320 4551 375 4594 tum
396 4547 415 4594 l.
438 4574 466 4586 -
505 4551 547 4598 17.
566 4566 706 4612 percamus
725 4555 911 4615 Fllzposram
929 4558 1001 4608 llllE.
1023 4583 1053 4592 -
1091 4554 1341 4605 18.detndel.-
1379 4554 1419 4603 19.
1441 4555 1515 4602 ralu-

186 4619 272 4664 tarr'ar
290 4621 399 4665 testatus
418 4625 471 4666 ert:
492 4626 568 4682 atque
588 4622 608 4669 l.
629 4644 661 4656 -
697 4625 740 4673 20.
762 4629 791 4671 ut
811 4627 860 4674 Fla
880 4629 919 4675 ati
938 4628 1020 4676 ntnh.
1040 4652 1069 4662 -
1101 4628 1145 4674 21.
1165 4637 1254 4688 meque
1271 4646 1282 4657 -
1299 4645 1310 4656 ·
1324 4625 1436 4683 partam
1456 4639 1514 4673 om.

187 4685 218 4733 n.
251 4709 281 4718 -
318 4687 361 4735 23.
389 4688 441 4734 siut
471 4686 493 4734 l.
523 4714 551 4724 -
590 4691 633 4740 bt.
661 4693 824 4755 transferam
850 4697 884 4752 Z,
917 4697 1099 4746 transtulerim
1123 4697 1169 4744 nt.
1196 4721 1217 4730 -
1259 4693 1303 4742 26.
1323 4698 1353 4740 at
1371 4708 1516 4756 nunquam

187 4754 219 4802 ll.
241 4778 270 4788 -
307 4757 336 4802 tu
367 4769 458 4804 amore
484 4758 548 4805 miti
571 4762 648 4820 sarrit
673 4762 693 4811 l.
727 4790 755 4800 -
794 4766 838 4814 32.
867 4767 929 4827 Quia
956 4770 1024 4815 enim
1053 4774 1110 4814 erat
1136 4765 1167 4814 ll.
1199 4786 1230 4800 -
1267 4763 1312 4812 34.
1344 4768 1408 4814 anta
1426 4766 1460 4815 D.
1485 4792 1511 4802 —·

186 4823 230 4872 ³6.
251 4829 276 4872 to
291 4826 387 4887 ipram.
428 4826 461 4875 Ta
479 4826 589 4890 imitere]
609 4839 633 4880 ta
650 4833 745 4893 tprum.
783 4835 890 4885 Imitari
910 4837 952 4895 bl,
973 4845 1006 4888 ta.
1043 4837 1154 4898 teipsam
1171 4834 1276 4885 imitari
1296 4831 1328 4880 R.
