<?xml version="1.0" encoding="UTF-8"?>
<!DOCTYPE html PUBLIC "-//W3C//DTD XHTML 1.0 Transitional//EN"
    "http://www.w3.org/TR/xhtml1/DTD/xhtml1-transitional.dtd">
<html xmlns="http://www.w3.org/1999/xhtml" xml:lang="en" lang="en">
 <head>
  <title>
</title>
<meta http-equiv="Content-Type" content="text/html;charset=utf-8" />
  <meta name='ocr-system' content='tesseract 3.04.00' />
  <meta name='ocr-capabilities' content='ocr_page ocr_carea ocr_par ocr_line ocrx_word'/>
</head>
<body>
  <div class='ocr_page' id='page_1' title='image "./operaquaesupers06halmgoog_0078.png"; bbox 0 0 3256 5400; ppageno 0'>
   <div class='ocr_carea' id='block_1_1' title="bbox 590 214 1044 293">
    <p class='ocr_par' dir='ltr' id='par_1_1' title="bbox 590 214 1044 293">
     <span class='ocr_line' id='line_1_1' title="bbox 590 214 1044 293; baseline 0.002 -3"><span class='ocrx_word' id='word_1_1' title='bbox 590 214 863 293; x_wconf 80' lang='lat' dir='ltr'>amsrocuttm</span> <span class='ocrx_word' id='word_1_2' title='bbox 884 230 936 291; x_wconf 71' lang='lat' dir='ltr'>in</span> <span class='ocrx_word' id='word_1_3' title='bbox 957 228 1044 291; x_wconf 80' lang='lat' dir='ltr'>nam</span> 
     </span>
    </p>
   </div>
   <div class='ocr_carea' id='block_1_2' title="bbox 442 409 1204 608">
    <p class='ocr_par' dir='ltr' id='par_1_2' title="bbox 442 409 1204 608">
     <span class='ocr_line' id='line_1_2' title="bbox 638 409 1004 496; baseline 0.005 -21"><span class='ocrx_word' id='word_1_4' title='bbox 638 415 701 476; x_wconf 82' lang='lat' dir='ltr'>mr.</span> <span class='ocrx_word' id='word_1_5' title='bbox 746 409 783 494; x_wconf 75' lang='lat' dir='ltr'>(A</span> <span class='ocrx_word' id='word_1_6' title='bbox 810 415 842 477; x_wconf 87' lang='lat' dir='ltr'>u.</span> <span class='ocrx_word' id='word_1_7' title='bbox 865 417 897 478; x_wconf 88' lang='lat' dir='ltr'>c.</span> <span class='ocrx_word' id='word_1_8' title='bbox 918 412 1004 496; x_wconf 83' lang='lat' dir='ltr'>esa.)</span> 
     </span>
     <span class='ocr_line' id='line_1_3' title="bbox 442 502 1204 608; baseline -0.003 0"><span class='ocrx_word' id='word_1_9' title='bbox 442 548 482 608; x_wconf 88' lang='lat' dir='ltr'>u.</span> <span class='ocrx_word' id='word_1_10' title='bbox 505 543 648 608; x_wconf 81' lang='lat' dir='ltr'>crosno</span> <span class='ocrx_word' id='word_1_11' title='bbox 671 547 703 607; x_wconf 89' lang='lat' dir='ltr'>s.</span> <span class='ocrx_word' id='word_1_12' title='bbox 724 546 761 606; x_wconf 87' lang='lat' dir='ltr'>u.</span> <span class='ocrx_word' id='word_1_13' title='bbox 784 546 816 606; x_wconf 83' lang='lat' dir='ltr'>e.</span> <span class='ocrx_word' id='word_1_14' title='bbox 838 543 1017 608; x_wconf 79' lang='lat' dir='ltr'>usuruuo</span> <span class='ocrx_word' id='word_1_15' title='bbox 1039 502 1204 608; x_wconf 66' lang='lat' dir='ltr'>euooosss</span> 
     </span>
    </p>
   </div>
   <div class='ocr_carea' id='block_1_3' title="bbox 127 680 1484 2451">
    <p class='ocr_par' dir='ltr' id='par_1_3' title="bbox 152 680 1481 1331">
     <span class='ocr_line' id='line_1_4' title="bbox 252 680 1480 770; baseline 0 -20"><span class='ocrx_word' id='word_1_16' title='bbox 252 690 279 750; x_wconf 85' lang='lat'>1.</span> <span class='ocrx_word' id='word_1_17' title='bbox 301 684 376 767; x_wconf 90' lang='lat' dir='ltr'>Legi</span> <span class='ocrx_word' id='word_1_18' title='bbox 398 693 465 747; x_wconf 88' lang='lat' dir='ltr'>tuas</span> <span class='ocrx_word' id='word_1_19' title='bbox 485 681 620 756; x_wconf 76' lang='lat' dir='ltr'><strong>litteras,</strong></span> <span class='ocrx_word' id='word_1_20' title='bbox 653 681 766 767; x_wconf 89' lang='lat' dir='ltr'>quibus</span> <span class='ocrx_word' id='word_1_21' title='bbox 788 680 826 746; x_wconf 90' lang='lat' dir='ltr'>ad</span> <span class='ocrx_word' id='word_1_22' title='bbox 848 703 897 746; x_wconf 91' lang='lat' dir='ltr'>me</span> <span class='ocrx_word' id='word_1_23' title='bbox 919 681 1031 747; x_wconf 87' lang='lat' dir='ltr'>scribis</span> <span class='ocrx_word' id='word_1_24' title='bbox 1052 690 1175 765; x_wconf 87' lang='lat' dir='ltr'>gratum</span> <span class='ocrx_word' id='word_1_25' title='bbox 1197 680 1253 747; x_wconf 89' lang='lat' dir='ltr'>tibi</span> <span class='ocrx_word' id='word_1_26' title='bbox 1275 705 1360 759; x_wconf 87' lang='lat' dir='ltr'>esse,</span> <span class='ocrx_word' id='word_1_27' title='bbox 1395 682 1480 770; x_wconf 91' lang='lat' dir='ltr'>quod</span> 
     </span>
     <span class='ocr_line' id='line_1_5' title="bbox 165 773 1481 861; baseline -0.002 -17"><span class='ocrx_word' id='word_1_28' title='bbox 165 778 278 844; x_wconf 90' lang='lat' dir='ltr'>crebro</span> <span class='ocrx_word' id='word_1_29' title='bbox 300 775 415 841; x_wconf 90' lang='lat' dir='ltr'>certior</span> <span class='ocrx_word' id='word_1_30' title='bbox 436 796 494 861; x_wconf 92' lang='lat' dir='ltr'>per</span> <span class='ocrx_word' id='word_1_31' title='bbox 515 796 565 839; x_wconf 93' lang='lat' dir='ltr'>me</span> <span class='ocrx_word' id='word_1_32' title='bbox 587 774 642 841; x_wconf 85' lang='lat' dir='ltr'>iias</span> <span class='ocrx_word' id='word_1_33' title='bbox 663 775 704 841; x_wconf 95' lang='lat' dir='ltr'>de</span> <span class='ocrx_word' id='word_1_34' title='bbox 725 774 870 840; x_wconf 83' lang='lat' dir='ltr'>omnibus</span> <span class='ocrx_word' id='word_1_35' title='bbox 891 773 987 841; x_wconf 88' lang='lat' dir='ltr'>rebus</span> <span class='ocrx_word' id='word_1_36' title='bbox 1009 784 1040 841; x_wconf 89' lang='lat' dir='ltr'>et</span> <span class='ocrx_word' id='word_1_37' title='bbox 1061 796 1161 839; x_wconf 89' lang='lat' dir='ltr'>meam</span> <span class='ocrx_word' id='word_1_38' title='bbox 1184 795 1257 861; x_wconf 90' lang='lat' dir='ltr'>erga</span> <span class='ocrx_word' id='word_1_39' title='bbox 1285 786 1316 840; x_wconf 92' lang='lat' dir='ltr'>te</span> <span class='ocrx_word' id='word_1_40' title='bbox 1345 775 1481 843; x_wconf 88' lang='lat' dir='ltr'>benevo-</span> 
     </span>
     <span class='ocr_line' id='line_1_6' title="bbox 152 868 1480 957; baseline 0.004 -26"><span class='ocrx_word' id='word_1_41' title='bbox 152 872 288 937; x_wconf 82' lang='lat' dir='ltr'>lentiam</span> <span class='ocrx_word' id='word_1_42' title='bbox 312 868 400 934; x_wconf 81' lang='lat' dir='ltr'>facile</span> <span class='ocrx_word' id='word_1_43' title='bbox 422 869 606 956; x_wconf 80' lang='lat' dir='ltr'><strong>perspicias:</strong></span> <span class='ocrx_word' id='word_1_44' title='bbox 628 891 763 955; x_wconf 86' lang='lat' dir='ltr'>quorum</span> <span class='ocrx_word' id='word_1_45' title='bbox 785 868 916 934; x_wconf 86' lang='lat' dir='ltr'>alterum</span> <span class='ocrx_word' id='word_1_46' title='bbox 938 868 1030 944; x_wconf 89' lang='lat' dir='ltr'>mihi,</span> <span class='ocrx_word' id='word_1_47' title='bbox 1052 878 1088 934; x_wconf 92' lang='lat' dir='ltr'>ut</span> <span class='ocrx_word' id='word_1_48' title='bbox 1108 878 1139 934; x_wconf 91' lang='lat' dir='ltr'>te</span> <span class='ocrx_word' id='word_1_49' title='bbox 1152 869 1322 955; x_wconf 91' lang='lat' dir='ltr'>plurimum</span> <span class='ocrx_word' id='word_1_50' title='bbox 1337 870 1480 957; x_wconf 90' lang='lat' dir='ltr'>diligam,</span> 
     </span>
     <span class='ocr_line' id='line_1_7' title="bbox 163 962 1480 1048; baseline 0 -19"><span class='ocrx_word' id='word_1_51' title='bbox 163 965 265 1029; x_wconf 85' lang='lat' dir='ltr'>faeere</span> <span class='ocrx_word' id='word_1_52' title='bbox 287 984 413 1029; x_wconf 87' lang='lat' dir='ltr'>necesse</span> <span class='ocrx_word' id='word_1_53' title='bbox 435 972 496 1037; x_wconf 89' lang='lat' dir='ltr'>est,</span> <span class='ocrx_word' id='word_1_54' title='bbox 529 962 651 1027; x_wconf 82' lang='lat' dir='ltr'>sivoio</span> <span class='ocrx_word' id='word_1_55' title='bbox 679 962 705 1027; x_wconf 92' lang='lat' dir='ltr'>is</span> <span class='ocrx_word' id='word_1_56' title='bbox 736 983 819 1035; x_wconf 92' lang='lat' dir='ltr'>esse,</span> <span class='ocrx_word' id='word_1_57' title='bbox 851 983 943 1048; x_wconf 92' lang='lat' dir='ltr'>quem</span> <span class='ocrx_word' id='word_1_58' title='bbox 965 973 999 1027; x_wconf 92' lang='lat' dir='ltr'>tu</span> <span class='ocrx_word' id='word_1_59' title='bbox 1020 982 1070 1027; x_wconf 89' lang='lat' dir='ltr'>me</span> <span class='ocrx_word' id='word_1_60' title='bbox 1093 984 1161 1027; x_wconf 90' lang='lat' dir='ltr'>esse</span> <span class='ocrx_word' id='word_1_61' title='bbox 1183 962 1326 1040; x_wconf 89' lang='lat' dir='ltr'>voluisti;</span> <span class='ocrx_word' id='word_1_62' title='bbox 1348 963 1480 1029; x_wconf 91' lang='lat' dir='ltr'>alterum</span> 
     </span>
     <span class='ocr_line' id='line_1_8' title="bbox 163 1055 1480 1142; baseline 0.001 -20"><span class='ocrx_word' id='word_1_63' title='bbox 163 1058 243 1123; x_wconf 86' lang='lat' dir='ltr'>iacio</span> <span class='ocrx_word' id='word_1_64' title='bbox 272 1056 428 1132; x_wconf 77' lang='lat' dir='ltr'>libenter,</span> <span class='ocrx_word' id='word_1_65' title='bbox 465 1065 520 1130; x_wconf 93' lang='lat' dir='ltr'>ut,</span> <span class='ocrx_word' id='word_1_66' title='bbox 554 1055 702 1142; x_wconf 91' lang='lat' dir='ltr'>quoniam</span> <span class='ocrx_word' id='word_1_67' title='bbox 729 1055 893 1120; x_wconf 85' lang='lat' dir='ltr'>intervallo</span> <span class='ocrx_word' id='word_1_68' title='bbox 921 1055 1063 1121; x_wconf 88' lang='lat' dir='ltr'>locorum</span> <span class='ocrx_word' id='word_1_69' title='bbox 1091 1064 1123 1120; x_wconf 88' lang='lat' dir='ltr'>et</span> <span class='ocrx_word' id='word_1_70' title='bbox 1147 1067 1325 1142; x_wconf 87' lang='lat' dir='ltr'>temporum</span> <span class='ocrx_word' id='word_1_71' title='bbox 1351 1056 1480 1123; x_wconf 93' lang='lat' dir='ltr'>diiuncti</span> 
     </span>
     <span class='ocr_line' id='line_1_9' title="bbox 163 1148 1480 1237; baseline -0.001 -20"><span class='ocrx_word' id='word_1_72' title='bbox 163 1173 290 1227; x_wconf 91' lang='lat' dir='ltr'>sumus,</span> <span class='ocrx_word' id='word_1_73' title='bbox 322 1171 380 1236; x_wconf 89' lang='lat' dir='ltr'>per</span> <span class='ocrx_word' id='word_1_74' title='bbox 400 1150 518 1215; x_wconf 76' lang='lat' dir='ltr'>litteras</span> <span class='ocrx_word' id='word_1_75' title='bbox 540 1158 641 1214; x_wconf 86' lang='lat' dir='ltr'>tecum</span> <span class='ocrx_word' id='word_1_76' title='bbox 664 1170 758 1236; x_wconf 90' lang='lat' dir='ltr'>quam</span> <span class='ocrx_word' id='word_1_77' title='bbox 779 1149 958 1235; x_wconf 81' lang='lat' dir='ltr'>saepissime</span> <span class='ocrx_word' id='word_1_78' title='bbox 985 1148 1157 1237; x_wconf 87' lang='lat' dir='ltr'>colloquar.</span> <span class='ocrx_word' id='word_1_79' title='bbox 1215 1149 1308 1227; x_wconf 90' lang='lat' dir='ltr'>Quod</span> <span class='ocrx_word' id='word_1_80' title='bbox 1330 1150 1480 1216; x_wconf 84' lang='lat' dir='ltr'>sirarios</span> 
     </span>
     <span class='ocr_line' id='line_1_10' title="bbox 164 1241 1480 1331; baseline 0 -22"><span class='ocrx_word' id='word_1_81' title='bbox 164 1244 231 1318; x_wconf 89' lang='lat' dir='ltr'>liet,</span> <span class='ocrx_word' id='word_1_82' title='bbox 260 1265 353 1331; x_wconf 93' lang='lat' dir='ltr'>quam</span> <span class='ocrx_word' id='word_1_83' title='bbox 375 1253 408 1308; x_wconf 92' lang='lat' dir='ltr'>tu</span> <span class='ocrx_word' id='word_1_84' title='bbox 430 1242 640 1330; x_wconf 81' lang='lat' dir='ltr'>exspectabis,</span> <span class='ocrx_word' id='word_1_85' title='bbox 669 1242 700 1307; x_wconf 95' lang='lat' dir='ltr'>id</span> <span class='ocrx_word' id='word_1_86' title='bbox 723 1242 784 1307; x_wconf 90' lang='lat' dir='ltr'>erit</span> <span class='ocrx_word' id='word_1_87' title='bbox 805 1264 933 1317; x_wconf 87' lang='lat' dir='ltr'>causae,</span> <span class='ocrx_word' id='word_1_88' title='bbox 966 1241 1051 1329; x_wconf 93' lang='lat' dir='ltr'>quod</span> <span class='ocrx_word' id='word_1_89' title='bbox 1073 1263 1136 1308; x_wconf 93' lang='lat' dir='ltr'>non</span> <span class='ocrx_word' id='word_1_90' title='bbox 1158 1243 1225 1308; x_wconf 89' lang='lat' dir='ltr'>eius</span> <span class='ocrx_word' id='word_1_91' title='bbox 1247 1242 1370 1327; x_wconf 90' lang='lat' dir='ltr'>generis</span> <span class='ocrx_word' id='word_1_92' title='bbox 1392 1263 1480 1309; x_wconf 88' lang='lat' dir='ltr'>meae</span> 
     </span>
    </p>

    <p class='ocr_par' dir='ltr' id='par_1_4' title="bbox 129 1336 1482 1799">
     <span class='ocr_line' id='line_1_11' title="bbox 129 1336 1480 1413; baseline -0.001 -7"><span class='ocrx_word' id='word_1_93' title='bbox 129 1367 154 1407; x_wconf 86' lang='lat' dir='ltr'>m</span> <span class='ocrx_word' id='word_1_94' title='bbox 163 1339 284 1404; x_wconf 90' lang='lat' dir='ltr'>litterae</span> <span class='ocrx_word' id='word_1_95' title='bbox 306 1346 392 1410; x_wconf 87' lang='lat' dir='ltr'>sunt,</span> <span class='ocrx_word' id='word_1_96' title='bbox 416 1348 449 1401; x_wconf 95' lang='lat' dir='ltr'>ut</span> <span class='ocrx_word' id='word_1_97' title='bbox 470 1349 522 1401; x_wconf 81' lang='lat' dir='ltr'>e&#39;as</span> <span class='ocrx_word' id='word_1_98' title='bbox 544 1336 674 1402; x_wconf 84' lang='lat' dir='ltr'>audeam</span> <span class='ocrx_word' id='word_1_99' title='bbox 696 1347 816 1401; x_wconf 90' lang='lat' dir='ltr'>temere</span> <span class='ocrx_word' id='word_1_100' title='bbox 837 1336 1041 1401; x_wconf 89' lang='lat' dir='ltr'>committere.</span> <span class='ocrx_word' id='word_1_101' title='bbox 1086 1336 1217 1413; x_wconf 86' lang='lat' dir='ltr'>Quoties</span> <span class='ocrx_word' id='word_1_102' title='bbox 1231 1336 1307 1402; x_wconf 88' lang='lat' dir='ltr'>mibi</span> <span class='ocrx_word' id='word_1_103' title='bbox 1322 1347 1480 1404; x_wconf 85' lang='lat' dir='ltr'>certorum</span> 
     </span>
     <span class='ocr_line' id='line_1_12' title="bbox 164 1429 1481 1517; baseline -0.001 -20"><span class='ocrx_word' id='word_1_104' title='bbox 164 1432 325 1498; x_wconf 90' lang='lat' dir='ltr'>hominum</span> <span class='ocrx_word' id='word_1_105' title='bbox 346 1440 483 1516; x_wconf 88' lang='lat' dir='ltr'>potestas</span> <span class='ocrx_word' id='word_1_106' title='bbox 506 1431 584 1503; x_wconf 90' lang='lat' dir='ltr'>erit,</span> <span class='ocrx_word' id='word_1_107' title='bbox 607 1429 721 1516; x_wconf 91' lang='lat' dir='ltr'>quihus</span> <span class='ocrx_word' id='word_1_108' title='bbox 743 1439 828 1497; x_wconf 88' lang='lat' dir='ltr'>recte</span> <span class='ocrx_word' id='word_1_109' title='bbox 851 1430 935 1503; x_wconf 89' lang='lat' dir='ltr'>dem,</span> <span class='ocrx_word' id='word_1_110' title='bbox 958 1451 1019 1496; x_wconf 94' lang='lat' dir='ltr'>non</span> <span class='ocrx_word' id='word_1_111' title='bbox 1037 1431 1291 1517; x_wconf 83' lang='lat' dir='ltr'>praetermittam.</span> <span class='ocrx_word' id='word_1_112' title='bbox 1335 1435 1362 1496; x_wconf 79' lang='lat'>2.</span> <span class='ocrx_word' id='word_1_113' title='bbox 1388 1429 1481 1509; x_wconf 92' lang='lat' dir='ltr'>Quod</span> 
     </span>
     <span class='ocr_line' id='line_1_13' title="bbox 165 1522 1482 1610; baseline 0 -21"><span class='ocrx_word' id='word_1_114' title='bbox 165 1526 246 1590; x_wconf 90' lang='lat' dir='ltr'>scire</span> <span class='ocrx_word' id='word_1_115' title='bbox 273 1524 335 1599; x_wconf 89' lang='lat' dir='ltr'>vis,</span> <span class='ocrx_word' id='word_1_116' title='bbox 370 1544 431 1610; x_wconf 94' lang='lat' dir='ltr'>qua</span> <span class='ocrx_word' id='word_1_117' title='bbox 453 1522 584 1610; x_wconf 91' lang='lat' dir='ltr'>quisque</span> <span class='ocrx_word' id='word_1_118' title='bbox 607 1523 639 1587; x_wconf 92' lang='lat' dir='ltr'>in</span> <span class='ocrx_word' id='word_1_119' title='bbox 661 1533 690 1588; x_wconf 91' lang='lat' dir='ltr'>te</span> <span class='ocrx_word' id='word_1_120' title='bbox 713 1522 773 1589; x_wconf 91' lang='lat' dir='ltr'>fide</span> <span class='ocrx_word' id='word_1_121' title='bbox 794 1524 834 1588; x_wconf 94' lang='lat' dir='ltr'>sit</span> <span class='ocrx_word' id='word_1_122' title='bbox 855 1533 886 1588; x_wconf 89' lang='lat' dir='ltr'>et</span> <span class='ocrx_word' id='word_1_123' title='bbox 908 1523 1082 1598; x_wconf 88' lang='lat' dir='ltr'>voluntate,</span> <span class='ocrx_word' id='word_1_124' title='bbox 1116 1523 1241 1590; x_wconf 86' lang='lat' dir='ltr'>difficile</span> <span class='ocrx_word' id='word_1_125' title='bbox 1263 1523 1347 1589; x_wconf 90' lang='lat' dir='ltr'>dictu</span> <span class='ocrx_word' id='word_1_126' title='bbox 1375 1532 1422 1588; x_wconf 89' lang='lat' dir='ltr'>est</span> <span class='ocrx_word' id='word_1_127' title='bbox 1443 1522 1482 1589; x_wconf 92' lang='lat' dir='ltr'>de</span> 
     </span>
     <span class='ocr_line' id='line_1_14' title="bbox 165 1615 1482 1703; baseline -0.002 -20"><span class='ocrx_word' id='word_1_128' title='bbox 165 1617 303 1703; x_wconf 87' lang='lat' dir='ltr'>singulis.</span> <span class='ocrx_word' id='word_1_129' title='bbox 356 1620 455 1682; x_wconf 83' lang='lat' dir='ltr'>Unum</span> <span class='ocrx_word' id='word_1_130' title='bbox 483 1616 557 1682; x_wconf 92' lang='lat' dir='ltr'>illud</span> <span class='ocrx_word' id='word_1_131' title='bbox 591 1616 710 1690; x_wconf 85' lang='lat' dir='ltr'>audeo,</span> <span class='ocrx_word' id='word_1_132' title='bbox 747 1616 833 1703; x_wconf 94' lang='lat' dir='ltr'>quod</span> <span class='ocrx_word' id='word_1_133' title='bbox 858 1626 947 1681; x_wconf 90' lang='lat' dir='ltr'>antea</span> <span class='ocrx_word' id='word_1_134' title='bbox 975 1615 1031 1681; x_wconf 91' lang='lat' dir='ltr'>tibi</span> <span class='ocrx_word' id='word_1_135' title='bbox 1057 1638 1151 1703; x_wconf 88' lang='lat' dir='ltr'>saepe</span> <span class='ocrx_word' id='word_1_136' title='bbox 1181 1616 1368 1702; x_wconf 87' lang='lat' dir='ltr'>significavi,</span> <span class='ocrx_word' id='word_1_137' title='bbox 1400 1637 1482 1681; x_wconf 91' lang='lat' dir='ltr'>nnnc</span> 
     </span>
     <span class='ocr_line' id='line_1_15' title="bbox 165 1709 1480 1799; baseline -0.001 -23"><span class='ocrx_word' id='word_1_138' title='bbox 165 1733 291 1799; x_wconf 90' lang='lat' dir='ltr'>quoque</span> <span class='ocrx_word' id='word_1_139' title='bbox 313 1732 349 1775; x_wconf 91' lang='lat' dir='ltr'>re</span> <span class='ocrx_word' id='word_1_140' title='bbox 370 1720 531 1797; x_wconf 88' lang='lat' dir='ltr'>perspecta</span> <span class='ocrx_word' id='word_1_141' title='bbox 555 1721 585 1773; x_wconf 90' lang='lat' dir='ltr'>ot</span> <span class='ocrx_word' id='word_1_142' title='bbox 607 1712 730 1796; x_wconf 73' lang='lat' dir='ltr'>co‘gnita</span> <span class='ocrx_word' id='word_1_143' title='bbox 752 1709 905 1776; x_wconf 88' lang='lat' dir='ltr'>scribere:</span> <span class='ocrx_word' id='word_1_144' title='bbox 934 1710 1133 1775; x_wconf 91' lang='lat' dir='ltr'>vehementer</span> <span class='ocrx_word' id='word_1_145' title='bbox 1154 1710 1307 1797; x_wconf 91' lang='lat' dir='ltr'>quosdam</span> <span class='ocrx_word' id='word_1_146' title='bbox 1330 1709 1480 1784; x_wconf 91' lang='lat' dir='ltr'>homines,</span> 
     </span>
    </p>

    <p class='ocr_par' dir='ltr' id='par_1_5' title="bbox 127 1802 1484 2451">
     <span class='ocr_line' id='line_1_16' title="bbox 130 1802 1483 1891; baseline -0.005 -18"><span class='ocrx_word' id='word_1_147' title='bbox 130 1815 197 1874; x_wconf 74' lang='lat' dir='ltr'>sset</span> <span class='ocrx_word' id='word_1_148' title='bbox 218 1827 272 1870; x_wconf 91' lang='lat' dir='ltr'>eos</span> <span class='ocrx_word' id='word_1_149' title='bbox 295 1804 444 1886; x_wconf 84' lang='lat' dir='ltr'>maxime,</span> <span class='ocrx_word' id='word_1_150' title='bbox 468 1804 522 1891; x_wconf 94' lang='lat' dir='ltr'>qui</span> <span class='ocrx_word' id='word_1_151' title='bbox 544 1813 573 1867; x_wconf 90' lang='lat' dir='ltr'>te</span> <span class='ocrx_word' id='word_1_152' title='bbox 597 1813 628 1868; x_wconf 89' lang='lat' dir='ltr'>et</span> <span class='ocrx_word' id='word_1_153' title='bbox 649 1804 784 1868; x_wconf 85' lang='lat' dir='ltr'>maximo</span> <span class='ocrx_word' id='word_1_154' title='bbox 804 1802 978 1868; x_wconf 90' lang='lat' dir='ltr'>debuerunt</span> <span class='ocrx_word' id='word_1_155' title='bbox 1000 1813 1031 1867; x_wconf 93' lang='lat' dir='ltr'>et</span> <span class='ocrx_word' id='word_1_156' title='bbox 1052 1803 1220 1889; x_wconf 88' lang='lat' dir='ltr'>plurimum</span> <span class='ocrx_word' id='word_1_157' title='bbox 1243 1805 1351 1870; x_wconf 81' lang='lat' dir='ltr'>iuvare</span> <span class='ocrx_word' id='word_1_158' title='bbox 1372 1812 1483 1888; x_wconf 89' lang='lat' dir='ltr'>potue-</span> 
     </span>
     <span class='ocr_line' id='line_1_17' title="bbox 165 1896 1482 1983; baseline -0.005 -17"><span class='ocrx_word' id='word_1_159' title='bbox 165 1908 253 1973; x_wconf 90' lang='lat' dir='ltr'>runt,</span> <span class='ocrx_word' id='word_1_160' title='bbox 277 1897 424 1962; x_wconf 71' lang='lat' dir='ltr'>invidisse</span> <span class='ocrx_word' id='word_1_161' title='bbox 446 1896 587 1980; x_wconf 72' lang='lat' dir='ltr'>dignitati</span> <span class='ocrx_word' id='word_1_162' title='bbox 609 1906 697 1972; x_wconf 91' lang='lat' dir='ltr'>tuae,</span> <span class='ocrx_word' id='word_1_163' title='bbox 720 1897 969 1983; x_wconf 83' lang='lat' dir='ltr'>simillimamque</span> <span class='ocrx_word' id='word_1_164' title='bbox 990 1896 1022 1961; x_wconf 91' lang='lat' dir='ltr'>in</span> <span class='ocrx_word' id='word_1_165' title='bbox 1043 1918 1079 1961; x_wconf 92' lang='lat' dir='ltr'>re</span> <span class='ocrx_word' id='word_1_166' title='bbox 1101 1896 1243 1962; x_wconf 88' lang='lat' dir='ltr'>dissimili</span> <span class='ocrx_word' id='word_1_167' title='bbox 1266 1898 1310 1963; x_wconf 93' lang='lat' dir='ltr'>tui</span> <span class='ocrx_word' id='word_1_168' title='bbox 1333 1897 1482 1982; x_wconf 89' lang='lat' dir='ltr'>temporis</span> 
     </span>
     <span class='ocr_line' id='line_1_18' title="bbox 150 1989 1482 2077; baseline -0.003 -19"><span class='ocrx_word' id='word_1_169' title='bbox 150 2016 246 2058; x_wconf 89' lang='lat' dir='ltr'>-nunc</span> <span class='ocrx_word' id='word_1_170' title='bbox 268 2002 298 2056; x_wconf 90' lang='lat' dir='ltr'>et</span> <span class='ocrx_word' id='word_1_171' title='bbox 319 1991 419 2055; x_wconf 88' lang='lat' dir='ltr'>nostri</span> <span class='ocrx_word' id='word_1_172' title='bbox 440 1989 597 2076; x_wconf 90' lang='lat' dir='ltr'>quondam</span> <span class='ocrx_word' id='word_1_173' title='bbox 621 1991 715 2055; x_wconf 88' lang='lat' dir='ltr'>luisse</span> <span class='ocrx_word' id='word_1_174' title='bbox 737 1991 904 2055; x_wconf 88' lang='lat' dir='ltr'>rationem:</span> <span class='ocrx_word' id='word_1_175' title='bbox 933 1998 983 2063; x_wconf 93' lang='lat' dir='ltr'>ut,</span> <span class='ocrx_word' id='word_1_176' title='bbox 1006 2011 1085 2076; x_wconf 90' lang='lat' dir='ltr'>quos</span> <span class='ocrx_word' id='word_1_177' title='bbox 1108 1998 1141 2056; x_wconf 91' lang='lat' dir='ltr'>tu</span> <span class='ocrx_word' id='word_1_178' title='bbox 1162 1991 1210 2056; x_wconf 94' lang='lat' dir='ltr'>rei</span> <span class='ocrx_word' id='word_1_179' title='bbox 1232 1989 1374 2077; x_wconf 89' lang='lat' dir='ltr'>publicae</span> <span class='ocrx_word' id='word_1_180' title='bbox 1391 2009 1482 2054; x_wconf 89' lang='lat' dir='ltr'>eausa</span> 
     </span>
     <span class='ocr_line' id='line_1_19' title="bbox 163 2083 1483 2170; baseline -0.004 -18"><span class='ocrx_word' id='word_1_181' title='bbox 163 2087 317 2157; x_wconf 89' lang='lat' dir='ltr'>laeseras,</span> <span class='ocrx_word' id='word_1_182' title='bbox 339 2084 492 2170; x_wconf 81' lang='lat' dir='ltr'>palamte</span> <span class='ocrx_word' id='word_1_183' title='bbox 506 2093 737 2170; x_wconf 87' lang='lat' dir='ltr'>oppugnarent;</span> <span class='ocrx_word' id='word_1_184' title='bbox 760 2105 895 2170; x_wconf 90' lang='lat' dir='ltr'>quorum</span> <span class='ocrx_word' id='word_1_185' title='bbox 918 2083 1148 2159; x_wconf 89' lang='lat' dir='ltr'>auctoritatem,</span> <span class='ocrx_word' id='word_1_186' title='bbox 1172 2083 1352 2169; x_wconf 90' lang='lat' dir='ltr'>dignitatem</span> <span class='ocrx_word' id='word_1_187' title='bbox 1374 2083 1483 2148; x_wconf 87' lang='lat' dir='ltr'>voluu-</span> 
     </span>
     <span class='ocr_line' id='line_1_20' title="bbox 165 2175 1482 2266; baseline -0.002 -21"><span class='ocrx_word' id='word_1_188' title='bbox 165 2190 320 2266; x_wconf 86' lang='lat' dir='ltr'>tatemque</span> <span class='ocrx_word' id='word_1_189' title='bbox 353 2175 554 2251; x_wconf 79' lang='lat' dir='ltr'>defenderas,</span> <span class='ocrx_word' id='word_1_190' title='bbox 588 2199 650 2242; x_wconf 93' lang='lat' dir='ltr'>non</span> <span class='ocrx_word' id='word_1_191' title='bbox 679 2186 739 2242; x_wconf 90' lang='lat' dir='ltr'>tam</span> <span class='ocrx_word' id='word_1_192' title='bbox 769 2178 970 2243; x_wconf 88' lang='lat' dir='ltr'>immemores</span> <span class='ocrx_word' id='word_1_193' title='bbox 1003 2186 1106 2242; x_wconf 92' lang='lat' dir='ltr'>essent</span> <span class='ocrx_word' id='word_1_194' title='bbox 1138 2176 1262 2243; x_wconf 81' lang='lat' dir='ltr'>virtutis</span> <span class='ocrx_word' id='word_1_195' title='bbox 1289 2186 1360 2243; x_wconf 88' lang='lat' dir='ltr'>tuae</span> <span class='ocrx_word' id='word_1_196' title='bbox 1390 2199 1482 2264; x_wconf 92' lang='lat' dir='ltr'>quam</span> 
     </span>
     <span class='ocr_line' id='line_1_21' title="bbox 127 2268 1484 2359; baseline -0.004 -20"><span class='ocrx_word' id='word_1_197' title='bbox 127 2274 263 2339; x_wconf 86' lang='lat' dir='ltr'>mlaudis</span> <span class='ocrx_word' id='word_1_198' title='bbox 284 2271 410 2339; x_wconf 87' lang='lat' dir='ltr'>inimici.</span> <span class='ocrx_word' id='word_1_199' title='bbox 455 2275 527 2348; x_wconf 92' lang='lat' dir='ltr'>Quo</span> <span class='ocrx_word' id='word_1_200' title='bbox 549 2271 675 2359; x_wconf 90' lang='lat' dir='ltr'>quidem</span> <span class='ocrx_word' id='word_1_201' title='bbox 697 2281 858 2357; x_wconf 92' lang='lat' dir='ltr'>tempore,</span> <span class='ocrx_word' id='word_1_202' title='bbox 882 2280 917 2336; x_wconf 91' lang='lat' dir='ltr'>ut</span> <span class='ocrx_word' id='word_1_203' title='bbox 931 2269 1099 2357; x_wconf 89' lang='lat' dir='ltr'>perscripsi</span> <span class='ocrx_word' id='word_1_204' title='bbox 1114 2270 1153 2334; x_wconf 90' lang='lat' dir='ltr'>ad</span> <span class='ocrx_word' id='word_1_205' title='bbox 1176 2280 1206 2335; x_wconf 90' lang='lat' dir='ltr'>te</span> <span class='ocrx_word' id='word_1_206' title='bbox 1220 2281 1326 2345; x_wconf 88' lang='lat' dir='ltr'>antea,</span> <span class='ocrx_word' id='word_1_207' title='bbox 1349 2268 1484 2355; x_wconf 80' lang='lat' dir='ltr'>cognovi</span> 
     </span>
     <span class='ocr_line' id='line_1_22' title="bbox 164 2363 1483 2451; baseline -0.004 -19"><span class='ocrx_word' id='word_1_208' title='bbox 164 2366 365 2432; x_wconf 86' lang='lat' dir='ltr'>Hortensium</span> <span class='ocrx_word' id='word_1_209' title='bbox 380 2364 585 2451; x_wconf 93' lang='lat' dir='ltr'>percupidum</span> <span class='ocrx_word' id='word_1_210' title='bbox 607 2366 668 2439; x_wconf 91' lang='lat' dir='ltr'>tui,</span> <span class='ocrx_word' id='word_1_211' title='bbox 692 2365 865 2431; x_wconf 93' lang='lat' dir='ltr'>studiosum</span> <span class='ocrx_word' id='word_1_212' title='bbox 881 2363 1057 2439; x_wconf 90' lang='lat' dir='ltr'>Lucullum,</span> <span class='ocrx_word' id='word_1_213' title='bbox 1081 2384 1121 2429; x_wconf 91' lang='lat' dir='ltr'>ex</span> <span class='ocrx_word' id='word_1_214' title='bbox 1135 2364 1364 2449; x_wconf 90' lang='lat' dir='ltr'>magistratibus</span> <span class='ocrx_word' id='word_1_215' title='bbox 1380 2373 1483 2428; x_wconf 92' lang='lat' dir='ltr'>autem</span> 
     </span>
    </p>
   </div>
   <div class='ocr_carea' id='block_1_4' title="bbox 164 2456 1484 2732">
    <p class='ocr_par' dir='ltr' id='par_1_6' title="bbox 164 2456 1484 2732">
     <span class='ocr_line' id='line_1_23' title="bbox 164 2456 1484 2545; baseline -0.003 -20"><span class='ocrx_word' id='word_1_216' title='bbox 164 2465 198 2525; x_wconf 91' lang='lat' dir='ltr'>L.</span> <span class='ocrx_word' id='word_1_217' title='bbox 227 2458 379 2524; x_wconf 83' lang='lat' dir='ltr'>Racilium</span> <span class='ocrx_word' id='word_1_218' title='bbox 415 2466 446 2522; x_wconf 91' lang='lat' dir='ltr'>et</span> <span class='ocrx_word' id='word_1_219' title='bbox 473 2456 534 2522; x_wconf 88' lang='lat' dir='ltr'>lide</span> <span class='ocrx_word' id='word_1_220' title='bbox 563 2467 594 2522; x_wconf 92' lang='lat' dir='ltr'>et</span> <span class='ocrx_word' id='word_1_221' title='bbox 622 2459 727 2545; x_wconf 90' lang='lat' dir='ltr'>animo</span> <span class='ocrx_word' id='word_1_222' title='bbox 755 2457 914 2543; x_wconf 83' lang='lat' dir='ltr'>singulari.</span> <span class='ocrx_word' id='word_1_223' title='bbox 968 2462 1044 2521; x_wconf 90' lang='lat' dir='ltr'>Nam</span> <span class='ocrx_word' id='word_1_224' title='bbox 1072 2465 1177 2522; x_wconf 88' lang='lat' dir='ltr'>nostra</span> <span class='ocrx_word' id='word_1_225' title='bbox 1210 2459 1420 2544; x_wconf 81' lang='lat' dir='ltr'>propugnatio</span> <span class='ocrx_word' id='word_1_226' title='bbox 1448 2476 1484 2521; x_wconf 91' lang='lat' dir='ltr'>ac</span> 
     </span>
     <span class='ocr_line' id='line_1_24' title="bbox 165 2549 1484 2638; baseline -0.002 -21"><span class='ocrx_word' id='word_1_227' title='bbox 165 2551 305 2617; x_wconf 78' lang='lat' dir='ltr'>defensio</span> <span class='ocrx_word' id='word_1_228' title='bbox 327 2550 484 2635; x_wconf 82' lang='lat' dir='ltr'>dignitatis</span> <span class='ocrx_word' id='word_1_229' title='bbox 516 2559 586 2615; x_wconf 91' lang='lat' dir='ltr'>tuae</span> <span class='ocrx_word' id='word_1_230' title='bbox 608 2561 738 2638; x_wconf 88' lang='lat' dir='ltr'>proptor</span> <span class='ocrx_word' id='word_1_231' title='bbox 759 2550 1002 2636; x_wconf 91' lang='lat' dir='ltr'>magnitudinem</span> <span class='ocrx_word' id='word_1_232' title='bbox 1024 2549 1166 2615; x_wconf 82' lang='lat' dir='ltr'>beneficii</span> <span class='ocrx_word' id='word_1_233' title='bbox 1189 2552 1233 2617; x_wconf 93' lang='lat' dir='ltr'>tui</span> <span class='ocrx_word' id='word_1_234' title='bbox 1261 2550 1392 2616; x_wconf 83' lang='lat' dir='ltr'>tortasse</span> <span class='ocrx_word' id='word_1_235' title='bbox 1419 2551 1484 2638; x_wconf 89' lang='lat' dir='ltr'>ple·</span> 
     </span>
     <span class='ocr_line' id='line_1_25' title="bbox 164 2630 1483 2732; baseline -0.001 -22"><span class='ocrx_word' id='word_1_236' title='bbox 164 2645 271 2730; x_wconf 89' lang='lat' dir='ltr'>risque</span> <span class='ocrx_word' id='word_1_237' title='bbox 300 2643 394 2707; x_wconf 90' lang='lat' dir='ltr'>otlicii</span> <span class='ocrx_word' id='word_1_238' title='bbox 426 2630 578 2708; x_wconf 87' lang='lat' dir='ltr'>niaiorem</span> <span class='ocrx_word' id='word_1_239' title='bbox 607 2645 822 2709; x_wconf 85' lang='lat' dir='ltr'>auctoritatem</span> <span class='ocrx_word' id='word_1_240' title='bbox 855 2641 971 2707; x_wconf 88' lang='lat' dir='ltr'>habere</span> <span class='ocrx_word' id='word_1_241' title='bbox 1003 2644 1146 2709; x_wconf 88' lang='lat' dir='ltr'>videatur</span> <span class='ocrx_word' id='word_1_242' title='bbox 1181 2666 1274 2732; x_wconf 92' lang='lat' dir='ltr'>quam</span> <span class='ocrx_word' id='word_1_243' title='bbox 1303 2645 1483 2710; x_wconf 89' lang='lat' dir='ltr'>sententiae.</span> 
     </span>
    </p>
   </div>
   <div class='ocr_carea' id='block_1_5' title="bbox 34 2725 1489 4601">
    <p class='ocr_par' dir='ltr' id='par_1_7' title="bbox 34 2725 1489 4601">
     <span class='ocr_line' id='line_1_26' title="bbox 34 2725 1483 2824; baseline -0.003 -18"><span class='ocrx_word' id='word_1_244' title='bbox 34 2725 46 2752; x_wconf 75' lang='lat'><em>⁶</em></span> <span class='ocrx_word' id='word_1_245' title='bbox 128 2743 196 2806; x_wconf 68' lang='lat'><strong>¹³3.</strong></span> <span class='ocrx_word' id='word_1_246' title='bbox 218 2741 382 2802; x_wconf 86' lang='lat' dir='ltr'>Praeterea</span> <span class='ocrx_word' id='word_1_247' title='bbox 411 2736 537 2824; x_wconf 89' lang='lat' dir='ltr'>quidem</span> <span class='ocrx_word' id='word_1_248' title='bbox 566 2736 605 2801; x_wconf 88' lang='lat' dir='ltr'>de</span> <span class='ocrx_word' id='word_1_249' title='bbox 635 2735 851 2802; x_wconf 90' lang='lat' dir='ltr'>consularibus</span> <span class='ocrx_word' id='word_1_250' title='bbox 875 2736 991 2801; x_wconf 88' lang='lat' dir='ltr'>nemini</span> <span class='ocrx_word' id='word_1_251' title='bbox 1020 2758 1147 2824; x_wconf 91' lang='lat' dir='ltr'>possum</span> <span class='ocrx_word' id='word_1_252' title='bbox 1166 2748 1220 2803; x_wconf 93' lang='lat' dir='ltr'>aut</span> <span class='ocrx_word' id='word_1_253' title='bbox 1241 2738 1335 2805; x_wconf 91' lang='lat' dir='ltr'>studii</span> <span class='ocrx_word' id='word_1_254' title='bbox 1357 2760 1430 2824; x_wconf 90' lang='lat' dir='ltr'>erga</span> <span class='ocrx_word' id='word_1_255' title='bbox 1453 2748 1483 2803; x_wconf 90' lang='lat' dir='ltr'>te</span> 
     </span>
     <span class='ocr_line' id='line_1_27' title="bbox 165 2830 1483 2919; baseline -0.002 -21"><span class='ocrx_word' id='word_1_256' title='bbox 165 2843 218 2899; x_wconf 90' lang='lat' dir='ltr'>aut</span> <span class='ocrx_word' id='word_1_257' title='bbox 239 2831 332 2897; x_wconf 84' lang='lat' dir='ltr'>officii</span> <span class='ocrx_word' id='word_1_258' title='bbox 355 2839 408 2895; x_wconf 95' lang='lat' dir='ltr'>aut</span> <span class='ocrx_word' id='word_1_259' title='bbox 429 2830 520 2894; x_wconf 86' lang='lat' dir='ltr'>amici</span> <span class='ocrx_word' id='word_1_260' title='bbox 541 2831 637 2895; x_wconf 80' lang='lat' dir='ltr'>ammi</span> <span class='ocrx_word' id='word_1_261' title='bbox 659 2851 728 2894; x_wconf 90' lang='lat' dir='ltr'>esse</span> <span class='ocrx_word' id='word_1_262' title='bbox 750 2830 846 2894; x_wconf 89' lang='lat' dir='ltr'>testis.</span> <span class='ocrx_word' id='word_1_263' title='bbox 899 2831 1021 2895; x_wconf 87' lang='lat' dir='ltr'>Etenim</span> <span class='ocrx_word' id='word_1_264' title='bbox 1049 2833 1249 2917; x_wconf 90' lang='lat' dir='ltr'>Pompeium,</span> <span class='ocrx_word' id='word_1_265' title='bbox 1285 2832 1340 2919; x_wconf 95' lang='lat' dir='ltr'>qui</span> <span class='ocrx_word' id='word_1_266' title='bbox 1361 2853 1483 2896; x_wconf 92' lang='lat' dir='ltr'>mecum</span> 
     </span>
     <span class='ocr_line' id='line_1_28' title="bbox 165 2923 1484 3012; baseline 0 -21"><span class='ocrx_word' id='word_1_267' title='bbox 165 2925 344 3012; x_wconf 89' lang='lat' dir='ltr'>saepissime</span> <span class='ocrx_word' id='word_1_268' title='bbox 366 2945 429 2988; x_wconf 94' lang='lat' dir='ltr'>non</span> <span class='ocrx_word' id='word_1_269' title='bbox 451 2923 552 2989; x_wconf 91' lang='lat' dir='ltr'>solum</span> <span class='ocrx_word' id='word_1_270' title='bbox 574 2946 593 2988; x_wconf 91' lang='lat' dir='ltr'>a</span> <span class='ocrx_word' id='word_1_271' title='bbox 614 2944 664 2987; x_wconf 94' lang='lat' dir='ltr'>me</span> <span class='ocrx_word' id='word_1_272' title='bbox 686 2932 887 3008; x_wconf 88' lang='lat' dir='ltr'>provocatus,</span> <span class='ocrx_word' id='word_1_273' title='bbox 910 2923 966 2989; x_wconf 89' lang='lat' dir='ltr'>sed</span> <span class='ocrx_word' id='word_1_274' title='bbox 983 2925 1075 2989; x_wconf 90' lang='lat' dir='ltr'>etiam</span> <span class='ocrx_word' id='word_1_275' title='bbox 1091 2946 1147 2990; x_wconf 90' lang='lat' dir='ltr'>sua</span> <span class='ocrx_word' id='word_1_276' title='bbox 1161 2936 1272 3011; x_wconf 91' lang='lat' dir='ltr'>sponte</span> <span class='ocrx_word' id='word_1_277' title='bbox 1294 2925 1332 2989; x_wconf 86' lang='lat' dir='ltr'>de</span> <span class='ocrx_word' id='word_1_278' title='bbox 1348 2936 1378 2990; x_wconf 94' lang='lat' dir='ltr'>te</span> <span class='ocrx_word' id='word_1_279' title='bbox 1400 2947 1484 2991; x_wconf 84' lang='lat' dir='ltr'>eoru-</span> 
     </span>
     <span class='ocr_line' id='line_1_29' title="bbox 165 3016 1485 3104; baseline 0.001 -21"><span class='ocrx_word' id='word_1_280' title='bbox 165 3019 324 3083; x_wconf 90' lang='lat' dir='ltr'>municare</span> <span class='ocrx_word' id='word_1_281' title='bbox 352 3017 450 3094; x_wconf 91' lang='lat' dir='ltr'>solet,</span> <span class='ocrx_word' id='word_1_282' title='bbox 483 3018 543 3083; x_wconf 91' lang='lat' dir='ltr'>scis</span> <span class='ocrx_word' id='word_1_283' title='bbox 575 3016 770 3103; x_wconf 90' lang='lat' dir='ltr'>temporibus</span> <span class='ocrx_word' id='word_1_284' title='bbox 801 3017 862 3083; x_wconf 90' lang='lat' dir='ltr'>illis</span> <span class='ocrx_word' id='word_1_285' title='bbox 893 3038 956 3081; x_wconf 95' lang='lat' dir='ltr'>non</span> <span class='ocrx_word' id='word_1_286' title='bbox 978 3039 1071 3104; x_wconf 90' lang='lat' dir='ltr'>saepe</span> <span class='ocrx_word' id='word_1_287' title='bbox 1092 3018 1124 3082; x_wconf 94' lang='lat' dir='ltr'>in</span> <span class='ocrx_word' id='word_1_288' title='bbox 1147 3028 1254 3083; x_wconf 89' lang='lat' dir='ltr'>senatu</span> <span class='ocrx_word' id='word_1_289' title='bbox 1276 3019 1383 3084; x_wconf 84' lang='lat' dir='ltr'>luisse.</span> <span class='ocrx_word' id='word_1_290' title='bbox 1427 3020 1485 3085; x_wconf 84' lang='lat' dir='ltr'>Cui</span> 
     </span>
     <span class='ocr_line' id='line_1_30' title="bbox 165 3110 1484 3199; baseline -0.001 -23"><span class='ocrx_word' id='word_1_291' title='bbox 165 3111 292 3199; x_wconf 92' lang='lat' dir='ltr'>quidem</span> <span class='ocrx_word' id='word_1_292' title='bbox 312 3112 433 3177; x_wconf 88' lang='lat' dir='ltr'>litterae</span> <span class='ocrx_word' id='word_1_293' title='bbox 457 3120 543 3186; x_wconf 86' lang='lat' dir='ltr'>tuae,</span> <span class='ocrx_word' id='word_1_294' title='bbox 579 3132 656 3197; x_wconf 90' lang='lat' dir='ltr'>quas</span> <span class='ocrx_word' id='word_1_295' title='bbox 686 3111 831 3197; x_wconf 82' lang='lat' dir='ltr'>proxime</span> <span class='ocrx_word' id='word_1_296' title='bbox 857 3110 1002 3186; x_wconf 90' lang='lat' dir='ltr'>miseras,</span> <span class='ocrx_word' id='word_1_297' title='bbox 1036 3111 1121 3197; x_wconf 93' lang='lat' dir='ltr'>quod</span> <span class='ocrx_word' id='word_1_298' title='bbox 1144 3111 1233 3176; x_wconf 90' lang='lat' dir='ltr'>lacile</span> <span class='ocrx_word' id='word_1_299' title='bbox 1255 3111 1484 3186; x_wconf 88' lang='lat' dir='ltr'>intellexerim,</span> 
     </span>
     <span class='ocr_line' id='line_1_31' title="bbox 128 3202 1485 3292; baseline -0.004 -17"><span class='ocrx_word' id='word_1_300' title='bbox 128 3203 376 3291; x_wconf 77' lang='lat' dir='ltr'>saperiucundae</span> <span class='ocrx_word' id='word_1_301' title='bbox 405 3204 541 3269; x_wconf 77' lang='lat' dir='ltr'>bierunt.</span> <span class='ocrx_word' id='word_1_302' title='bbox 595 3204 670 3270; x_wconf 81' lang='lat' dir='ltr'>Mibi</span> <span class='ocrx_word' id='word_1_303' title='bbox 700 3203 827 3290; x_wconf 90' lang='lat' dir='ltr'>quidem</span> <span class='ocrx_word' id='word_1_304' title='bbox 860 3202 1033 3270; x_wconf 87' lang='lat' dir='ltr'>humanitas</span> <span class='ocrx_word' id='word_1_305' title='bbox 1065 3213 1118 3269; x_wconf 89' lang='lat' dir='ltr'>tua</span> <span class='ocrx_word' id='word_1_306' title='bbox 1149 3205 1199 3270; x_wconf 83' lang='lat' dir='ltr'>vel</span> <span class='ocrx_word' id='word_1_307' title='bbox 1229 3226 1348 3269; x_wconf 91' lang='lat' dir='ltr'>summa</span> <span class='ocrx_word' id='word_1_308' title='bbox 1380 3205 1485 3292; x_wconf 90' lang='lat' dir='ltr'>potius</span> 
     </span>
     <span class='ocr_line' id='line_1_32' title="bbox 165 3296 1484 3385; baseline -0.004 -19"><span class='ocrx_word' id='word_1_309' title='bbox 165 3300 315 3385; x_wconf 86' lang='lat' dir='ltr'>sapientia</span> <span class='ocrx_word' id='word_1_310' title='bbox 347 3319 410 3364; x_wconf 93' lang='lat' dir='ltr'>nou</span> <span class='ocrx_word' id='word_1_311' title='bbox 441 3297 576 3363; x_wconf 88' lang='lat' dir='ltr'>iucunda</span> <span class='ocrx_word' id='word_1_312' title='bbox 608 3296 725 3371; x_wconf 89' lang='lat' dir='ltr'>solum,</span> <span class='ocrx_word' id='word_1_313' title='bbox 762 3297 817 3362; x_wconf 93' lang='lat' dir='ltr'>sed</span> <span class='ocrx_word' id='word_1_314' title='bbox 845 3297 937 3362; x_wconf 90' lang='lat' dir='ltr'>etiam</span> <span class='ocrx_word' id='word_1_315' title='bbox 967 3298 1158 3364; x_wconf 90' lang='lat' dir='ltr'>admirabilis</span> <span class='ocrx_word' id='word_1_316' title='bbox 1186 3299 1253 3363; x_wconf 85' lang='lat' dir='ltr'>visa</span> <span class='ocrx_word' id='word_1_317' title='bbox 1274 3307 1330 3364; x_wconf 90' lang='lat' dir='ltr'>est.</span> <span class='ocrx_word' id='word_1_318' title='bbox 1373 3299 1484 3365; x_wconf 83' lang='lat' dir='ltr'>Virum</span> 
     </span>
     <span class='ocr_line' id='line_1_33' title="bbox 165 3390 1484 3478; baseline -0.003 -18"><span class='ocrx_word' id='word_1_319' title='bbox 165 3394 248 3460; x_wconf 89' lang='lat' dir='ltr'>euim</span> <span class='ocrx_word' id='word_1_320' title='bbox 281 3392 484 3459; x_wconf 91' lang='lat' dir='ltr'>excellentem</span> <span class='ocrx_word' id='word_1_321' title='bbox 513 3398 544 3455; x_wconf 90' lang='lat' dir='ltr'>et</span> <span class='ocrx_word' id='word_1_322' title='bbox 568 3390 625 3456; x_wconf 92' lang='lat' dir='ltr'>tibi</span> <span class='ocrx_word' id='word_1_323' title='bbox 655 3401 706 3457; x_wconf 88' lang='lat' dir='ltr'>tua</span> <span class='ocrx_word' id='word_1_324' title='bbox 734 3391 902 3478; x_wconf 88' lang='lat' dir='ltr'>praestanti</span> <span class='ocrx_word' id='word_1_325' title='bbox 924 3393 956 3457; x_wconf 93' lang='lat' dir='ltr'>in</span> <span class='ocrx_word' id='word_1_326' title='bbox 987 3414 1059 3457; x_wconf 90' lang='lat' dir='ltr'>eum</span> <span class='ocrx_word' id='word_1_327' title='bbox 1080 3391 1265 3457; x_wconf 89' lang='lat' dir='ltr'>liberalitate</span> <span class='ocrx_word' id='word_1_328' title='bbox 1287 3391 1484 3466; x_wconf 86' lang='lat' dir='ltr'>devinctum,</span> 
     </span>
     <span class='ocr_line' id='line_1_34' title="bbox 165 3485 1485 3573; baseline -0.002 -20"><span class='ocrx_word' id='word_1_329' title='bbox 165 3487 306 3552; x_wconf 88' lang='lat' dir='ltr'>nonnihil</span> <span class='ocrx_word' id='word_1_330' title='bbox 334 3487 540 3572; x_wconf 84' lang='lat' dir='ltr'>suspicantem</span> <span class='ocrx_word' id='word_1_331' title='bbox 569 3495 700 3571; x_wconf 90' lang='lat' dir='ltr'>propter</span> <span class='ocrx_word' id='word_1_332' title='bbox 728 3485 905 3572; x_wconf 90' lang='lat' dir='ltr'>aliquorum</span> <span class='ocrx_word' id='word_1_333' title='bbox 935 3485 1115 3573; x_wconf 91' lang='lat' dir='ltr'>opinionem</span> <span class='ocrx_word' id='word_1_334' title='bbox 1144 3508 1219 3551; x_wconf 89' lang='lat' dir='ltr'>suae</span> <span class='ocrx_word' id='word_1_335' title='bbox 1249 3485 1426 3571; x_wconf 90' lang='lat' dir='ltr'>cupiditatis</span> <span class='ocrx_word' id='word_1_336' title='bbox 1453 3495 1485 3552; x_wconf 89' lang='lat' dir='ltr'>te</span> 
     </span>
     <span class='ocr_line' id='line_1_35' title="bbox 165 3576 1486 3665; baseline -0.001 -20"><span class='ocrx_word' id='word_1_337' title='bbox 165 3579 204 3645; x_wconf 88' lang='lat' dir='ltr'>ab</span> <span class='ocrx_word' id='word_1_338' title='bbox 227 3602 260 3645; x_wconf 91' lang='lat' dir='ltr'>se</span> <span class='ocrx_word' id='word_1_339' title='bbox 282 3578 509 3652; x_wconf 89' lang='lat' dir='ltr'>abalienatum,</span> <span class='ocrx_word' id='word_1_340' title='bbox 540 3576 592 3642; x_wconf 93' lang='lat' dir='ltr'>illa</span> <span class='ocrx_word' id='word_1_341' title='bbox 618 3578 749 3664; x_wconf 90' lang='lat' dir='ltr'>epistola</span> <span class='ocrx_word' id='word_1_342' title='bbox 773 3579 938 3643; x_wconf 89' lang='lat' dir='ltr'>retinuisti.</span> <span class='ocrx_word' id='word_1_343' title='bbox 991 3580 1053 3657; x_wconf 90' lang='lat' dir='ltr'>Qui</span> <span class='ocrx_word' id='word_1_344' title='bbox 1075 3579 1152 3644; x_wconf 92' lang='lat' dir='ltr'>mihi</span> <span class='ocrx_word' id='word_1_345' title='bbox 1173 3601 1244 3644; x_wconf 88' lang='lat' dir='ltr'>cum</span> <span class='ocrx_word' id='word_1_346' title='bbox 1267 3601 1392 3665; x_wconf 92' lang='lat' dir='ltr'>semper</span> <span class='ocrx_word' id='word_1_347' title='bbox 1414 3587 1486 3644; x_wconf 89' lang='lat' dir='ltr'>tuae</span> 
     </span>
     <span class='ocr_line' id='line_1_36' title="bbox 128 3671 1485 3760; baseline -0.004 -16"><span class='ocrx_word' id='word_1_348' title='bbox 128 3674 250 3744; x_wconf 78' lang='lat' dir='ltr'>mlaudi</span> <span class='ocrx_word' id='word_1_349' title='bbox 281 3672 388 3739; x_wconf 84' lang='lat' dir='ltr'>lavere</span> <span class='ocrx_word' id='word_1_350' title='bbox 416 3672 501 3738; x_wconf 85' lang='lat' dir='ltr'>visus</span> <span class='ocrx_word' id='word_1_351' title='bbox 533 3680 595 3745; x_wconf 88' lang='lat' dir='ltr'>est,</span> <span class='ocrx_word' id='word_1_352' title='bbox 632 3671 726 3736; x_wconf 91' lang='lat' dir='ltr'>etiam</span> <span class='ocrx_word' id='word_1_353' title='bbox 753 3672 822 3759; x_wconf 91' lang='lat' dir='ltr'>ipso</span> <span class='ocrx_word' id='word_1_354' title='bbox 844 3672 1107 3757; x_wconf 84' lang='lat' dir='ltr'>suspiciosissimo</span> <span class='ocrx_word' id='word_1_355' title='bbox 1128 3683 1270 3760; x_wconf 91' lang='lat' dir='ltr'>tempore</span> <span class='ocrx_word' id='word_1_356' title='bbox 1293 3673 1485 3749; x_wconf 89' lang='lat' dir='ltr'>Caniniano,</span> 
     </span>
     <span class='ocr_line' id='line_1_37' title="bbox 167 3764 1486 3851; baseline -0.002 -17"><span class='ocrx_word' id='word_1_357' title='bbox 167 3777 232 3835; x_wconf 92' lang='lat' dir='ltr'>tum</span> <span class='ocrx_word' id='word_1_358' title='bbox 253 3788 330 3833; x_wconf 84' lang='lat' dir='ltr'>vero</span> <span class='ocrx_word' id='word_1_359' title='bbox 352 3767 439 3833; x_wconf 90' lang='lat' dir='ltr'>lectis</span> <span class='ocrx_word' id='word_1_360' title='bbox 461 3765 521 3830; x_wconf 90' lang='lat' dir='ltr'>tuis</span> <span class='ocrx_word' id='word_1_361' title='bbox 541 3764 655 3829; x_wconf 91' lang='lat' dir='ltr'>litteris</span> <span class='ocrx_word' id='word_1_362' title='bbox 676 3774 858 3851; x_wconf 87' lang='lat' dir='ltr'>perspectus</span> <span class='ocrx_word' id='word_1_363' title='bbox 880 3775 927 3829; x_wconf 89' lang='lat' dir='ltr'>est</span> <span class='ocrx_word' id='word_1_364' title='bbox 947 3786 965 3828; x_wconf 94' lang='lat' dir='ltr'>a</span> <span class='ocrx_word' id='word_1_365' title='bbox 986 3787 1036 3830; x_wconf 93' lang='lat' dir='ltr'>me</span> <span class='ocrx_word' id='word_1_366' title='bbox 1059 3775 1126 3830; x_wconf 88' lang='lat' dir='ltr'>toto</span> <span class='ocrx_word' id='word_1_367' title='bbox 1148 3767 1252 3831; x_wconf 91' lang='lat' dir='ltr'>animo</span> <span class='ocrx_word' id='word_1_368' title='bbox 1275 3766 1313 3830; x_wconf 92' lang='lat' dir='ltr'>de</span> <span class='ocrx_word' id='word_1_369' title='bbox 1336 3776 1366 3831; x_wconf 92' lang='lat' dir='ltr'>te</span> <span class='ocrx_word' id='word_1_370' title='bbox 1388 3788 1424 3831; x_wconf 91' lang='lat' dir='ltr'>ae</span> <span class='ocrx_word' id='word_1_371' title='bbox 1445 3766 1486 3832; x_wconf 87' lang='lat' dir='ltr'>dc</span> 
     </span>
     <span class='ocr_line' id='line_1_38' title="bbox 166 3857 1486 3946; baseline -0.002 -18"><span class='ocrx_word' id='word_1_372' title='bbox 166 3861 228 3928; x_wconf 87' lang='lat' dir='ltr'>tuis</span> <span class='ocrx_word' id='word_1_373' title='bbox 249 3860 439 3927; x_wconf 91' lang='lat' dir='ltr'>ornamentis</span> <span class='ocrx_word' id='word_1_374' title='bbox 461 3867 492 3922; x_wconf 92' lang='lat' dir='ltr'>et</span> <span class='ocrx_word' id='word_1_375' title='bbox 513 3857 686 3923; x_wconf 90' lang='lat' dir='ltr'>commodis</span> <span class='ocrx_word' id='word_1_376' title='bbox 708 3859 856 3943; x_wconf 85' lang='lat' dir='ltr'>cogitare.</span> <span class='ocrx_word' id='word_1_377' title='bbox 900 3863 930 3924; x_wconf 86' lang='lat' dir='ltr'>t.</span> <span class='ocrx_word' id='word_1_378' title='bbox 957 3861 1062 3936; x_wconf 89' lang='lat' dir='ltr'>Quare</span> <span class='ocrx_word' id='word_1_379' title='bbox 1085 3880 1141 3933; x_wconf 88' lang='lat' dir='ltr'>ea,</span> <span class='ocrx_word' id='word_1_380' title='bbox 1164 3882 1244 3946; x_wconf 91' lang='lat' dir='ltr'>quae</span> <span class='ocrx_word' id='word_1_381' title='bbox 1266 3860 1417 3937; x_wconf 88' lang='lat' dir='ltr'>scribam,</span> <span class='ocrx_word' id='word_1_382' title='bbox 1441 3863 1486 3927; x_wconf 88' lang='lat' dir='ltr'>sie</span> 
     </span>
     <span class='ocr_line' id='line_1_39' title="bbox 165 3952 1487 4046; baseline 0 -26"><span class='ocrx_word' id='word_1_383' title='bbox 165 3952 295 4030; x_wconf 90' lang='lat' dir='ltr'>habeto,</span> <span class='ocrx_word' id='word_1_384' title='bbox 317 3975 368 4018; x_wconf 93' lang='lat' dir='ltr'>me</span> <span class='ocrx_word' id='word_1_385' title='bbox 388 3973 458 4018; x_wconf 88' lang='lat' dir='ltr'>eum</span> <span class='ocrx_word' id='word_1_386' title='bbox 480 3952 535 4016; x_wconf 89' lang='lat' dir='ltr'>illo</span> <span class='ocrx_word' id='word_1_387' title='bbox 557 3973 593 4016; x_wconf 90' lang='lat' dir='ltr'>re</span> <span class='ocrx_word' id='word_1_388' title='bbox 615 3973 708 4038; x_wconf 90' lang='lat' dir='ltr'>saepe</span> <span class='ocrx_word' id='word_1_389' title='bbox 730 3953 954 4017; x_wconf 87' lang='lat' dir='ltr'>communicata</span> <span class='ocrx_word' id='word_1_390' title='bbox 978 3952 1017 4016; x_wconf 93' lang='lat' dir='ltr'>de</span> <span class='ocrx_word' id='word_1_391' title='bbox 1032 3953 1114 4017; x_wconf 91' lang='lat' dir='ltr'>illius</span> <span class='ocrx_word' id='word_1_392' title='bbox 1129 3953 1166 4018; x_wconf 92' lang='lat' dir='ltr'>ad</span> <span class='ocrx_word' id='word_1_393' title='bbox 1183 3963 1211 4019; x_wconf 90' lang='lat' dir='ltr'>te</span> <span class='ocrx_word' id='word_1_394' title='bbox 1227 3955 1377 4046; x_wconf 81' lang='lat' dir='ltr'>sententia</span> <span class='ocrx_word' id='word_1_395' title='bbox 1393 3965 1487 4043; x_wconf 90' lang='lat' dir='ltr'>atquc</span> 
     </span>
     <span class='ocr_line' id='line_1_40' title="bbox 166 4045 1487 4136; baseline 0.001 -23"><span class='ocrx_word' id='word_1_396' title='bbox 166 4047 349 4115; x_wconf 85' lang='lat' dir='ltr'>auctoritate</span> <span class='ocrx_word' id='word_1_397' title='bbox 380 4045 538 4111; x_wconf 88' lang='lat' dir='ltr'>scribere:</span> <span class='ocrx_word' id='word_1_398' title='bbox 573 4045 729 4122; x_wconf 89' lang='lat' dir='ltr'>Quoniam</span> <span class='ocrx_word' id='word_1_399' title='bbox 759 4055 884 4111; x_wconf 91' lang='lat' dir='ltr'>senatus</span> <span class='ocrx_word' id='word_1_400' title='bbox 911 4046 1086 4111; x_wconf 90' lang='lat' dir='ltr'>consultum</span> <span class='ocrx_word' id='word_1_401' title='bbox 1119 4047 1237 4112; x_wconf 92' lang='lat' dir='ltr'>nullum</span> <span class='ocrx_word' id='word_1_402' title='bbox 1270 4058 1388 4122; x_wconf 84' lang='lat' dir='ltr'>exstat,</span> <span class='ocrx_word' id='word_1_403' title='bbox 1423 4069 1487 4136; x_wconf 93' lang='lat' dir='ltr'>quo</span> 
     </span>
     <span class='ocr_line' id='line_1_41' title="bbox 129 4137 1486 4229; baseline -0.002 -19"><span class='ocrx_word' id='word_1_404' title='bbox 129 4138 308 4211; x_wconf 80' lang='lat' dir='ltr'>mreduetio</span> <span class='ocrx_word' id='word_1_405' title='bbox 329 4138 413 4223; x_wconf 88' lang='lat' dir='ltr'>regis</span> <span class='ocrx_word' id='word_1_406' title='bbox 427 4137 629 4204; x_wconf 79' lang='lat' dir='ltr'>Alexandrini</span> <span class='ocrx_word' id='word_1_407' title='bbox 645 4137 700 4202; x_wconf 93' lang='lat' dir='ltr'>tibi</span> <span class='ocrx_word' id='word_1_408' title='bbox 719 4139 861 4225; x_wconf 90' lang='lat' dir='ltr'>adempta</span> <span class='ocrx_word' id='word_1_409' title='bbox 878 4139 927 4214; x_wconf 90' lang='lat' dir='ltr'>sit,</span> <span class='ocrx_word' id='word_1_410' title='bbox 951 4161 1067 4226; x_wconf 88' lang='lat' dir='ltr'>eaque,</span> <span class='ocrx_word' id='word_1_411' title='bbox 1092 4161 1171 4225; x_wconf 91' lang='lat' dir='ltr'>quae</span> <span class='ocrx_word' id='word_1_412' title='bbox 1194 4140 1233 4205; x_wconf 89' lang='lat' dir='ltr'>de</span> <span class='ocrx_word' id='word_1_413' title='bbox 1248 4162 1285 4205; x_wconf 93' lang='lat' dir='ltr'>ea</span> <span class='ocrx_word' id='word_1_414' title='bbox 1299 4141 1414 4229; x_wconf 84' lang='lat' dir='ltr'>scripta</span> <span class='ocrx_word' id='word_1_415' title='bbox 1430 4152 1486 4219; x_wconf 89' lang='lat' dir='ltr'>est,</span> 
     </span>
     <span class='ocr_line' id='line_1_42' title="bbox 167 4230 1489 4319; baseline 0.003 -21"><span class='ocrx_word' id='word_1_416' title='bbox 167 4233 348 4307; x_wconf 88' lang='lat' dir='ltr'>auctoritas,</span> <span class='ocrx_word' id='word_1_417' title='bbox 384 4231 435 4296; x_wconf 90' lang='lat' dir='ltr'>cui</span> <span class='ocrx_word' id='word_1_418' title='bbox 464 4232 524 4296; x_wconf 90' lang='lat' dir='ltr'>scis</span> <span class='ocrx_word' id='word_1_419' title='bbox 553 4230 756 4297; x_wconf 89' lang='lat' dir='ltr'>intercessum</span> <span class='ocrx_word' id='word_1_420' title='bbox 779 4254 864 4305; x_wconf 91' lang='lat' dir='ltr'>esse,</span> <span class='ocrx_word' id='word_1_421' title='bbox 893 4242 925 4297; x_wconf 92' lang='lat' dir='ltr'>ut</span> <span class='ocrx_word' id='word_1_422' title='bbox 949 4255 987 4297; x_wconf 89' lang='lat' dir='ltr'>no</span> <span class='ocrx_word' id='word_1_423' title='bbox 1010 4233 1080 4319; x_wconf 91' lang='lat' dir='ltr'>quis</span> <span class='ocrx_word' id='word_1_424' title='bbox 1102 4233 1230 4298; x_wconf 91' lang='lat' dir='ltr'>omnino</span> <span class='ocrx_word' id='word_1_425' title='bbox 1258 4256 1366 4319; x_wconf 86' lang='lat' dir='ltr'>regem</span> <span class='ocrx_word' id='word_1_426' title='bbox 1392 4236 1489 4302; x_wconf 90' lang='lat' dir='ltr'>redu·</span> 
     </span>
     <span class='ocr_line' id='line_1_43' title="bbox 167 4324 1488 4416; baseline 0.001 -24"><span class='ocrx_word' id='word_1_427' title='bbox 167 4337 274 4402; x_wconf 91' lang='lat' dir='ltr'>ceret,</span> <span class='ocrx_word' id='word_1_428' title='bbox 310 4334 423 4390; x_wconf 83' lang='lat' dir='ltr'>tantam</span> <span class='ocrx_word' id='word_1_429' title='bbox 453 4326 516 4389; x_wconf 87' lang='lat' dir='ltr'>vim</span> <span class='ocrx_word' id='word_1_430' title='bbox 539 4324 645 4400; x_wconf 90' lang='lat' dir='ltr'>habet,</span> <span class='ocrx_word' id='word_1_431' title='bbox 681 4335 715 4390; x_wconf 94' lang='lat' dir='ltr'>ut</span> <span class='ocrx_word' id='word_1_432' title='bbox 736 4327 834 4409; x_wconf 90' lang='lat' dir='ltr'>magis</span> <span class='ocrx_word' id='word_1_433' title='bbox 861 4326 1012 4391; x_wconf 90' lang='lat' dir='ltr'>iratorum</span> <span class='ocrx_word' id='word_1_434' title='bbox 1042 4327 1204 4392; x_wconf 91' lang='lat' dir='ltr'>homiuum</span> <span class='ocrx_word' id='word_1_435' title='bbox 1233 4328 1370 4393; x_wconf 91' lang='lat' dir='ltr'>studium</span> <span class='ocrx_word' id='word_1_436' title='bbox 1393 4350 1488 4416; x_wconf 93' lang='lat' dir='ltr'>quam</span> 
     </span>
     <span class='ocr_line' id='line_1_44' title="bbox 167 4419 1489 4509; baseline 0.002 -24"><span class='ocrx_word' id='word_1_437' title='bbox 167 4420 334 4487; x_wconf 88' lang='lat' dir='ltr'>constantis</span> <span class='ocrx_word' id='word_1_438' title='bbox 355 4429 480 4485; x_wconf 88' lang='lat' dir='ltr'>senatus</span> <span class='ocrx_word' id='word_1_439' title='bbox 500 4419 665 4484; x_wconf 89' lang='lat' dir='ltr'>eonsilium</span> <span class='ocrx_word' id='word_1_440' title='bbox 687 4441 755 4484; x_wconf 90' lang='lat' dir='ltr'>esse</span> <span class='ocrx_word' id='word_1_441' title='bbox 774 4420 929 4494; x_wconf 71' lang='lat' dir='ltr'>uideatur,</span> <span class='ocrx_word' id='word_1_442' title='bbox 959 4430 987 4485; x_wconf 88' lang='lat' dir='ltr'>te</span> <span class='ocrx_word' id='word_1_443' title='bbox 1010 4421 1189 4507; x_wconf 84' lang='lat' dir='ltr'>perspicere</span> <span class='ocrx_word' id='word_1_444' title='bbox 1207 4443 1315 4507; x_wconf 92' lang='lat' dir='ltr'>posse,</span> <span class='ocrx_word' id='word_1_445' title='bbox 1338 4423 1393 4509; x_wconf 93' lang='lat' dir='ltr'>qui</span> <span class='ocrx_word' id='word_1_446' title='bbox 1415 4423 1489 4490; x_wconf 79' lang='lat' dir='ltr'>citi-</span> 
     </span>
     <span class='ocr_line' id='line_1_45' title="bbox 169 4512 1488 4601; baseline 0.004 -23"><span class='ocrx_word' id='word_1_447' title='bbox 169 4513 247 4578; x_wconf 85' lang='lat' dir='ltr'>ciam</span> <span class='ocrx_word' id='word_1_448' title='bbox 270 4517 468 4601; x_wconf 73' lang='lat' dir='ltr'>Cyprumque</span> <span class='ocrx_word' id='word_1_449' title='bbox 490 4522 610 4585; x_wconf 88' lang='lat' dir='ltr'>teneas,</span> <span class='ocrx_word' id='word_1_450' title='bbox 633 4512 708 4599; x_wconf 95' lang='lat' dir='ltr'>quid</span> <span class='ocrx_word' id='word_1_451' title='bbox 731 4514 854 4578; x_wconf 86' lang='lat' dir='ltr'>efficere</span> <span class='ocrx_word' id='word_1_452' title='bbox 876 4525 907 4579; x_wconf 92' lang='lat' dir='ltr'>et</span> <span class='ocrx_word' id='word_1_453' title='bbox 928 4515 1004 4601; x_wconf 93' lang='lat' dir='ltr'>quid</span> <span class='ocrx_word' id='word_1_454' title='bbox 1019 4515 1170 4600; x_wconf 86' lang='lat' dir='ltr'>consequi</span> <span class='ocrx_word' id='word_1_455' title='bbox 1183 4517 1294 4601; x_wconf 90' lang='lat' dir='ltr'>possis,</span> <span class='ocrx_word' id='word_1_456' title='bbox 1317 4527 1365 4592; x_wconf 93' lang='lat' dir='ltr'>et,</span> <span class='ocrx_word' id='word_1_457' title='bbox 1390 4517 1417 4582; x_wconf 89' lang='lat' dir='ltr'>si</span> <span class='ocrx_word' id='word_1_458' title='bbox 1435 4539 1488 4584; x_wconf 91' lang='lat' dir='ltr'>res</span> 
     </span>
    </p>
   </div>
   <div class='ocr_carea' id='block_1_6' title="bbox 54 4742 1488 4947">
    <p class='ocr_par' dir='ltr' id='par_1_8' title="bbox 54 4742 1488 4947">
     <span class='ocr_line' id='line_1_46' title="bbox 54 4742 1488 4806; baseline 0.006 -16"><span class='ocrx_word' id='word_1_459' title='bbox 54 4794 57 4799; x_wconf 58' lang='grc'>,</span> <span class='ocrx_word' id='word_1_460' title='bbox 239 4744 266 4791; x_wconf 80' lang='grc'><strong>7.</strong></span> <span class='ocrx_word' id='word_1_461' title='bbox 285 4743 395 4792; x_wconf 80' lang='lat' dir='ltr'>dttunctt</span> <span class='ocrx_word' id='word_1_462' title='bbox 412 4742 456 4793; x_wconf 80' lang='lat' dir='ltr'>bt:</span> <span class='ocrx_word' id='word_1_463' title='bbox 475 4742 647 4792; x_wconf 72' lang='lat' dir='ltr'>disiuncti-E.</span> <span class='ocrx_word' id='word_1_464' title='bbox 664 4764 694 4777; x_wconf 91' lang='lat'>-</span> <span class='ocrx_word' id='word_1_465' title='bbox 715 4744 757 4791; x_wconf 83' lang='lat' dir='ltr'>to.</span> <span class='ocrx_word' id='word_1_466' title='bbox 777 4744 895 4806; x_wconf 78' lang='lat' dir='ltr'>quotiens</span> <span class='ocrx_word' id='word_1_467' title='bbox 913 4744 949 4793; x_wconf 97' lang='grc' dir='ltr'><strong>Μ.</strong></span> <span class='ocrx_word' id='word_1_468' title='bbox 966 4771 995 4780; x_wconf 83' lang='lat'>-</span> <span class='ocrx_word' id='word_1_469' title='bbox 1017 4746 1058 4794; x_wconf 80' lang='lat' dir='ltr'>ta.</span> <span class='ocrx_word' id='word_1_470' title='bbox 1078 4747 1238 4795; x_wconf 72' lang='lat' dir='ltr'>immemores</span> <span class='ocrx_word' id='word_1_471' title='bbox 1251 4745 1333 4795; x_wconf 68' lang='lat' dir='ltr'>tjodd.</span> <span class='ocrx_word' id='word_1_472' title='bbox 1355 4753 1407 4796; x_wconf 82' lang='lat' dir='ltr'>tres</span> <span class='ocrx_word' id='word_1_473' title='bbox 1421 4747 1488 4799; x_wconf 87' lang='lat' dir='ltr'>Gru·</span> 
     </span>
     <span class='ocr_line' id='line_1_47' title="bbox 172 4810 1485 4880; baseline 0.004 -17"><span class='ocrx_word' id='word_1_474' title='bbox 172 4814 238 4863; x_wconf 81' lang='lat' dir='ltr'>tert:</span> <span class='ocrx_word' id='word_1_475' title='bbox 258 4825 382 4862; x_wconf 66' lang='lat' dir='ltr'>meatim</span> <span class='ocrx_word' id='word_1_476' title='bbox 398 4810 458 4862; x_wconf 77' lang='grc' dir='ltr'><strong>ΜΕ.</strong></span> <span class='ocrx_word' id='word_1_477' title='bbox 480 4836 508 4849; x_wconf 90' lang='grc'>-</span> <span class='ocrx_word' id='word_1_478' title='bbox 547 4812 591 4861; x_wconf 77' lang='lat'>⁶27.</span> <span class='ocrx_word' id='word_1_479' title='bbox 611 4826 701 4862; x_wconf 85' lang='lat' dir='ltr'>auru.</span> <span class='ocrx_word' id='word_1_480' title='bbox 721 4811 758 4861; x_wconf 85' lang='grc' dir='ltr'><strong>Μ.</strong></span> <span class='ocrx_word' id='word_1_481' title='bbox 781 4835 811 4848; x_wconf 88' lang='grc'>-</span> <span class='ocrx_word' id='word_1_482' title='bbox 843 4812 886 4863; x_wconf 83' lang='grc'><strong>30.</strong></span> <span class='ocrx_word' id='word_1_483' title='bbox 905 4816 1000 4877; x_wconf 72' lang='lat' dir='ltr'>[uenat</span> <span class='ocrx_word' id='word_1_484' title='bbox 1021 4815 1056 4865; x_wconf 88' lang='grc' dir='ltr'>Μ.</span> <span class='ocrx_word' id='word_1_485' title='bbox 1079 4839 1109 4855; x_wconf 59' lang='lat' dir='ltr'>-v</span> <span class='ocrx_word' id='word_1_486' title='bbox 1141 4813 1184 4862; x_wconf 88' lang='grc'><strong>33.</strong></span> <span class='ocrx_word' id='word_1_487' title='bbox 1204 4813 1238 4879; x_wconf 78' lang='lat' dir='ltr'>te]</span> <span class='ocrx_word' id='word_1_488' title='bbox 1259 4822 1318 4866; x_wconf 81' lang='lat' dir='ltr'>tuoe</span> <span class='ocrx_word' id='word_1_489' title='bbox 1337 4831 1377 4880; x_wconf 87' lang='lat' dir='ltr'>pr.</span> <span class='ocrx_word' id='word_1_490' title='bbox 1400 4817 1437 4868; x_wconf 83' lang='grc' dir='ltr'><strong>Μ.</strong></span> <span class='ocrx_word' id='word_1_491' title='bbox 1458 4844 1485 4855; x_wconf 92' lang='grc'>-</span> 
     </span>
     <span class='ocr_line' id='line_1_48' title="bbox 171 4879 693 4947; baseline -0.008 -13"><span class='ocrx_word' id='word_1_492' title='bbox 171 4884 214 4934; x_wconf 82' lang='grc'><strong>37.</strong></span> <span class='ocrx_word' id='word_1_493' title='bbox 234 4879 281 4947; x_wconf 75' lang='lat' dir='ltr'>stc}</span> <span class='ocrx_word' id='word_1_494' title='bbox 300 4884 323 4932; x_wconf 80' lang='lat' dir='ltr'>ai</span> <span class='ocrx_word' id='word_1_495' title='bbox 341 4882 377 4934; x_wconf 86' lang='grc' dir='ltr'><strong>Μ.</strong></span> <span class='ocrx_word' id='word_1_496' title='bbox 401 4904 428 4918; x_wconf 83' lang='lat'>-</span> <span class='ocrx_word' id='word_1_497' title='bbox 459 4880 503 4932; x_wconf 79' lang='lat' dir='ltr'>to.</span> <span class='ocrx_word' id='word_1_498' title='bbox 522 4880 567 4943; x_wconf 78' lang='lat' dir='ltr'>att]</span> <span class='ocrx_word' id='word_1_499' title='bbox 585 4883 638 4931; x_wconf 79' lang='lat' dir='ltr'>sint</span> <span class='ocrx_word' id='word_1_500' title='bbox 657 4882 693 4932; x_wconf 85' lang='grc' dir='ltr'><strong>Μ.</strong></span> 
     </span>
    </p>
   </div>
   <div class='ocr_carea' id='block_1_7' title="bbox 0 0 1643 5400">
    <p class='ocr_par' dir='ltr' id='par_1_9' title="bbox 0 0 1643 5400">
     <span class='ocr_line' id='line_1_49' title="bbox 0 0 1643 5400; baseline 0 0"><span class='ocrx_word' id='word_1_501' title='bbox 0 0 1643 5400; x_wconf 95' lang='lat' dir='ltr'> </span> 
     </span>
    </p>
   </div>
  </div>
 </body>
</html>
