3256 5400
185 246 226 308 so
615 240 890 305 EPISTULARUM
912 244 964 304 ΑΙ)
986 242 1078 306 Fau.

186 421 271 474 esse,
294 399 349 465 ubi
372 419 477 462 secum
498 397 677 485 loquitur‘t:
710 398 799 471 „boc
820 395 1006 483 probabit:”
1035 398 1123 472 „boo
1144 397 1276 463 verbum
1298 399 1507 483 suspiciosum

187 500 261 560 est.”
305 491 434 570 „Quin
464 492 491 556 si
514 491 573 556 boc
594 496 726 556 muto?”
757 496 821 566 „nt
842 512 970 565 vereor,
998 513 1038 555 ne
1060 496 1150 576 peius
1172 496 1238 558 sit.''
1262 524 1298 535 -
1323 498 1388 578 Age
1411 514 1506 566 vero,

186 588 280 654 laudo
303 587 454 672 aliquem:
489 607 589 658 „num
616 584 785 649 ellendo‘t”
821 588 925 658 „Cum
947 606 1045 670 porro
1078 585 1280 650 ollendam‘l”
1323 585 1458 664 „Ouidi
1481 591 1506 650 si

187 703 250 746 non
276 681 386 745 vult‘l''
424 677 568 753 „Armati
590 677 693 742 stilum
719 679 933 763 persequitur:
966 683 1038 744 victi
1062 688 1093 743 et
1113 679 1253 745 nondum
1276 684 1410 744 restituti
1432 677 1508 764 quid

161 775 322 839 ssaciet‘t”
357 777 461 855 Auges
484 776 576 834 etiam
600 780 632 833 tu
653 771 729 837 mibi
763 777 928 846 timorem,
962 777 1015 858 qui
1038 773 1071 837 in
1094 776 1227 838 Oratore
1250 783 1305 838 tuo
1337 794 1428 837 caves
1451 771 1507 836 tibi

185 889 243 953 per
264 864 394 930 Brutum
427 874 459 929 et
486 865 525 929 ad
547 870 779 930 excusationem
803 865 920 929 socium
947 871 1082 951 quaeris.
1126 866 1182 931 Ubi
1211 866 1271 931 boc
1293 869 1433 932 omnium
1453 889 1508 953 pa-

185 972 295 1027 tronus
318 958 407 1032 sacis,
442 958 519 1043 quid
543 978 607 1031 me,
645 969 783 1023 veterem
811 967 913 1031 tuum,
948 979 1029 1022 nunc
1052 960 1191 1024 omnium
1224 961 1368 1026 clientem
1391 962 1507 1025 sentire

184 1058 331 1141 oportet?
360 1057 393 1116 ln
420 1052 478 1116 bac
500 1052 596 1136 igitur
615 1053 767 1116 calumnia
790 1051 912 1116 timoris
939 1062 971 1116 et
995 1074 1104 1116 caecae
1127 1053 1313 1138 suspicionis
1335 1063 1506 1126 tormento,

184 1170 256 1214 cum
278 1147 413 1233 plurima
434 1146 473 1210 ad
496 1147 586 1211 alieni
609 1167 717 1210 sensus
742 1144 967 1217 coniecturam,
997 1167 1060 1210 non
1083 1145 1119 1209 ad
1143 1168 1233 1211 suum
1259 1146 1409 1211 iudicium
1432 1147 1508 1210 scri-

147 1241 317 1313 mbantur,
352 1260 446 1326 quam
468 1239 592 1303 difficile
621 1239 660 1302 sit
682 1238 832 1311 evadere,
866 1243 891 1302 si
915 1239 1017 1303 minus
1041 1250 1189 1324 expertus
1213 1262 1265 1314 es,
1299 1239 1384 1327 quod
1410 1250 1440 1304 te
1468 1239 1508 1303 ad

162 1414 166 1419 .
185 1336 290 1401 omnia
312 1355 470 1399 summum
492 1342 584 1418 atque
607 1333 762 1397 excellens
790 1333 948 1416 ingenium
971 1335 1122 1408 armavit,
1157 1355 1214 1399 nos
1242 1341 1402 1400 sentimus.
1446 1332 1508 1398 Sed

185 1440 286 1494 tamen
310 1448 370 1513 ego
393 1426 458 1491 lilio
480 1426 643 1499 dixeram,
675 1425 791 1490 librum
814 1425 868 1490 tibi
891 1427 1011 1510 legeret
1032 1436 1062 1490 et
1084 1427 1237 1502 auferret,
1267 1438 1320 1493 aut
1342 1450 1379 1493 ea
1401 1426 1508 1491 condi·

183 1523 274 1587 cione
296 1521 401 1595 daret,
432 1519 457 1584 si
479 1519 636 1605 reciperes
658 1528 688 1583 te
710 1531 944 1595 correcturum,
974 1520 1034 1584 boc
1056 1529 1117 1594 est,
1140 1520 1166 1584 si
1186 1530 1286 1586 totum
1309 1521 1404 1586 alium
1425 1520 1509 1584 lace-

184 1638 246 1680 res.
302 1621 330 1680 5.
358 1618 404 1678 De
426 1612 561 1677 Asiatico
583 1613 711 1685 itinere,
734 1635 921 1699 quamquam
943 1634 1062 1678 summa
1085 1615 1252 1678 necessitas
1275 1613 1450 1701 premebat,
1473 1623 1508 1678 ut

149 1709 360 1794 temperasti,
388 1705 459 1771 feci.
503 1712 546 1771 Te
578 1727 638 1791 pro
668 1727 718 1770 me
747 1705 823 1792 quid
850 1706 980 1770 borter‘l
1013 1706 1100 1770 vides
1129 1716 1250 1792 tempus
1272 1714 1409 1782 venisse,
1443 1726 1507 1793 quo

184 1823 309 1867 necesse
331 1802 370 1866 sit
391 1800 430 1866 de
453 1800 544 1864 nobis
566 1800 722 1865 constitui.
766 1799 846 1863 Nihil
868 1809 930 1871 est,
954 1799 995 1862 mi
1019 1800 1146 1875 Cicero,
1170 1799 1255 1886 quod
1282 1800 1378 1866 filium
1401 1821 1507 1865 meum

185 1905 357 1982 exspectes.
414 1895 601 1960 Adolescens
629 1903 691 1972 est;
725 1893 829 1957 omnia
859 1898 1038 1977 excogitare
1066 1894 1115 1958 vel
1138 1894 1241 1959 studio
1263 1895 1313 1958 vel
1335 1903 1435 1959 aetate
1456 1892 1507 1957 vel

183 1998 270 2054 metu
291 2009 354 2053 non
375 1998 488 2074 potest.
532 1993 645 2052 Totum
665 1985 826 2072 negotium
841 1995 876 2051 tu
890 1992 1042 2051 sustineas
1057 1997 1197 2073 oportet;
1220 1993 1252 2052 in
1268 1999 1297 2053 te
1313 1986 1390 2052 mibi
1405 1987 1507 2052 omnis

184 2105 257 2170 spes
279 2094 334 2148 est.
378 2088 425 2147 Tu
448 2103 507 2167 pro
530 2090 581 2145 tua
603 2079 785 2166 prudentia,
807 2080 921 2167 quibus
942 2081 1037 2146 rebus
1059 2081 1207 2166 gaudeat,
1231 2079 1344 2168 quibus
1367 2081 1508 2165 capiatur

146 2181 313 2250 mCaesar,
334 2184 439 2254 tenes;
469 2184 539 2239 ate
562 2175 666 2240 omnia
688 2173 926 2260 proficiscantur
948 2185 978 2240 et
999 2195 1059 2260 per
1080 2185 1110 2239 te
1132 2175 1170 2239 ad
1193 2175 1312 2238 exitum
1334 2174 1506 2260 perducan-

185 2280 237 2336 tur
258 2291 384 2334 necesse
406 2279 468 2348 est;
491 2268 573 2354 apud
595 2269 697 2354 ipsum
720 2268 866 2342 multum,
890 2268 971 2354 apud
994 2269 1062 2333 eius
1085 2289 1194 2334 omnes
1214 2269 1385 2355 plurimum
1407 2277 1506 2352 potes.

185 2369 215 2428 o.
238 2368 337 2429 Unum
358 2362 414 2428 tibi
438 2363 464 2428 si
485 2364 694 2449 persuaseris,
728 2384 792 2426 non
814 2362 874 2426 boc
894 2383 963 2427 esse
986 2363 1030 2427 tui
1052 2362 1207 2435 muneris,
1231 2362 1258 2426 si
1280 2361 1356 2447 quid
1378 2370 1507 2445 rogatus

186 2457 301 2529 fueris,
324 2464 359 2520 ut
379 2456 474 2521 facias
497 2492 537 2503 —
559 2477 747 2542 quamquam
769 2455 801 2520 id
819 2476 966 2539 magnum
987 2464 1018 2519 et
1032 2455 1171 2540 amplum
1186 2467 1233 2518 est
1254 2491 1309 2528 -,
1332 2452 1388 2518 sed
1408 2461 1507 2517 totum

185 2562 274 2617 tuum
296 2571 364 2614 esse
386 2571 480 2623 onus,
514 2549 674 2636 perficies:
711 2548 770 2613 nisi
792 2548 873 2613 forte
895 2549 1001 2613 autin
1022 2548 1149 2613 miseria
1171 2549 1264 2612 nimis
1286 2549 1378 2614 stulte
1400 2546 1507 2612 autin

149 2643 321 2710 raamicitia
354 2645 447 2709 nimis
479 2644 677 2730 impudenter
709 2641 764 2706 tibi
793 2662 872 2706 onus
892 2645 1031 2726 impono.
1075 2641 1136 2706 Sed
1158 2643 1284 2727 utrique
1306 2642 1354 2706 rei
1376 2661 1509 2705 excusa·

186 2737 304 2802 tionem
331 2747 401 2803 tuae
431 2743 513 2802 vitae
543 2736 736 2802 consuetudo
763 2734 830 2799 dat:
863 2755 935 2798 nam
964 2733 1048 2819 quod
1076 2739 1118 2799 ita
1139 2733 1296 2799 consuesti
1317 2755 1378 2819 pro
1399 2734 1507 2799 amicis

184 2828 347 2906 laborare,
385 2853 448 2896 nou
469 2834 531 2895 iam
553 2830 598 2895 sic
619 2837 745 2916 sperant
765 2828 821 2892 abs
842 2836 890 2903 te,
913 2828 969 2893 scd
991 2829 1084 2892 etiam
1106 2833 1151 2893 sic
1165 2829 1320 2914 imperant
1341 2825 1396 2892 tibi
1419 2827 1508 2892 lami-

185 2923 290 2989 liares.
345 2923 439 3000 Quod
461 2923 500 2986 ad
521 2922 637 2988 librum
659 2922 781 2997 attinet,
813 2943 909 3007 quem
930 2921 986 2986 tibi
1014 2920 1096 2987 lilius
1118 2920 1216 2998 dabit,
1253 2929 1327 3007 peto
1348 2941 1367 2984 a
1387 2930 1434 2999 te,
1468 2941 1507 2986 ne

188 3025 295 3091 exeat,
318 3025 372 3082 aut
392 3019 435 3081 ita
456 3021 612 3102 corrigas,
633 3037 673 3079 ne
694 3015 771 3080 mibi
791 3023 912 3082 noceat.

147 3171 176 3212 a
654 3159 733 3221 un.
778 3153 827 3238 (n.
853 3159 885 3220 u
908 3159 939 3222 c.
962 3155 1047 3241 ros.)

660 3270 802 3333 cronno
826 3271 1026 3334 cancrum.

274 3394 301 3456 1.
325 3393 402 3456 Cum
424 3398 506 3455 esset
526 3410 647 3454 mecum
675 3394 809 3473 Largus,
846 3388 941 3454 bomo
964 3393 1007 3454 tui
1036 3389 1213 3465 studiosus,
1249 3390 1372 3457 loeutus
1393 3392 1508 3458 Kalen·

186 3485 240 3550 das
266 3484 423 3548 lanuarias
454 3481 509 3548 tibi
542 3481 719 3568 praefinitas
753 3504 837 3557 esse,
864 3483 948 3568 quod
980 3482 1124 3548 omnibus
1151 3485 1246 3549 rebus
1267 3506 1505 3572 perspexeram,

186 3600 266 3664 quae
288 3577 401 3641 Balbus
424 3587 454 3641 et
476 3579 595 3662 Oppius
617 3575 743 3640 absente
767 3579 898 3641 Caesare
919 3575 1071 3661 egissent,
1095 3598 1132 3641 ea
1154 3578 1255 3643 solere
1277 3580 1320 3644 illi
1343 3590 1410 3644 rata
1425 3603 1505 3655 esse,

149 3671 237 3756 ssegi
272 3671 472 3734 vehementer
500 3691 570 3735 cum
597 3669 652 3744 iis,
689 3680 724 3734 ut
757 3671 816 3735 boc
845 3669 921 3734 mibi
948 3670 1073 3746 darent,
1110 3670 1166 3736 tibi
1195 3678 1226 3737 in
1256 3673 1377 3748 Sicilia,
1401 3676 1505 3762 quoad

186 3763 352 3835 vellemus,
390 3763 525 3827 essenti
547 3762 665 3826 liceret.
718 3762 780 3840 Oui
802 3761 878 3826 mibi
899 3774 1100 3829 consuessent
1121 3775 1174 3830 aut
1195 3765 1327 3832 libenter
1346 3770 1505 3853 polliceri,

186 3861 212 3921 si
235 3854 309 3941 quid
332 3864 413 3920 esset
435 3854 603 3930 eiusmodi,
638 3855 724 3942 quod
751 3877 862 3920 eorum
891 3861 1010 3922 animos
1039 3879 1102 3922 non
1124 3858 1313 3933 offenderet,
1336 3863 1505 3927 autetiam

186 3971 301 4034 negare
324 3957 355 4013 et
376 3949 490 4013 afferre
511 3949 680 4024 rationem,
703 3970 760 4013 cur
780 3958 944 4031 negarent,
967 3949 1040 4015 huic
1056 3973 1144 4016 meae
1161 3953 1317 4037 rogationi
1339 3959 1352 3984 *
1366 3961 1379 3986 *
1400 3958 1506 4041 potius

187 4064 251 4108 non
273 4044 421 4107 continuo
443 4043 693 4127 responderunt;
729 4042 841 4107 eodem
863 4041 914 4107 die
936 4051 1039 4109 tamen
1061 4045 1100 4110 ad
1121 4067 1171 4110 me
1193 4055 1406 4127 reverterunt;
1429 4049 1507 4114 mibi

149 4137 249 4201 aoboc
270 4136 436 4212 dederunt,
459 4145 493 4200 ut
515 4158 598 4201 esses
620 4142 652 4202 in
675 4134 796 4208 Sicilia,
819 4137 924 4221 quoad
945 4137 1057 4216 velles3
1079 4160 1113 4204 se
1134 4151 1345 4225 praestaturos
1366 4142 1443 4206 nibil
1464 4163 1506 4207 ex

190 4252 229 4295 eo
251 4240 281 4295 te
303 4230 485 4296 offensionis
508 4229 696 4295 habiturum.
741 4229 910 4307 Quoniam,
932 4230 1007 4317 quid
1029 4230 1085 4297 tibi
1105 4234 1323 4319 permittatur,
1346 4235 1504 4321 cognosti,

258 4450 283 4499 1.
308 4449 427 4511 loquetur
445 4463 516 4497 corr.
541 4448 569 4498 Μ
586 4449 620 4498 ab
646 4448 741 4498 eadem
768 4461 861 4498 mauu.
880 4471 913 4486 -
950 4449 976 4499 3.
996 4451 1141 4516 offendam,
1161 4454 1239 4515 quid,
1259 4457 1282 4503 st
1299 4454 1330 4503 Ε.
1352 4479 1381 4490 -
1420 4454 1480 4517 Μ
1495 4479 1506 4490 ·

187 4520 223 4568 cit
247 4519 292 4579 Μ,
320 4519 391 4581 quod
420 4519 523 4567 malim.
568 4519 608 4567 Aa
638 4518 785 4569 secundam
811 4519 883 4567 enim
912 4532 1057 4582 personam
1083 4534 1164 4582 aegre
1193 4523 1317 4573 desidero
1343 4537 1504 4588 pronomen.

188 4589 269 4638 Bam.
289 4611 320 4622 -
339 4589 433 4638 sentire
452 4588 562 4638 seclusit
580 4588 611 4637 Ε.
639 4614 672 4624 -
709 4587 752 4636 1t.
771 4602 872 4637 sommo
889 4603 928 4638 me
945 4592 1082 4639 nectarites
1100 4591 1257 4642 Lambinus.
1291 4618 1320 4628 -
1358 4595 1401 4643 21.
1422 4590 1504 4656 epod]

188 4659 224 4708 ott
241 4658 278 4709 Μ.
311 4683 340 4694 -
378 4658 422 4707 et.
442 4672 506 4720 opus
524 4658 772 4721 Marmei-Lagona.
794 4682 824 4692 -
843 4665 890 4707 not
906 4660 1045 4710 inimicitie
1063 4659 1100 4711 Μ.
1130 4685 1159 4695 -
1197 4663 1241 4712 35.
1260 4665 1293 4711 its
1311 4663 1446 4713 Orellius:
1466 4665 1505 4712 bis

189 4728 298 4780 ΜΕ-
337 4726 434 4791 quood]
454 4730 523 4790 qued
541 4729 578 4777 Μ.
610 4752 643 4761 -
680 4727 722 4777 38.
744 4725 869 4776 Deiectus
887 4728 995 4789 signum
1014 4743 1068 4778 om.
1087 4730 1146 4781 ΜΕ.
1166 4745 1237 4781 mene
1255 4736 1389 4797 rogationi
1407 4741 1454 4783 out
1472 4730 1504 4796 (Ι.

187 4796 238 4861 oet)
261 4797 423 4862 flagitationi
446 4800 534 4859 potius
561 4797 721 4858 Schtttzius,
751 4810 822 4846 mooe
839 4799 939 4847 actioni
955 4813 1000 4848 seu
1018 4798 1050 4858 (l.
1068 4798 1119 4863 oet)
1138 4804 1274 4865 rogationi
1289 4806 1378 4864 potius
1396 4805 1428 4855 N.
1448 4803 1504 4854 Gn.

189 4868 238 4932 Rp.
259 4868 307 4924 to,
328 4868 353 4918 1.
373 4892 407 4902 -
425 4867 469 4917 to.
488 4875 517 4918 ot
535 4881 586 4919 mc
603 4868 698 4933 singoli
715 4881 734 4917 o
749 4880 801 4931 guo
818 4866 929 4918 auvam
945 4867 984 4920 Μ.
1003 4893 1031 4905 -
1051 4867 1096 4920 41.
1115 4870 1245 4934 Quoniem
1262 4872 1305 4923 bt:
1326 4873 1437 4936 Quando
1455 4873 1486 4924 li.
