3256 5400
624 261 898 329 nrtsrotatttttt
918 263 971 329 att
984 262 1082 327 ,libil-

729 555 881 618 nrnnn
918 532 986 618 nv.
1426 640 1431 647 Ι

354 724 433 797 ΑΙ)
460 721 585 801 stan.
614 719 949 800 SULPlClUM
974 721 1051 796 tlt*
1076 719 1373 799 CETEROS.

686 1041 713 1103 1.
755 1040 806 1118 (a
832 1040 865 1104 u.
888 1041 920 1103 c.
941 1036 1027 1121 aas.)

538 1166 579 1227 n.
603 1161 745 1226 cranao
768 1162 799 1225 s.
821 1164 859 1225 n.
881 1162 965 1225 sna.
988 1162 1175 1226 sonarem.

198 1301 227 1361 l.
256 1275 306 1365 0.
330 1292 509 1368 Trebatius,
547 1290 707 1357 familiaris
735 1311 843 1366 meus,
880 1289 919 1356 ad
948 1312 998 1355 me
1025 1291 1147 1378 scripsit
1169 1301 1199 1356 tc
1221 1311 1261 1354 ex
1283 1311 1317 1355 se
1339 1289 1519 1378 quaesisse,

196 1389 311 1478 quihus
332 1390 364 1453 in
385 1388 462 1452 loeis
484 1407 585 1450 essem
607 1385 800 1470 molesteque
821 1391 853 1449 te
873 1383 974 1460 ferre,
997 1384 1082 1472 quod
1098 1406 1149 1449 mc
1166 1396 1296 1472 propter
1311 1384 1519 1451 valetudinem

173 1493 294 1556 aluam,
332 1502 403 1546 eum
424 1479 464 1544 ad
484 1477 596 1544 urbem
619 1478 847 1568 accessissem,
870 1500 934 1543 non
955 1479 1110 1556 vidisses3
1143 1486 1174 1543 et
1195 1479 1256 1544 hoc
1276 1490 1419 1564 ternpore
1440 1479 1520 1544 velle

195 1585 227 1644 te
248 1597 388 1648 mecum,
411 1574 437 1639 si
459 1573 590 1659 propius
611 1571 825 1647 accessissem,
848 1571 887 1638 de
908 1571 1014 1638 officio
1037 1572 1200 1659 utriusque
1223 1577 1365 1638 nostrum
1380 1593 1522 1638 commn-

195 1671 312 1736 nioare.
354 1667 489 1740 Utinam,
513 1665 619 1740 Servi,
643 1666 735 1731 salvis
757 1664 909 1732 rebus-
931 1667 976 1731 sic
998 1667 1082 1731 enirn
1104 1665 1333 1731 estdicendum
1360 1703 1402 1714 -
1424 1667 1522 1734 collo-

195 1764 250 1852 qui
272 1762 482 1850 potuissemus
509 1759 592 1825 inter
623 1761 695 1823 nosl
728 1759 873 1845 prolecto
901 1758 1018 1845 aliquid
1042 1759 1112 1845 opis
1133 1759 1287 1825 occidenti
1308 1760 1521 1847 reipublicae

195 1857 384 1923 tulissemus.
427 1857 603 1938 cognoram
624 1852 708 1917 enim
729 1852 792 1918 iam
813 1851 926 1918 absens
949 1862 978 1917 te
1000 1851 1077 1917 baec
1098 1853 1180 1918 mala
1200 1853 1299 1918 multo
1321 1863 1391 1919 ante
1413 1855 1521 1940 provi-

160 1979 186 2020 so
196 1950 321 2016 dentem
342 1947 539 2014 defensorem
561 1945 646 2032 pacis
675 1955 707 2010 et
734 1947 767 2011 in
789 1946 952 2012 consulatu
973 1955 1029 2012 tuo
1051 1955 1175 2033 etpost
1195 1947 1389 2012 consulatum
1410 1947 1518 2015 luisse.

195 2047 262 2129 Ego
284 2052 403 2116 autem,
426 2061 498 2105 cum
519 2038 684 2104 consilium
706 2049 794 2104 tuum
815 2037 985 2127 probarem
1007 2049 1039 2105 ct
1059 2039 1143 2106 idem
1164 2040 1232 2127 ipse
1254 2041 1420 2118 sentirem,
1442 2042 1521 2109 nihil

194 2135 408 2224 proficiebam.
466 2137 545 2198 Sero
567 2133 650 2198 enim
672 2155 840 2212 veneram;
877 2132 962 2198 solus
989 2155 1093 2211 eram;
1129 2134 1217 2213 rudis
1244 2155 1313 2200 esse
1334 2135 1467 2202 videbar
1487 2137 1520 2201 in

194 2250 304 2309 causa;
326 2227 498 2295 incideram
518 2227 551 2290 in
572 2225 735 2292 bominum
749 2226 906 2312 pugnandi
921 2225 1108 2312 cupidomm
1122 2226 1268 2293 insanias.
1310 2233 1417 2304 Nunc,
1441 2249 1521 2317 qno-

194 2322 277 2388 niam
300 2321 376 2386 nihil
398 2320 459 2385 iam
484 2318 626 2384 ridemur
648 2319 795 2406 opitulari
816 2340 909 2406 posse
931 2318 1159 2406 reipublicae,
1182 2320 1209 2385 si
1231 2320 1383 2408 quidest,
1406 2322 1520 2409 inquo

159 2445 185 2485 aa
196 2414 352 2480 nobismet
373 2415 449 2500 ipsis
470 2412 634 2478 consulere
656 2413 826 2498 possimus,
849 2434 912 2478 non
925 2422 960 2478 ut
974 2412 1092 2499 aliquid
1107 2435 1147 2478 ex
1161 2413 1294 2499 pristino
1308 2422 1388 2480 statu
1410 2423 1519 2483 nostro

194 2509 400 2582 retineamus,
433 2505 488 2571 sed
517 2515 673 2591 utquam
702 2504 921 2571 honestissime
949 2507 1133 2592 lugeamus,
1166 2528 1261 2573 nemo
1289 2516 1336 2573 est
1363 2509 1518 2584 omnium,

195 2602 321 2690 quicum
343 2601 448 2688 potius
469 2598 547 2664 mihi
569 2619 662 2685 quam
685 2606 788 2663 tecum
810 2600 1103 2665 communicandum
1124 2610 1241 2685 putem.
1283 2605 1346 2666 Nec
1360 2600 1443 2666 enim
1459 2602 1521 2667 cla-

195 2686 392 2760 rissimorum
418 2687 582 2765 virorum,
618 2711 754 2778 quorum
789 2692 905 2758 similes
937 2714 1007 2758 esse
1039 2690 1207 2768 debemus,
1241 2695 1384 2781 exempla
1416 2716 1520 2782 neque

196 2787 465 2862 doctissimorum,
496 2805 576 2872 quos
598 2805 723 2870 semper
744 2784 889 2861 coluisti,
910 2796 1077 2872 praecepta
1099 2796 1130 2851 te
1152 2785 1285 2872 fugiunt.
1327 2793 1430 2874 Atque
1452 2788 1519 2875 ipsc

158 2891 285 2951 mantea
307 2881 347 2947 ad
377 2890 407 2945 te
429 2877 621 2966 scripsissem
652 2886 682 2943 te
704 2878 820 2943 lrustra
842 2878 875 2944 in
900 2887 1040 2945 senatum
1063 2879 1130 2944 sive
1152 2881 1256 2966 potius
1278 2881 1309 2946 in
1331 2896 1520 2951 conventum

196 2987 376 3040 senatorum
397 2994 465 3038 esse
487 2981 674 3046 venturum,
696 2971 729 3037 ni
749 2973 869 3038 veritus
883 2993 1002 3047 essem,
1023 2993 1064 3038 ne
1078 2973 1147 3038 cius
1161 2974 1298 3039 animum
1314 2975 1518 3062 offenderem,

196 3069 251 3156 qui
272 3090 290 3133 a
312 3088 378 3141 me,
400 3075 436 3130 ut
457 3074 487 3129 tc
509 3065 667 3141 imitarer,
699 3064 835 3152 petebat.
894 3067 951 3132 Cui
972 3066 1098 3155 quidem
1120 3088 1198 3153 ega,
1220 3088 1271 3132 me
1292 3089 1364 3132 cum
1383 3081 1518 3156 rogaret.

195 3173 231 3229 ut
252 3160 391 3226 adessem
414 3158 446 3223 in
468 3168 592 3233 senatu,
615 3158 725 3224 eadem
746 3159 869 3233 onmia,
892 3180 972 3246 quae
994 3182 1012 3224 a
1034 3169 1064 3225 te
1087 3159 1126 3225 de
1148 3181 1224 3246 pace
1247 3160 1338 3226 etde
1362 3164 1518 3251 ffispaniis

196 3256 277 3322 dicta
299 3262 385 3327 sunt,
408 3250 530 3316 ostendi
551 3273 602 3316 me
623 3274 692 3318 esse
707 3252 873 3318 dicturum.
916 3257 946 3317 2.
968 3253 1135 3319 llesvides
1151 3275 1215 3341 qno
1231 3253 1326 3319 modo
1342 3257 1518 3335 schabest:

158 3348 307 3417 ssorbem
329 3355 485 3411 terrarum
507 3345 648 3432 imperiis
670 3345 843 3413 distributis
865 3345 978 3410 ardere
1000 3345 1104 3425 bello;
1141 3345 1252 3412 urbem
1282 3348 1349 3413 sine
1377 3350 1518 3436 legibus,

196 3442 263 3506 sine
284 3437 424 3512 iudiciis,
447 3439 515 3504 sine
540 3439 625 3512 iure,
648 3442 715 3506 sine
738 3438 797 3504 lide
817 3439 956 3504 relictam
978 3440 1147 3526 direptioni
1163 3450 1194 3504 et
1208 3440 1369 3509 incendiis.
1412 3450 1519 3532 traque

196 3534 271 3599 mibi
305 3532 413 3598 venire
446 3534 478 3599 in
508 3543 642 3599 mentem
674 3534 750 3599 nibil
771 3543 890 3620 potest,
920 3555 983 3599 non
1004 3534 1100 3599 modo
1123 3534 1197 3621 quid
1220 3555 1364 3620 sperem,
1388 3539 1443 3604 sed
1466 3541 1519 3605 vix

196 3624 258 3694 iani
280 3626 355 3713 qnid
377 3626 509 3692 audeam
530 3638 650 3713 optare.
704 3627 759 3693 Sin
780 3638 884 3693 autem
906 3627 980 3703 tibi,
1003 3627 1123 3693 homini
1144 3627 1411 3713 prudentissimo,
1433 3634 1520 3700 ride-

197 3730 248 3788 tur
268 3721 348 3786 uts'le·
367 3742 435 3785 esse
457 3742 515 3785 nos
536 3720 691 3808 colloqui;
713 3742 901 3808 quamquam
922 3721 1047 3806 longius
1069 3721 1161 3787 etiam
1181 3722 1356 3808 cogitabam
1378 3723 1419 3791 ab
1441 3726 1520 3792 urbe

159 3813 359 3884 sadiscedere
389 3849 429 3860 -
458 3815 547 3879 cuius
568 3815 630 3879 iam
651 3813 745 3879 etiam
767 3835 882 3879 nomeu
904 3815 1018 3881 invitus
1048 3815 1142 3880 audio
1169 3848 1226 3890 -‚
1258 3825 1361 3883 tamen
1388 3821 1521 3907 propius

197 3908 359 3986 accedam3
388 3906 598 3996 Trebatioque
619 3906 782 3983 mandavi,
815 3917 866 3984 ut,
899 3907 1023 3995 siquid
1046 3917 1080 3974 tn
1102 3929 1175 3973 eum
1197 3909 1294 3975 velles
1315 3912 1355 3978 ad
1376 3934 1428 3978 me
1450 3915 1520 3980 mit·

198 4014 281 4077 tere,
304 4023 343 4066 ue
364 4010 538 4079 recusaret3
559 4000 656 4091 idque
677 4012 712 4068 ut
731 4001 843 4075 facias,
867 4002 975 4081 velim3
997 4012 1064 4076 aut,
1087 4002 1114 4066 si
1128 4023 1222 4089 quem
1239 4014 1367 4072 tuorum
1380 4005 1519 4075 fidelium

197 4097 301 4169 voles,
334 4094 372 4158 ad
394 4115 445 4158 me
467 4095 587 4169 mittas,
624 4117 663 4161 ne
689 4104 743 4161 aut
771 4095 826 4160 tibi
857 4095 946 4160 exire
975 4119 1015 4160 ex
1044 4095 1124 4160 urbe
1152 4118 1280 4162 necesse
1307 4099 1348 4164 sit
1369 4110 1422 4164 aut
1442 4101 1520 4167 mihi

198 4189 356 4255 accedere.
410 4191 478 4272 Ego
505 4197 622 4253 tautum
651 4187 708 4254 tibi
736 4188 859 4264 tribuo,
892 4198 1040 4276 quantum
1063 4190 1139 4255 mibi
1162 4189 1294 4255 fortasse
1315 4213 1449 4278 arrogo:
1486 4205 1520 4261 ut

160 4284 395 4370 ssexploratum
417 4279 564 4356 habeam,
597 4281 749 4370 quidquid
778 4305 835 4348 nos
864 4282 904 4348 de
931 4284 1090 4349 communi
1118 4284 1269 4349 sententia
1301 4286 1519 4362 statuerimus,

197 4377 229 4442 id
251 4398 360 4441 omnes
381 4374 523 4440 homiues
544 4375 743 4461 probaturos.
785 4376 872 4444 Vale.

267 4552 294 4600 2.
322 4550 432 4599 Seruilio
456 4550 568 4610 suspicio
586 4547 624 4599 hl.
650 4574 671 4583 ·
712 4549 740 4599 Ξ.
768 4550 950 4600 Contrebotios
972 4549 1010 4599 ld.
1039 4575 1066 4586 -
1106 4563 1132 4599 ss
1154 4564 1273 4613 quaesere
1299 4549 1391 4614 quibus
1419 4547 1457 4598 lt.
1487 4567 1518 4580 -

196 4621 223 4673 d.
241 4621 365 4684 proprios
384 4618 420 4667 ld.
443 4642 470 4653 -
493 4618 520 4667 8.
541 4620 611 4667 inter
628 4625 721 4668 aestro
737 4621 856 4683 profecto
873 4620 911 4670 hl.
936 4645 958 4654 -
1001 4620 1044 4668 12.
1064 4621 1113 4669 essi
1131 4619 1168 4670 hl.
1190 4644 1220 4655 -
1259 4620 1302 4669 ts.
1321 4620 1439 4668 mmor
1457 4616 1520 4666 Cra·

196 4693 309 4741 rander:
328 4689 472 4738 uidebimur
489 4688 550 4739 ΜΕ.
580 4711 610 4723 -·
647 4689 691 4737 ῃ.
711 4702 872 4753 opomerum
889 4703 930 4738 aaa
948 4695 1055 4754 reparet
1073 4690 1110 4740 lt.
1136 4713 1166 4725 -
1203 4689 1248 4739 at.
1268 4690 1362 4740 babeat
1380 4688 1425 4739 hl:
1444 4686 1520 4735 babo

195 4768 243 4810 nat
265 4761 294 4809 ll.
316 4784 343 4794 -
364 4759 399 4808 27
419 4765 445 4807 et
463 4759 508 4808 28.
522 4758 625 4821 qutun
638 4755 712 4821 quid]
730 4759 799 4822 quod
815 4784 845 4796 ·-
859 4759 1174 4824 quodbnrbros·13.-·
1194 4759 1238 4809 34.
1258 4754 1395 4824 quantum]
1416 4763 1520 4808 tantum

195 4830 351 4892 hengestus.
365 4852 394 4863 -
415 4828 459 4878 35.
477 4842 525 4877 aas
537 4829 679 4878 commata
689 4829 718 4877 ta
729 4830 871 4879 momina
888 4842 929 4894 pr.
943 4828 986 4888 hl,
1005 4841 1053 4878 nos
1070 4830 1199 4879 commutat
1210 4831 1337 4880 mentia
1350 4841 1421 4879 corr.
1434 4823 1473 4875 ll.
1487 4850 1518 4862 -

194 4900 239 4949 dd.
259 4900 331 4949 fort.
350 4911 437 4947 omnes
455 4897 544 4947 bonor.
581 4894 637 4947 Cir.
658 4897 717 4948 Lib.
736 4898 763 4952 b.
782 4898 810 4959 2,
830 4897 857 4950 8.
876 4898 928 4949 οι.
