3256 5400
187 229 248 292 ros
370 192 375 201 ’
691 221 750 288 ΕΡ.
773 224 824 288 an
848 222 1020 290 amicula

185 389 253 451 lion
283 386 368 450 scite.
420 386 487 446 lloc
515 381 596 444 enirn
624 380 766 454 Attilius,
795 388 888 466 potita
918 379 1114 444 durissimus.
1157 382 1259 466 Atque
1281 380 1402 446 utinam
1427 381 1517 447 liceat

184 478 236 545 isti
258 475 448 543 contionari!
483 478 538 539 Cui
568 472 594 537 si
617 493 685 538 esse
708 472 740 538 in
762 472 841 539 urbe
865 482 931 538 tuto
954 472 1076 547 licebit,
1100 471 1241 538 vicimus.
1285 479 1409 540 Ducem
1433 475 1517 541 enim

185 572 259 637 novi
285 570 359 634 belli
391 567 489 632 civilis
518 578 570 632 aut
600 570 699 631 nemo
721 577 870 654 sequetur
897 578 950 630 aut
978 567 998 631 ii
1027 575 1219 652 sequentur,
1253 568 1310 655 qui
1332 568 1427 634 facile
1450 568 1518 634 rin·

186 676 303 730 cantur.
349 666 379 727 4.
401 664 501 726 Venio
523 659 562 724 ad
584 660 719 725 tertiam.
764 665 873 727 Gratas
895 660 992 724 luisse
1015 680 1101 724 meas
1124 660 1243 726 litteras
1266 668 1366 727 ltruto
1389 671 1422 727 et
1443 665 1517 728 Cas·

163 759 232 823 osio
254 754 386 840 gaudeo,
429 760 536 839 ltaque
564 755 602 818 iis
623 754 783 840 rescripsi.
826 753 918 832 Quod
941 755 1079 819 Hirtium
1101 774 1160 840 per
1182 776 1233 820 me
1254 756 1425 822 meliorem
1445 754 1514 823 fieri

185 850 307 924 volunt,
341 848 383 914 do
405 847 551 934 equidem
573 868 718 934 operam,
741 857 773 912 et
793 849 845 913 ille
868 848 986 935 optime
1009 847 1165 933 loquitur;
1202 849 1258 915 sed
1280 849 1360 914 vivit
1383 848 1514 918 habitat·

182 963 244 1029 que
266 963 337 1008 cum
359 942 473 1017 Balbo,
504 942 559 1028 qui
580 942 654 1007 item
677 941 757 1007 bene
779 942 929 1027 loquitur.
985 941 1069 1019 Quid
1091 940 1222 1018 credas,
1244 942 1377 1009 videris.
1420 943 1513 1009 Dola·

183 1034 296 1100 bellam
317 1035 407 1100 valde
429 1036 552 1120 placere
575 1034 629 1101 tibi
655 1035 762 1114 video;
786 1038 861 1102 mibi
884 1035 1008 1123 quidem
1032 1034 1169 1121 egregie.
1224 1040 1301 1103 Cum
1324 1043 1426 1103 Pansa
1449 1037 1513 1104 vixi

183 1130 214 1195 in
238 1131 438 1213 Pompeiano.
481 1135 509 1194 ls
531 1130 622 1214 plano
644 1130 719 1195 mibi
742 1130 894 1216 probabat
916 1152 949 1195 se
971 1128 1051 1194 bene
1074 1130 1191 1194 sentire
1214 1140 1245 1195 et
1259 1153 1378 1217 cupere
1394 1152 1512 1216 pacem.

147 1228 313 1290 ¹⁰Causam
344 1245 503 1289 armorum
535 1224 644 1309 quaeri
673 1225 763 1308 plane
794 1224 897 1289 video.
947 1224 1090 1290 Edictum
1113 1224 1200 1290 Bruti
1223 1235 1254 1288 et
1276 1226 1375 1291 Cassii
1399 1224 1511 1311 probo.

184 1322 334 1396 Quaeris,
366 1328 402 1384 ut
430 1317 598 1403 suscipiam
628 1317 867 1402 cogitationem,
905 1317 1051 1404 quidnam
1088 1317 1155 1382 istis
1192 1318 1348 1402 agendum
1388 1330 1510 1404 putem:

86 1412 92 1422 '
182 1413 309 1480 consilia
333 1425 510 1498 temporum
533 1423 619 1490 sunt;
642 1412 777 1497 quaein
800 1412 893 1477 boras
915 1410 1100 1476 commutari
1123 1411 1220 1476 vides.
1276 1411 1462 1477 Dolabellae
1482 1420 1512 1478 et

182 1511 282 1594 prima
304 1507 354 1572 illa
377 1506 457 1571 actio
481 1515 512 1570 et
534 1505 610 1570 baec
631 1514 739 1570 contra
761 1509 929 1571 Antonium
951 1506 1056 1570 contio
1080 1505 1154 1569 mibi
1177 1506 1351 1591 proiecisse
1373 1505 1512 1590 permul-

182 1613 249 1667 tum
278 1600 410 1665 videtur.
462 1604 594 1664 Prorsus
616 1597 680 1688 ibat
702 1621 763 1663 res.
807 1603 894 1665 Nunc
922 1608 1024 1663 autem
1049 1598 1192 1664 videmur
1213 1597 1354 1665 babituri
1377 1599 1509 1665 ducem:

146 1695 267 1783 nequod
299 1716 396 1759 unum
425 1692 591 1777 municipia
614 1690 751 1778 bonique
774 1691 963 1757 desiderant.
1017 1698 1046 1758 5.
1069 1693 1196 1778 Epicuri
1218 1693 1413 1758 montionem
1437 1692 1509 1759 lacis

182 1798 213 1853 et
245 1786 340 1852 nudes
373 1785 479 1850 dicere
503 1786 546 1869 pi
579 1787 834 1852 noierav'sebczei
868 1791 934 1851 Non
966 1795 994 1850 te
1024 1786 1112 1851 Bruti
1142 1787 1240 1851 nostri
1269 1787 1440 1853 vulticulus
1471 1785 1508 1852 ab

181 1879 411 1947 ista'oratione
438 1879 594 1944 deterret?
632 1879 767 1957 Quintus
789 1878 956 1959 filius,0ut
978 1879 1104 1954 scribis,
1141 1880 1269 1945 Antonii
1292 1891 1340 1946 est
1363 1881 1507 1947 dextelln

181 1980 242 2041 Per
272 1996 343 2040 enm
372 1972 482 2059 igitur,
517 1972 601 2059 quod
634 1972 796 2048 volemus,
831 1972 921 2040 facile
951 1973 1139 2039 auferemus.
1183 1978 1361 2059 Exspecto,
1394 1976 1439 2051 si,
1475 1986 1509 2043 ut

181 2078 286 2156 putas,
308 2070 344 2134 L.
365 2067 516 2133 Antonius
538 2065 687 2150 produxit
704 2067 887 2144 Octavium,
911 2068 1012 2154 qualis
1027 2070 1133 2133 contio
1148 2068 1252 2134 luerit.
1296 2072 1383 2135 llaec
1397 2069 1508 2156 scripsi

144 2159 339 2243 tuicitatim.
382 2164 489 2226 Statim
513 2163 594 2223 enim
619 2159 714 2224 Cassii
737 2160 927 2226 tabellarius.
978 2166 1071 2227 Eram
1093 2163 1241 2228 continuo
1264 2162 1373 2229 Piliam
1396 2162 1509 2229 saluta·

182 2266 288 2332 turus;
310 2253 423 2320 deinde
445 2253 483 2345 ad
506 2253 614 2339 epulas
637 2255 789 2329 Vestorii,
812 2255 964 2322 navicula.
1007 2257 1124 2322 Atticae
1146 2256 1312 2342 plurimam
1335 2256 1480 2322 salutem.

635 2416 717 2480 xri.
761 2414 817 2497 (A.
844 2418 876 2482 n.
899 2420 931 2482 c.
953 2417 1046 2482 rao.)

663 2555 805 2620 cronno
828 2559 971 2622 arrico
994 2560 1025 2623 s.

268 2695 295 2753 t.
320 2692 396 2752 Cum
418 2686 523 2772 paullo
545 2695 616 2749 ante
638 2682 793 2748 dedissem
816 2684 854 2748 ed
877 2697 908 2750 te
931 2687 1028 2752 Cassii
1050 2686 1212 2754 tabellario
1228 2690 1364 2764 litteras,
1389 2712 1420 2755 v.
1435 2690 1506 2756 ldus

143 2783 267 2847 asvenit
286 2789 394 2845 noster
416 2779 614 2851 tabellarius,
652 2777 850 2862 etquidem,
891 2781 1027 2864 portenti
1049 2782 1167 2857 simile,
1200 2784 1267 2848 sine
1290 2784 1353 2848 tuis
1383 2784 1505 2851 litteris

182 2878 242 2943 Sed
277 2877 338 2940 cito
367 2873 488 2939 conieci
516 2873 646 2937 Lanuvii
677 2882 706 2936 te
735 2871 842 2936 luisse.
900 2878 981 2940 Eros
1010 2885 1113 2940 autern
1135 2876 1304 2949 festinavit,
1337 2887 1372 2943 nt
1394 2878 1434 2943 ad
1456 2899 1505 2943 me

181 2972 302 3036 litterae
324 2967 502 3033 Dolabellae
525 2966 756 3052 perferrentur,
789 2987 852 3030 non
874 2967 971 3033 dere
993 2990 1062 3033 mea
1096 3009 1126 3020 -
1152 2969 1290 3035 nondum
1313 2972 1399 3036 enim
1421 2993 1505 3037 meas

181 3074 342 3149 acceperat
370 3098 426 3133 -,
456 3061 509 3125 sed
540 3060 700 3145 rescripsit
729 3059 767 3122 ad
797 3081 866 3136 eas,
900 3083 1032 3146 quarum
1061 3064 1239 3148 exemplum
1262 3064 1317 3130 tibi
1341 3071 1504 3142 miseram,

180 3180 253 3224 sane
282 3156 447 3221 luculente.
490 3161 520 3220 2.
552 3154 597 3220 ld
626 3176 677 3219 me
705 3164 824 3228 autem,
862 3176 932 3219 cum
962 3154 1067 3222 Cassii
1081 3157 1276 3238 tabellarium
1300 3158 1504 3233 dimisissem,

142 3253 281 3317 sostatim
305 3248 427 3314 Balbus.
472 3252 499 3313 0
529 3247 571 3313 dii
599 3248 690 3320 boni,
724 3269 818 3334 quam
847 3248 937 3314 facile
965 3252 1160 3337 perspiceres
1189 3253 1299 3316 timere
1321 3253 1438 3318 otiuml
1468 3257 1504 3319 Et

179 3347 259 3410 nosti
282 3344 402 3417 virum,
436 3365 528 3429 quam
551 3353 670 3421 tectus;
703 3342 759 3407 sed
789 3351 892 3407 tamen
920 3347 1046 3410 Antonii
1068 3346 1194 3412 consilia
1217 3343 1378 3410 narrabats
1416 3345 1504 3412 iilum

178 3438 343 3504 circumire
372 3447 551 3513 veteranos,
586 3447 620 3502 ut
649 3449 714 3502 acta
738 3437 879 3501 Caesaris
909 3439 1064 3506 sancirent
1090 3439 1186 3526 idque
1214 3459 1249 3504 se
1275 3437 1414 3503 facturos
1435 3459 1504 3504 esse

178 3533 337 3606 iurarent,
371 3539 405 3595 ut
436 3541 503 3596 rata
533 3553 642 3597 omnes
671 3531 822 3596 baberent
851 3552 949 3617 eaque
978 3532 1136 3599 duumviri
1170 3532 1316 3598 omnibus
1343 3534 1503 3600 mensibus

179 3625 376 3709 inspicerent.
424 3628 566 3704 ¹Questus
588 3635 634 3690 est
656 3626 748 3689 etiam
773 3623 811 3687 de
833 3646 888 3688 sua
910 3626 1040 3705 invidia;
1063 3647 1164 3713 eaque
1187 3627 1288 3692 omnis
1310 3627 1380 3691 eius
1402 3628 1503 3692 oratio

142 3718 251 3792 ssiuit,
273 3728 309 3782 ut
322 3739 427 3784 amare
443 3719 603 3784 videretur
616 3720 794 3784 Antonium.
839 3720 922 3796 Quid
938 3720 1087 3805 quaeris?
1109 3721 1190 3787 Nibil
1205 3721 1330 3791 sinceri.
1373 3724 1404 3786 3.
1426 3719 1503 3786 llibi

249 3930 274 3977 1.
294 3930 361 3976 setrs
388 3927 409 3976 l.
430 3928 511 3983 (Fort.
533 3927 593 3978 lion
610 3931 693 3978 scits?
712 3928 770 3978 Hoc
789 3935 878 3978 tomen
896 3932 927 3979 Α.
948 3929 1012 3982 On.)
1034 3956 1065 3966 -
1085 3931 1248 3980 clarissimus
1266 3930 1287 3978 l.
1309 3953 1337 3966 -·
1359 3931 1406 3978 ists·
1424 3930 1501 3981 licent

180 3999 200 4048 l.
223 4025 251 4035 -
290 3998 316 4046 2.
339 3994 402 4060 esse]
422 4012 501 4048 essem
520 4014 560 4062 pr.
580 3999 616 4048 Μ.
638 4024 670 4036 -
699 4000 789 4048 orbem
807 4000 837 4048 R.
860 4026 892 4033 —
922 4000 947 4049 3.
968 4000 1063 4050 billll.
1085 4027 1115 4035 -
1147 4001 1173 4050 5.
1193 4000 1323 4049 bislilRl.
1343 4027 1375 4034 —
1407 4003 1502 4064 scripsi

179 4069 209 4118 R.
237 4094 251 4100 -
276 4069 302 4117 ii.
323 4069 442 4130 loquetur
462 4084 502 4132 pr.
516 4070 553 4120 Μ.
576 4093 605 4103 -
625 4070 650 4119 9.
670 4084 696 4118 se
707 4082 741 4117 ns
753 4071 849 4119 sentire
866 4071 908 4129 Μ,
929 4073 1095 4120 seessentire
1113 4072 1135 4119 l.
1151 4092 1181 4104 -
1202 4071 1243 4120 13.
1266 4071 1328 4120 milti
1346 4085 1401 4120 om.
1422 4071 1454 4120 R.
1471 4096 1498 4108 -

179 4139 221 4188 ts.
241 4138 350 4188 Matisa:
370 4140 518 4188 videbatur.
539 4139 590 4189 On.
613 4165 638 4174 -
663 4141 706 4188 17.
725 4141 834 4189 Antonii
853 4154 907 4189 om.
922 4140 995 4190 MRl.
1028 4141 1198 4204 (suppletum
1212 4148 1252 4191 est
1265 4155 1296 4190 ex
1310 4140 1352 4189 liz
1366 4147 1419 4190 ets
1435 4140 1501 4190 Cra·

179 4206 297 4270 tandro.)
320 4234 345 4245 -
386 4209 428 4258 18.
450 4207 622 4272 quodletl.
645 4234 673 4245 ·<
713 4213 807 4260 siom.
830 4211 850 4258 l.
884 4233 909 4243 -
951 4212 993 4261 19.
1014 4212 1106 4274 Qualis
1124 4211 1194 4258 enim
1212 4214 1300 4259 contio
1318 4212 1382 4260 boec
1400 4208 1500 4272 suerit:

178 4281 273 4341 scripsi
291 4280 322 4327 R.
343 4301 373 4314 -
405 4280 448 4329 20.
469 4282 570 4329 citatim
589 4293 643 4328 om.
664 4281 737 4329 MRl.
769 4281 914 4342 (insertum
934 4281 1201 4336 estexXaRosio.)
1228 4282 1321 4333 ilalim
1339 4283 1498 4330 summatim

179 4350 228 4399 On.
250 4373 280 4384 -
317 4349 471 4398 tabellarios
490 4363 561 4400 erem
580 4364 620 4412 pr.
639 4350 684 4408 Μ,
719 4351 859 4400 tabellario
879 4351 991 4400 dotores
1009 4365 1081 4401 eram
1099 4351 1225 4400 cornill.
1246 4378 1274 4388 -
1313 4352 1356 4400 at.
1377 4351 1501 4412 epistolas

178 4419 292 4469 Nestorii
311 4419 331 4468 l.
362 4444 390 4454 —
425 4417 578 4483 plurimam]
595 4420 676 4481 pitseo
696 4435 735 4484 pr.
754 4422 799 4478 Μ,
825 4420 1053 4482 pernoscamus.
1084 4447 1114 4456 -
1151 4421 1194 4471 25.
1211 4423 1315 4482 petenti
1332 4421 1353 4470 l.
1376 4443 1404 4454 -
1430 4423 1501 4469 simi·

179 4489 424 4541 testatuisblRl.
462 4489 754 4553 (Cornexletrng.
776 4491 859 4546 Crat-t
894 4515 918 4524 -
959 4492 1002 4541 26.
1024 4498 1182 4540 ootemom.
1203 4491 1235 4540 R.
1269 4516 1298 4528 -
1335 4491 1380 4540 sti.
1408 4489 1501 4541 literas

178 4559 215 4609 Μ.
237 4581 270 4595 -
304 4559 426 4607 nundum
443 4561 480 4610 itt.
514 4585 545 4596 -
581 4559 625 4610 28.
646 4557 770 4622 querum]
790 4563 962 4624 qeneinpr·
982 4562 1019 4611 Μ.
1053 4585 1083 4596 -
1120 4563 1162 4612 29.
1182 4561 1204 4609 Δ
1226 4562 1247 4610 Ι.
1275 4585 1307 4596 -
1344 4559 1501 4612 demisissent

178 4628 229 4678 Μῐ.
253 4655 280 4666 -
319 4630 363 4680 30.
382 4627 483 4693 statim]
502 4635 601 4680 stotum
618 4645 658 4693 pr.
677 4632 715 4681 Μ.
747 4655 773 4664 -
812 4631 1009 4681 Bulbusoens't.
1048 4632 1110 4680 Ol.
1144 4655 1174 4666 -
1211 4630 1311 4681 cicili.
1331 4654 1361 4666 -
1399 4631 1443 4683 31.
1462 4632 1500 4680 ui·

178 4696 246 4761 rum]
266 4705 356 4749 utrem
374 4714 415 4764 pr.
435 4700 471 4750 Μ.
499 4726 529 4737 -
566 4701 608 4750 ³2.
630 4702 743 4748 circuire
761 4701 792 4748 R.
820 4723 851 4736 -
890 4702 981 4751 Malim
1002 4700 1189 4751 ueteranos.
1212 4727 1239 4737 -
1277 4713 1328 4750 esse
1347 4715 1401 4750 om.
1423 4699 1445 4750 l.
1468 4724 1498 4736 -

179 4769 222 4820 33.
241 4777 271 4820 ut
287 4770 360 4832 reto]
379 4779 470 4820 aetram
489 4770 501 4820 l
518 4776 545 4819 et
563 4785 603 4834 pr.
624 4770 671 4827 Μ,
692 4778 721 4820 ut
739 4773 793 4819 iem
811 4784 880 4820 corr.
901 4773 945 4831 ill,
964 4777 1053 4821 utrum
1072 4772 1103 4821 R.
1129 4769 1187 4835 (Pio
1206 4784 1236 4819 ex
1257 4777 1332 4834 parte
1350 4779 1500 4834 praeeunte

179 4842 292 4891 correxit
311 4841 467 4900 Victorius.)
487 4866 517 4877 —
555 4838 697 4904 duumuiri]
717 4841 801 4889 divini
818 4841 871 4889 oiri
890 4841 919 4889 R.
950 4867 972 4879 —
1012 4841 1056 4890 34.
1078 4844 1134 4889 sios
1152 4843 1237 4890 omnis
1256 4841 1278 4890 l.
