3256 5400
668 252 742 315 tut.
762 252 787 315 l.
827 250 888 315 aa.
908 254 940 315 ⁸1.
1443 256 1464 317 8

141 404 318 471 facultatem
340 404 482 472 habitura
504 407 665 483 videatur,
698 417 734 474 ut
765 407 991 474 Alexandream
1018 418 1113 497 atque
1143 414 1316 497 Aegyptum
1354 419 1461 476 tenere

140 499 258 586 possis,
295 520 363 565 esse
384 509 416 565 et
437 509 508 565 tuae
536 510 567 565 et
596 501 695 566 nostri
715 501 840 588 imperii
862 501 1036 587 dignitatis,
1068 501 1260 568 Ptolemaide
1281 512 1335 568 aut
1355 504 1461 591 aliquo

141 593 321 681 propinquo
352 594 423 660 loco
450 615 525 679 rege
552 595 704 659 collocato
732 605 762 659 te
789 615 861 660 cum
888 595 986 660 classe
1015 604 1109 682 atque
1136 595 1278 660 exercita
1305 595 1463 683 proficisci

141 685 385 762 Alexandream,
402 697 450 762 ut,
468 708 537 752 eam
552 709 623 753 cum
638 709 713 774 pace
728 689 955 775 praesidiisque
969 688 1120 764 firmanis,
1142 689 1338 757 Ptolemaeus
1354 691 1464 756 redeat

141 779 174 845 in
195 801 344 865 regnum:
372 782 414 847 ita
442 781 527 856 lore,
565 790 600 847 ut
626 791 656 846 et
682 803 740 868 per
767 792 798 848 te
819 783 1018 858 restituatur,
1053 781 1316 868 quemadmodum
1337 793 1486 850 senatuss

140 873 231 939 initio
260 875 396 950 censuit,
425 885 457 941 et
483 875 550 940 sine
580 875 776 941 multitudine
809 876 992 950 reducatur,
1029 875 1292 962 quemadmodum
1321 876 1463 943 homiues

141 966 282 1051 religiosi
309 967 444 1058 Sibyllae
470 970 594 1056 placere
626 969 782 1035 dixerunt
827 975 856 1035 5.
892 969 953 1035 Sed
975 968 1053 1034 baec
1073 969 1225 1035 sententia
1246 969 1291 1035 sic
1313 979 1345 1035 et
1364 971 1410 1038 illi
1432 979 1464 1037 et

142 1059 233 1125 nobis
259 1059 468 1146 probabatur,
498 1071 533 1127 ut
560 1084 601 1127 ex
629 1072 743 1128 eventu
772 1063 914 1129 homines
936 1062 975 1127 de
997 1073 1052 1128 tuo
1073 1062 1206 1128 consilio
1229 1063 1462 1129 existimaturos

142 1153 336 1220 videremus:
358 1156 385 1221 si
407 1155 588 1231 cecidisset,
611 1166 646 1220 at
667 1156 811 1222 volumus
834 1168 864 1222 et
886 1165 1044 1241 optamus,
1069 1175 1177 1221 omnes
1199 1163 1230 1220 te
1252 1164 1284 1220 et
1305 1156 1462 1243 sapienter

142 1256 174 1312 et
194 1247 333 1323 lortiter,
357 1248 405 1314 sin
426 1249 542 1336 aliquid
564 1261 645 1315 esset
666 1250 839 1325 offensum,
862 1249 990 1315 eosdem
1012 1248 1082 1314 illos
1105 1257 1137 1313 ei
1156 1247 1269 1334 cupide
1291 1259 1323 1315 et
1344 1260 1462 1316 temere
1474 1272 1501 1314 m

141 1339 252 1406 iecisse
275 1340 423 1407 dicturos.
478 1345 584 1420 Quare
605 1343 680 1430 quid
702 1343 825 1430 assequi
854 1343 972 1428 possis,
1003 1364 1067 1407 non
1088 1351 1151 1407 tam
1173 1341 1263 1407 facile
1285 1350 1333 1409 est
1353 1342 1461 1421 nobis,

142 1455 235 1521 quam
265 1433 336 1509 tibi,
368 1436 458 1502 cuius
478 1457 578 1524 prope
600 1437 632 1500 in
654 1448 822 1522 conspectu
843 1442 1001 1524 Aegyptus
1023 1445 1085 1510 est,
1113 1435 1263 1504 iudicare.
1305 1442 1369 1502 Nos
1394 1437 1462 1524 qui·

142 1528 213 1595 dem
247 1528 308 1593 hoc
333 1529 498 1595 sentimus:
535 1530 562 1595 si
591 1530 788 1615 exploratum
816 1529 873 1594 tibi
902 1530 941 1593 sit
961 1550 1055 1614 posse
1077 1539 1107 1594 te
1129 1529 1213 1594 illias
1234 1530 1324 1615 regni
1346 1529 1462 1616 potiri,

142 1643 205 1689 non
220 1644 289 1688 esse
303 1623 526 1701 cunctandum:
548 1624 574 1688 si
589 1623 718 1689 dubium
733 1624 788 1696 sit,
811 1644 873 1688 uon
889 1644 957 1687 esse
976 1622 1162 1689 conandum.
1204 1623 1284 1689 lllud
1304 1622 1360 1688 tibi
1382 1624 1464 1688 affir-

142 1738 211 1791 mo,
245 1717 271 1782 si
293 1738 360 1781 rem
382 1716 472 1782 istam
494 1738 534 1781 ex
556 1718 707 1781 sententia
729 1719 878 1801 gesseris,
908 1714 993 1790 lore,
1017 1725 1051 1780 ut
1072 1715 1184 1780 absens
1205 1739 1224 1781 a
1244 1716 1369 1791 multis,
1391 1737 1501 1780 cumn

142 1809 289 1883 redieris,
312 1809 351 1875 ab
373 1809 518 1876 omnibus
540 1811 727 1876 collaudare.
771 1809 985 1874 offensionem
1013 1829 1081 1873 esse
1103 1810 1310 1894 periculosam
1333 1818 1464 1896 propter

142 1903 356 1989 interpositam
377 1905 593 1969 auctoritatem
614 1905 862 1989 religionemque
884 1901 988 1966 video.
1032 1902 1092 1967 Sed
1115 1922 1175 1987 ego
1197 1912 1245 1977 tc,
1274 1911 1309 1967 ut
1336 1902 1374 1967 ad
1396 1924 1463 1967 cer-

142 2005 204 2061 tam
227 1994 349 2061 landem
370 1996 536 2072 adhortor,
558 1999 603 2062 sic
624 2019 642 2062 a
661 1997 858 2062 dimicatione
876 1995 1023 2061 deterreo
1038 1996 1199 2082 redeoque
1214 1995 1253 2060 ad
1268 1994 1354 2070 illud,
1377 1994 1463 2082 quod

142 2089 232 2154 initio
262 2088 387 2175 scripsi,
418 2091 512 2157 totius
541 2089 612 2155 sacti
647 2091 691 2155 tui
722 2090 871 2155 iudicium
900 2110 963 2153 non
991 2099 1052 2153 tam
1075 2110 1115 2153 ex
1137 2088 1269 2154 consilio
1293 2095 1347 2153 tuo
1369 2110 1463 2175 quam

142 2204 181 2248 ex
215 2195 329 2249 eventu
357 2183 498 2250 homines
530 2206 598 2249 esse
628 2184 774 2249 facturos.
817 2189 848 2248 6.
882 2182 1004 2260 Quodsi
1035 2183 1112 2247 haec
1132 2182 1213 2247 ratio
1235 2181 1283 2246 rei
1306 2182 1501 2266 gerendaen

141 2277 317 2363 periculosa
339 2277 396 2343 tibi
418 2298 486 2343 esse
508 2277 681 2353 videbitur,
704 2277 845 2364 placebat
866 2276 957 2347 illud,
981 2285 1028 2350 ut,
1052 2277 1078 2341 si
1100 2297 1158 2340 rex
1180 2275 1288 2340 amicis
1313 2277 1385 2350 tuis,
1408 2276 1463 2362 qui

142 2388 200 2455 per
225 2370 419 2456 provinciam
448 2381 540 2458 atque
572 2371 739 2459 imperium
766 2379 854 2435 tuum
886 2370 1033 2455 pecunias
1062 2368 1091 2433 ei
1113 2367 1333 2443 credidissent,
1370 2367 1463 2435 fidem

142 2484 230 2528 suam
259 2464 479 2549 praestitisset,
516 2473 548 2529 et
574 2465 699 2530 auxiliis
728 2485 801 2529 eum
823 2463 883 2529 tuis
912 2472 944 2527 et
964 2462 1063 2548 copiis
1085 2461 1266 2538 adiuvams:
1302 2482 1371 2526 eam
1393 2482 1463 2527 esse

142 2565 284 2621 naturam
310 2565 342 2621 et
370 2558 532 2643 regionem
559 2558 741 2643 provinciae
769 2565 856 2630 tuae,
889 2564 925 2620 ui
945 2555 1028 2620 illius
1050 2554 1186 2619 reditum
1214 2556 1265 2621 vel
1286 2557 1463 2623 adiuvando

142 2649 344 2716 confirmares
375 2650 424 2715 vel
454 2651 639 2736 negligendo
672 2650 851 2736 impedires.
908 2652 943 2713 ln
965 2647 1022 2712 hac
1042 2648 1165 2712 ratione
1187 2648 1263 2734 quid
1284 2672 1353 2723 res,
1387 2650 1502 2738 quidsi

142 2764 250 2817 causa,
277 2742 354 2831 quid
375 2752 496 2830 tempus
518 2738 613 2818 lerat,
641 2754 675 2809 tu
696 2744 841 2808 facillime
862 2741 1042 2828 optimeque
1064 2742 1250 2827 perspicies:
1273 2743 1348 2830 quid
1371 2743 1463 2809 nobis

142 2837 322 2924 placuisset,
355 2859 396 2902 ex
424 2860 476 2902 me
503 2837 700 2923 potissimum
725 2836 832 2922 putavi
861 2844 891 2900 te
913 2835 994 2900 scire
1016 2843 1173 2919 oportere.
1216 2839 1246 2900 7.
1270 2836 1364 2914 Quod
1386 2837 1463 2900 mihi

143 2929 182 2996 de
203 2940 312 2996 nostro
334 2940 430 3006 statu,
453 2931 492 2996 de
506 2932 630 2998 Milonis
645 2930 869 3004 familiaritate,
892 2928 931 2994 de
946 2928 1071 2993 levitate
1087 2937 1118 2993 et
1133 2928 1344 2995 imbecillitate
1362 2930 1463 2996 Clodii

142 3025 331 3110 gratularis,
366 3025 494 3090 minime
523 3027 675 3090 miramur
702 3035 733 3089 te
763 3024 824 3088 tuis
850 3032 885 3087 ut
914 3022 1076 3107 egregium
1111 3021 1262 3087 artificem
1293 3023 1464 3108 praeclaris

143 3118 293 3205 operibus
313 3120 436 3197 laetari;
458 3139 646 3206 quamquam
668 3128 714 3184 est
731 3114 924 3182 incredibilis
945 3115 1107 3181 hominum
1121 3116 1310 3201 perversitas
1332 3153 1374 3162 —
1393 3136 1502 3202 gra-so

143 3212 232 3277 aiore
260 3212 343 3277 enim
374 3211 475 3278 verbo
503 3213 548 3278 uti
569 3234 632 3278 non
654 3211 731 3277 libet
753 3243 789 3254 -
814 3209 868 3296 qui
890 3230 963 3284 nos,
993 3229 1074 3294 quos
1095 3208 1228 3274 favendo
1250 3209 1283 3274 iu
1304 3210 1463 3276 comumm

142 3326 235 3370 eausa
256 3307 392 3371 retinere
413 3315 598 3392 potuerunt,
626 3303 796 3370 invidendo
818 3301 1048 3379 abalienarunt;
1077 3323 1213 3388 quorum
1234 3303 1465 3369 malevolentis-

142 3398 228 3465 simis
257 3398 535 3465 obtrectationibus
563 3420 621 3464 nos
654 3399 732 3464 seito
753 3398 793 3462 de
814 3405 922 3461 vetere
948 3396 1001 3461 illa
1022 3403 1129 3459 nostra
1158 3396 1366 3483 diuturnaque
1395 3419 1465 3462 sen-

143 3492 236 3557 tentia
268 3513 367 3579 prope
394 3493 456 3558 iam
484 3515 553 3558 esse
580 3492 744 3579 depulsos,
782 3511 845 3555 non
874 3510 932 3555 nos
954 3489 1081 3576 quidem
1104 3498 1139 3554 ui
1160 3498 1285 3555 nostrae
1308 3489 1465 3575 diguitatis

142 3585 239 3651 simus
261 3585 363 3660 obliti,
386 3586 441 3651 scd
463 3596 498 3652 ui
518 3585 687 3651 habeamus
708 3585 861 3651 rationem
883 3583 1050 3670 aliquando
1070 3584 1162 3649 etiam
1177 3584 1294 3648 salutis.
1339 3587 1504 3648 Poteratss

143 3689 311 3766 utrumque
331 3679 505 3765 praeclare,
529 3681 555 3745 si
577 3690 659 3745 esset
681 3679 771 3753 fides,
795 3680 820 3743 si
840 3678 975 3763 gravitas
990 3678 1023 3741 in
1037 3676 1216 3743 hominibus
1231 3676 1463 3754 consularibns;

143 3773 198 3838 sed
219 3782 302 3837 tanta
324 3774 423 3838 estin
445 3774 602 3861 plerisque
624 3774 747 3848 levitas,
770 3781 803 3838 ut
826 3794 881 3836 cos
897 3793 959 3835 non
974 3780 1037 3835 tam
1051 3771 1222 3835 constantia
1238 3771 1269 3834 in
1283 3791 1319 3834 re
1340 3768 1464 3855 publica

143 3874 249 3930 nostra
282 3865 426 3942 delectet,
463 3889 557 3954 quam
586 3867 735 3953 splendor
764 3865 911 3931 offendat.
964 3867 994 3929 8.
1023 3864 1116 3942 Quod
1149 3886 1188 3928 eo
1216 3862 1346 3928 liberius
1372 3862 1411 3927 ad
1434 3871 1464 3926 te

143 3958 264 4032 scribo,
300 3959 373 4046 quia
395 3982 457 4025 non
479 3961 580 4025 solum
603 3959 797 4046 temporibus
819 3960 881 4032 his,
905 3979 984 4045 quae
1006 3979 1064 4043 per
1087 3968 1117 4022 te
1139 3979 1207 4022 sum
1229 3957 1374 4043 adeptus,
1409 3954 1465 4020 sed

143 4051 204 4116 um
225 4053 301 4117 olim
323 4054 459 4118 nascenti
480 4075 580 4140 prope
601 4064 727 4120 nostrae
748 4053 831 4119 laudi
847 4052 1050 4138 dignitatique
1065 4049 1185 4127 lavisti:
1208 4050 1363 4136 simulque
1378 4047 1503 4136 quoda

213 4273 239 4321 1.
259 4277 285 4321 et
302 4271 329 4321 d.
349 4272 540 4322 Akaondrcam
558 4271 600 4323 M:
619 4273 807 4322 Alexandriam
826 4272 905 4321 11.-
942 4271 970 4320 2.
989 4270 1058 4319 alico
1075 4268 1113 4318 M.
1134 4293 1163 4304 -
1203 4269 1227 4317 t.
1247 4282 1305 4317 eant
1323 4282 1398 4331 qaam
1418 4265 1464 4316 M:

144 4356 199 4392 eum
217 4357 274 4392 sem
294 4341 324 4391 E.
346 4365 374 4377 -
412 4342 440 4392 li.
457 4349 487 4392 ut
505 4349 593 4404 siper
610 4342 652 4392 M:
672 4350 701 4394 ut
717 4357 766 4406 per
784 4343 814 4392 li.
842 4366 863 4376 -
904 4340 932 4390 8.
950 4346 1041 4391 evento
1059 4339 1095 4390 M.
1114 4338 1170 4388 Cir.
1191 4338 1244 4387 dit.
1264 4338 1291 4395 3,
1310 4336 1337 4391 8,
1357 4337 1383 4386 i.
1413 4337 1464 4386 Sed

146 4425 205 4463 mox
225 4425 295 4462 rora.
324 4410 369 4461 80.
400 4418 500 4461 wenta.
526 4436 555 4446 -
584 4413 626 4462 tt.
654 4410 687 4475 ai]
714 4415 756 4462 ain
776 4412 884 4461 Aldina.
917 4435 940 4445 -
970 4411 1076 4459 dubium
1102 4410 1137 4457 rit
1160 4408 1205 4457 M:
1236 4408 1343 4456 dubium
1368 4406 1397 4455 E.
1434 4429 1464 4441 -

144 4482 187 4533 88.
206 4484 344 4544 imparium
358 4489 430 4531 tanin
442 4483 565 4544 pacianias
579 4482 633 4531 Va:
653 4483 758 4546 imperii
772 4485 811 4530 toi
821 4483 973 4544 provincias
984 4479 1044 4530 Mil.
1073 4503 1100 4512 -
1122 4479 1167 4528 28.
1184 4480 1360 4541 praestetisset
1381 4476 1416 4526 Μ.
1434 4498 1465 4511 -

143 4553 187 4604 Si.
205 4548 348 4617 cepionem]
367 4554 498 4603 rationem
514 4552 660 4601 Lambinus
678 4566 693 4603 e
712 4552 790 4601 codd.
813 4575 842 4588 -
861 4552 906 4602 ⁸25.
926 4550 1080 4614 nepiependo
1099 4548 1136 4599 M.
1159 4573 1186 4582 -
1216 4548 1259 4597 30.
1278 4549 1400 4612 proniore
1419 4545 1464 4595 M:

143 4623 262 4690 gratiori
278 4621 309 4670 ll.
331 4648 362 4658 -
380 4621 424 4671 38.
445 4622 549 4671 tiberius
567 4621 612 4672 M:
631 4623 750 4672 libentius
770 4621 799 4671 li.
818 4648 845 4657 —
867 4623 911 4671 39.
931 4622 994 4684 quia
1013 4618 1162 4669 Scholiasta
1183 4618 1324 4667 Bebiensis
1343 4627 1382 4678 tp.
1403 4616 1463 4665 115.

143 4694 186 4744 ed·
207 4690 320 4749 Rom.):
339 4692 384 4754 qat
410 4691 470 4741 ΜΒ.
492 4715 522 4728 -
551 4693 590 4741 itia
609 4692 699 4742 Sebel.
720 4692 784 4740 Bab.
806 4690 847 4741 M:
879 4693 912 4740 iis
931 4690 961 4739 Β.
983 4715 1011 4726 -
1041 4686 1417 4738 ³9.seaiam8cnot.1tob.
1439 4689 1465 4734 et

145 4763 201 4813 Vb:
225 4762 269 4811 aad
285 4763 365 4809 ettam
384 4761 444 4811 Mu.
465 4788 493 4798 -
520 4761 565 4812 dl).
584 4763 658 4812 tundi
674 4763 850 4826 dignitatique
867 4762 958 4824 favisti
977 4759 1067 4809 Schoi.
1088 4757 1175 4807 non.:
1200 4758 1273 4807 laudi
1291 4757 1465 4819 dignitatique

142 4833 281 4897 proclinati
320 4832 366 4880 sed
387 4839 521 4895 postremo
541 4833 673 4883 vocabulo
691 4846 705 4881 ι
725 4846 763 4882 re.
784 4846 865 4880 manu
886 4833 913 4880 in
933 4842 1025 4879 rasura
1046 4829 1145 4890 posito)
1164 4828 1209 4885 M,
1229 4827 1320 4886 laudi,
1339 4825 1465 4890 dipnitati

143 4904 286 4965 strictique
300 4903 443 4966 messuisti
469 4902 498 4952 11.
529 4927 558 4938 -
596 4904 720 4966 simulque
747 4916 787 4964 pr.
814 4902 862 4952 M:
893 4901 971 4952 simui
996 4899 1080 4957 (corr.
1108 4898 1159 4954 M.)
1188 4897 1217 4946 8.
