3256 5400
586 252 661 315 tta.
681 251 766 316 xllt.
807 252 868 316 ΕΡ.
888 251 920 316 d.
940 251 972 316 7.
992 251 1023 317 S.
1400 254 1464 319 285

140 407 234 474 simili
262 428 355 474 cansa
378 406 536 482 laborent,
573 408 750 494 complures
777 408 981 475 necessarios.
1030 411 1098 474 Hoc
1126 430 1177 474 me
1198 430 1262 475 non
1283 411 1349 475 sine
1371 430 1464 476 eausa

140 502 244 569 lacere
277 521 379 587 neque
401 500 505 586 aliqua
531 500 594 567 levi
621 502 791 569 ambitione
811 511 1004 570 commotum
1032 523 1051 567 a
1076 511 1107 568 te
1141 504 1330 569 contendere
1352 503 1410 570 etsi
1432 514 1463 569 te

140 595 323 662 existimare
344 592 497 671 arbitror,
521 605 623 661 tamen
649 596 726 663 mihi
746 594 913 664 affirmanti
934 594 1044 662 credas
1065 596 1176 676 velim,
1198 618 1249 663 me
1267 596 1341 664 buic
1361 596 1464 662 muni·

139 689 223 775 cipio
244 687 362 754 debere
383 687 569 775 plurimnm;
606 689 725 756 nullmn
753 712 891 779 unwan]
919 688 1017 757 fnisse
1037 698 1160 778 tempus
1181 712 1285 779 neque
1306 691 1463 758 bonorum

140 803 197 847 nec
217 780 363 847 laborum
385 802 545 858 meorum,
566 781 600 848 in
621 804 686 871 quo
707 805 771 851 non
792 783 884 852 huius
905 783 1068 871 municipii
1088 783 1227 850 studium
1247 784 1281 851 in
1303 806 1354 850 me
1369 783 1488 851 exsti-⁸

140 875 213 943 terit
234 875 402 960 singulare.
455 880 485 941 5.
508 877 709 962 Quapropter
730 899 749 943 a
771 889 801 943 te
823 878 918 944 etiam
940 886 1034 966 atque
1055 879 1149 944 etiam
1171 899 1230 964 pro
1252 887 1359 944 nostra
1380 898 1465 942 sum-

142 991 191 1036 ma
220 968 439 1035 coniunctione
466 989 589 1056 proque
615 979 669 1035 tua
697 971 806 1037 inme
841 980 993 1059 perpetua
1024 981 1056 1037 et
1082 973 1219 1038 maxima
1247 968 1463 1037 benevolentia

141 1064 295 1130 maiorem
328 1065 360 1129 in
391 1061 520 1129 modum
545 1073 621 1151 peto
647 1073 741 1153 atque
770 1065 943 1139 contendo,
978 1075 1015 1131 ut
1040 1085 1111 1130 cum
1147 1067 1289 1133 fortunas
1316 1065 1367 1149 agi
1395 1064 1464 1130 eins

141 1157 304 1244 municipii
325 1155 498 1243 intelligas,
533 1157 619 1245 quod
648 1163 688 1224 sit
719 1159 796 1224 mibi
825 1158 1069 1234 necessitudine,
1099 1159 1225 1235 officiis,
1248 1157 1464 1224 benevolentia

142 1251 446 1328 coniunctissimum,
468 1250 500 1316 id
523 1251 601 1318 mibi
621 1251 687 1319 des.
732 1254 826 1331 Quod
847 1254 907 1319 erit
928 1252 1121 1328 huiusmodi,
1143 1263 1201 1327 nt,
1225 1253 1252 1319 si
1274 1274 1292 1318 a
1315 1257 1462 1335 Caesare,
1475 1261 1502 1303 ¹⁰

142 1344 228 1432 quod
255 1365 437 1432 speramus,
474 1344 725 1432 impetrarimus,
763 1356 818 1414 tno
846 1346 999 1413 beneficio
1028 1367 1087 1412 nos
1120 1347 1152 1412 id
1178 1355 1362 1413 consecutos
1395 1367 1464 1413 esse

141 1438 332 1515 iudicemus,
365 1439 414 1505 sin
443 1438 560 1514 minus,
590 1461 650 1525 pro
672 1461 712 1506 co
739 1449 842 1506 tamen
863 1440 896 1507 id
917 1439 1102 1514 babeamus,
1131 1439 1319 1526 quoniame
1341 1447 1371 1504 te
1393 1439 1464 1507 dala

142 1531 182 1596 sit
210 1552 323 1618 opera,
353 1543 388 1598 ut
415 1533 666 1619 impetraremus.
714 1538 782 1600 Hoc
807 1555 878 1600 cnm
905 1532 981 1598 mibi
1002 1533 1211 1618 gratissimum
1232 1531 1361 1609 leceris,
1397 1542 1463 1598 tum

142 1625 228 1691 viros
264 1626 416 1713 optimos,
453 1626 597 1693 homines
624 1628 859 1693 honestissimos
885 1625 1076 1713 eosdemque
1112 1627 1307 1713 gratissimos
1343 1636 1374 1693 et
1408 1637 1463 1694 tua

142 1719 370 1878 pecessitudine
402 1720 614 1806 dignissimos,
650 1742 774 1789 summo
802 1719 955 1787 beneficio
983 1721 1016 1786 in
1044 1732 1232 1809 perpetuum
1260 1719 1318 1787 tibi
1339 1720 1462 1808 tuisque
1473 1736 1500 1778 ιδ

163 1833 332 1880 evruxeru.

607 1959 687 2022 vm.
730 1955 779 2041 (A.
805 1959 838 2022 u
861 1960 893 2022 c.
915 1955 1000 2042 aas.)

585 2080 727 2144 CICERO
749 2083 790 2145 Μ.
811 2081 971 2146 RUTILIO
994 2083 1025 2145 S.

230 2194 257 2255 1.
291 2194 368 2257 Cum
397 2190 526 2256 etmihi
546 2195 689 2257 conscius
711 2212 832 2266 essem,
865 2192 971 2278 quanti
995 2202 1024 2257 te
1045 2191 1200 2266 lacerem,
1231 2201 1263 2258 ct
1283 2202 1367 2259 tuam
1389 2212 1464 2278 erga

144 2304 194 2349 me
214 2282 463 2350 benevolentiam
485 2294 634 2370 expertus
656 2306 767 2361 essem,
789 2306 852 2350 non
874 2284 1015 2351 dubitavi
1036 2307 1054 2350 a
1075 2296 1106 2350 te
1127 2295 1255 2371 petere,
1278 2285 1364 2373 qnod
1385 2284 1501 2351 mibiso

144 2377 313 2465 petendum
341 2386 433 2444 esset.
490 2381 523 2444 P.
560 2379 695 2445 Sestium
726 2379 834 2466 quanti
855 2378 981 2454 faciam,
1009 2379 1075 2465 ipsc
1104 2380 1221 2465 optime
1243 2380 1326 2456 scio,
1356 2378 1463 2467 quanti

145 2480 247 2537 antem
270 2471 374 2537 lacere
395 2470 541 2560 debeam,
570 2481 603 2537 et
622 2482 657 2539 tu
678 2481 709 2537 et
730 2494 839 2539 omues
861 2472 1002 2538 homines
1030 2473 1140 2538 sciunt.
1189 2479 1219 2539 Is
1240 2495 1312 2539 cnm
1334 2494 1375 2538 ex
1396 2473 1464 2539 aliis

144 2575 175 2632 te
203 2565 267 2631 mei
299 2564 560 2632 studiosissimum
590 2587 659 2632 esse
692 2575 874 2652 cognosset,
911 2567 1020 2652 petivit
1051 2587 1070 2631 a
1098 2589 1169 2639 me,
1201 2566 1296 2632 utad
1318 2578 1464 2654 tequam

144 2659 377 2724 accuratissime
398 2658 569 2725 scriberem
597 2659 636 2724 de
657 2681 693 2725 rc
716 2662 749 2726 C.
771 2659 887 2725 tbinii
909 2660 1081 2734 senatoris,
1118 2660 1207 2725 cuins
1228 2682 1268 2724 ex
1291 2660 1351 2725 lilia
1373 2670 1464 2727 natus

145 2762 193 2819 est
213 2758 248 2819 L.
272 2757 406 2826 Sestius,
429 2752 565 2839 optimus
587 2752 781 2827 adolescens,
804 2752 885 2819 filius
906 2757 940 2818 P.
962 2753 1064 2818 Sestii.
1107 2758 1175 2818 Hoc
1195 2752 1314 2819 idcirco
1335 2753 1503 2839 scripsi,u

144 2859 181 2914 ut
200 2846 391 2932 intelligeres
412 2867 475 2911 non
497 2846 597 2912 solum
620 2868 670 2912 me
691 2867 752 2934 pro
773 2851 807 2912 P.
822 2847 925 2912 Sestio
938 2845 1082 2912 laborare
1099 2845 1235 2921 debere,
1257 2846 1313 2912 sed
1327 2846 1464 2912 Sestium

145 2941 239 3008 etiam
265 2961 325 3028 pro
353 2938 488 3007 Albinio.
544 2945 574 3007 2.
601 2945 663 3006 Res
685 2948 790 3007 autem
811 2949 859 3005 est
879 2940 972 3006 baec:
1009 2962 1027 3005 a
1048 2945 1089 3007 Μ.
1111 2940 1245 3006 Laberio
1268 2944 1301 3007 C.
1323 2940 1464 3008 Albinius

146 3036 273 3123 praedia
294 3036 328 3101 in
349 3033 595 3099 aestimationem
617 3034 752 3119 accepit,
785 3055 866 3120 quae
886 3033 1015 3121 praedia
1036 3033 1189 3100 Laberius
1210 3044 1330 3100 emerat
1350 3056 1367 3099 a
1390 3039 1467 3102 Cae·

146 3131 217 3195 sare
239 3128 278 3194 de
299 3127 391 3194 bonis
411 3127 567 3194 Plotianis.
618 3132 662 3194 Ea
684 3127 712 3193 si
732 3126 834 3193 dicam
855 3148 919 3193 non
940 3149 1009 3193 esse
1031 3150 1049 3193 e
1069 3150 1106 3194 re
1127 3128 1252 3214 publica
1273 3127 1386 3204 dividi,
1409 3128 1465 3194 do·

146 3242 219 3288 cere
240 3231 270 3288 te
291 3221 415 3297 videar,
437 3242 500 3287 non
521 3241 646 3305 rogare.
687 3220 749 3286 Sed
770 3234 967 3287 tamencum
989 3225 1102 3288 Caesar
1117 3223 1257 3288 Sullanas
1270 3221 1504 3289 venditionesso

147 3325 179 3382 et
199 3315 424 3402 assignationes
445 3323 528 3382 ratas
550 3335 618 3380 esse
640 3314 726 3388 velit,
749 3335 812 3402 quo
834 3314 991 3380 firmiores
1013 3315 1231 3381 existimentur
1251 3336 1344 3390 suae,
1379 3314 1407 3380 si
1428 3335 1467 3381 ea

147 3410 275 3497 praedia
296 3408 492 3483 dividentur,
515 3429 595 3495 quae
616 3407 684 3494 ipse
706 3413 819 3476 Caesar
841 3408 998 3484 vendidit,
1020 3430 1100 3496 quae
1115 3408 1240 3474 tandem
1253 3409 1287 3474 in
1302 3409 1369 3475 eius
1390 3430 1466 3475 ven-

147 3503 318 3571 ditionibus
351 3523 419 3569 esse
445 3502 562 3589 poterit
582 3501 776 3568 auctoritas?
816 3502 879 3568 Sed
900 3502 960 3569 boc
981 3504 1074 3590 quale
1096 3502 1154 3578 sit,
1184 3512 1217 3568 tu
1238 3522 1297 3587 pro
1318 3510 1370 3567 tua
1391 3524 1468 3588 prn-

149 3598 253 3664 dentia
275 3596 495 3664 considerabis.
539 3599 569 3662 3.
591 3601 658 3681 Ego
680 3605 710 3661 te
731 3596 822 3682 plane
842 3616 924 3681 rogo
945 3605 1039 3683 atque
1060 3598 1119 3669 ita,
1145 3605 1180 3661 ut
1200 3600 1321 3660 maiore
1342 3596 1464 3671 studio,

147 3692 279 3760 iustiore
301 3689 340 3755 de
362 3711 475 3766 causa,
497 3689 596 3776 magis
617 3711 657 3754 ex
679 3690 785 3756 animo
806 3710 920 3774 rogare
942 3688 1017 3754 nibil
1040 3690 1172 3775 possim,
1195 3698 1230 3754 nt
1250 3687 1375 3754 Albinio
1397 3705 1504 3774 par-aa

148 3808 217 3863 cas,
240 3785 367 3873 praedia
388 3783 559 3849 Laberiana
581 3804 619 3849 ne
641 3782 781 3868 attingas.
833 3787 944 3867 Magna
965 3804 1015 3848 me
1037 3782 1178 3848 affeceris
1199 3803 1263 3848 non
1284 3781 1380 3847 modo
1401 3783 1467 3848 lae·

149 3880 216 3947 titia
236 3879 292 3945 sed
312 3879 406 3944 etiam
427 3877 659 3965 quodammodo
679 3876 800 3962 gloria,
823 3877 851 3942 si
871 3881 904 3942 P.
927 3877 1045 3942 Sestius
1067 3877 1186 3942 bomini
1206 3875 1344 3941 maxime
1358 3896 1465 3942 ncces-

148 3973 235 4039 sario
256 3971 441 4039 satisfecerit
461 3993 519 4058 per
539 3993 605 4044 mc,
639 3977 673 4035 nt
701 3990 761 4055 ego
782 3969 828 4035 illi
849 3970 904 4036 uni
924 3970 1094 4056 plurimum
1121 3969 1263 4036 debeam.
1316 3969 1411 4046 Quod
1431 3977 1467 4036 ut

149 4066 259 4142 iacias,
294 4074 324 4131 te
352 4065 553 4131 vehementer
574 4064 667 4130 etiam
689 4074 782 4151 atque
803 4063 896 4129 etiam
917 4084 1007 4149 rogo.
1055 4064 1155 4130 Maius
1176 4063 1255 4129 mibi
1275 4063 1351 4130 dare
1373 4062 1468 4131 benc-

149 4159 255 4228 bcium
275 4160 395 4227 nullum
414 4170 514 4246 potes.
556 4157 592 4224 ld
613 4157 690 4224 mihi
711 4157 864 4244 intelliges
885 4178 953 4223 esse
975 4158 1195 4245 gratissimum.
1475 4167 1504 4209 ⁴⁰

219 4380 246 4431 3.
275 4380 339 4430 mibi
356 4379 500 4429 arbitranti
517 4378 671 4443 ndfirnmntt
689 4377 726 4428 Μ.
759 4402 787 4414 -
838 4377 865 4428 5.
883 4391 928 4428 nec
947 4377 1065 4427 laborum
1084 4376 1132 4426 M:
1150 4390 1229 4441 nequa
1248 4377 1366 4430 lobornm
1385 4377 1416 4429 ll.
1437 4400 1469 4414 -

152 4452 195 4502 to.
213 4451 430 4501 connbtlsts'mum
448 4449 486 4501 Μ.
513 4469 546 4485 -
582 4448 624 4497 tn.
645 4449 769 4513 quonlam
785 4447 832 4500 bl:
860 4462 939 4511 quum
957 4447 988 4497 ll.
1015 4470 1045 4482 -
1081 4448 1125 4499 21.
1145 4447 1254 4499 Sestium
1272 4449 1321 4500 bl:
1353 4448 1471 4498 Sentinas

152 4522 190 4580 ll,
210 4521 319 4584 ubique.
339 4543 370 4554 -
406 4519 450 4568 Sl.
471 4514 538 4584 fillo]
556 4518 660 4583 [amitto
678 4517 715 4568 Μ.
738 4540 766 4550 -
803 4517 847 4567 27.
866 4517 973 4567 albenio
989 4515 1028 4568 Μ.
1051 4540 1077 4552 -
1115 4518 1236 4569 albonius
1254 4519 1290 4569 Μ.
1311 4544 1343 4554 -
1362 4517 1406 4568 35.
1426 4517 1471 4566 nl-

151 4590 230 4640 buntc
247 4590 285 4643 Μ.
306 4612 336 4626 -
372 4588 415 4640 38.
432 4585 490 4653 per]
508 4601 560 4653 pro
576 4588 614 4642 Μ.
634 4609 667 4625 -
701 4601 758 4638 com
775 4611 787 4623 ·
803 4612 814 4623 ·
832 4611 844 4624 ·
860 4587 965 4639 (tabem
989 4585 1146 4639 Cratander.
1182 4587 1250 4640 Cum
1268 4588 1393 4639 Ernestio
1413 4599 1470 4637 ma·

152 4659 234 4715 limus
251 4667 281 4712 at
299 4684 311 4697 ·
326 4684 338 4698 ·
357 4659 443 4710 moso.
