3256 5400
175 205 239 269 tet
682 198 741 260 ΕΡ.
763 199 815 261 ΑΙ)
838 198 997 262 BRUTUM
1097 203 1102 211 '

175 360 379 447 omniumque
400 357 519 424 iudielo
540 355 635 421 etiam
657 355 769 421 durior
788 365 869 430 erat,
892 354 992 441 quod,
1015 373 1085 419 cum
1108 352 1282 421 honoribus
1304 356 1513 444 amplissimis

175 477 194 521 a
217 464 326 521 senatu
348 461 429 519 esset
442 450 579 536 Lepidus
601 459 745 523 ornatus,
767 458 833 516 tum
855 451 948 516 etiam
969 455 1077 536 paucis
1099 459 1171 515 ante
1191 448 1304 516 diebus
1325 451 1510 537 praeclaras

174 551 293 617 litteras
314 548 354 614 ad
368 555 509 612 senatum
523 544 673 619 misisset,
695 554 825 630 repente
847 566 911 610 non
925 545 1027 610 solum
1048 544 1169 629 recepit
1188 545 1341 631 reliquias
1357 544 1508 620 hostium.

176 644 232 710 sed
253 642 370 709 bellum
399 639 551 703 acerrime
573 647 657 703 terra
685 638 828 724 marique
857 638 952 723 gerit;
981 642 1071 703 cuius
1098 638 1201 703 exitus
1222 639 1278 725 qui
1300 638 1431 704 futurus
1453 639 1508 715 sit,

153 741 327 802 sincertum
351 742 407 798 est.
450 738 495 798 lta
516 753 588 797 cum
609 754 776 817 rogamur,
799 742 835 798 ut
852 732 1101 797 misericordiam
1123 731 1231 797 liberis
1251 734 1321 798 eius
1344 732 1510 819 impertia-

175 852 260 904 mus,
275 828 353 893 nihil
367 827 514 901 aliertur,
528 847 592 912 quo
607 827 710 892 minus
729 848 849 892 summa
864 826 1031 913 supplicia,
1053 826 1136 891 si-
1152 825 1237 912 quod
1251 831 1399 913 Iuppiter
1413 847 1508 891 omen

175 926 309 990 avertat!
333 957 374 968 —
401 929 491 1005 pater
516 940 690 1006 puerorum
714 921 839 995 vicerit,
870 918 1032 985 subeunda
1055 919 1145 985 nohis
1168 920 1238 986 sint.
1281 927 1312 990 2.
1340 925 1408 986 Nec
1431 941 1508 986 vero

175 1039 225 1081 me
248 1016 343 1101 lugit,
373 1036 467 1100 quam
489 1013 530 1079 sit
551 1013 699 1080 acerbum
720 1023 887 1100 parentum
908 1014 1027 1079 scelera
1049 1012 1186 1079 filiomm
1208 1015 1317 1100 poenis
1341 1014 1398 1080 lui.
1447 1014 1506 1081 Sed

173 1110 235 1176 hoc
261 1108 422 1194 praeclare
452 1106 574 1191 legibus
602 1117 816 1193 comparatum
844 1117 904 1181 est,
933 1117 969 1173 nt
998 1109 1111 1174 caritas
1137 1107 1310 1175 liberorum
1334 1110 1508 1176 amiciores

141 1211 319 1290 repetentes
340 1202 389 1266 rei
410 1199 554 1286 publicae
575 1201 732 1267 redderet.
775 1208 883 1288 Itaque
904 1202 1041 1287 Lepidus
1062 1202 1198 1268 crudelis
1220 1203 1252 1268 in
1273 1204 1413 1280 liberos,
1446 1225 1507 1271 non

175 1297 219 1371 is,
242 1296 298 1379 qui
311 1295 464 1381 Lepidum
479 1295 601 1361 hostem
617 1295 742 1361 iudicat.
779 1301 880 1383 Atque
895 1296 948 1361 ille
963 1295 989 1360 si
1003 1296 1100 1360 armis
1115 1296 1223 1380 positis
1238 1297 1277 1363 de
1291 1299 1325 1362 vi
1340 1299 1507 1364 damnatus

176 1400 274 1467 essct,
303 1412 366 1476 quo
395 1389 428 1454 in
449 1388 566 1455 iudicio
588 1398 672 1455 certe
695 1389 908 1456 defensionem
930 1411 994 1455 non
1015 1388 1161 1465 haberet,
1193 1391 1324 1457 eandem
1348 1393 1507 1457 calamita·

176 1492 240 1548 tem
261 1483 403 1549 subirent
423 1483 514 1549 liberi
536 1482 627 1550 bonis
648 1483 823 1569 publicatis.
860 1489 1073 1570 Quamquam,
1097 1483 1182 1570 quod
1206 1493 1257 1550 tua
1276 1495 1379 1551 mater
1403 1495 1436 1551 et
1457 1507 1507 1552 so·

175 1598 233 1643 ror
254 1577 440 1663 deprecatur
460 1598 520 1662 pro
540 1578 660 1665 pueris,
686 1578 719 1643 id
742 1578 844 1664 ipsum
867 1589 899 1645 et
918 1581 1016 1644 multa
1038 1577 1096 1643 alia
1118 1577 1298 1644 crudeliora
1321 1579 1418 1647 nobis
1441 1601 1507 1646 om-

143 1669 270 1736 rsnibus
291 1671 441 1757 Lepidus,
471 1672 623 1737 Antonius
653 1681 684 1736 et
705 1672 819 1759 reliqui
841 1673 945 1739 hostes
967 1672 1158 1738 denuntiant.
1201 1678 1309 1759 ltaque
1332 1675 1504 1740 maximam

178 1789 265 1853 spem
293 1767 353 1834 hoc
373 1778 517 1853 tempore
538 1767 688 1835 habemus
718 1769 751 1833 in
763 1775 802 1831 'te
824 1776 917 1852 atque
940 1766 1080 1831 exercitu
1102 1776 1168 1831 tuo.
1213 1770 1288 1834 Cum
1312 1768 1352 1833 ad
1374 1768 1427 1833 rei
1448 1790 1504 1854 pu·

177 1859 277 1926 blicae
299 1882 465 1936 summam,
488 1870 554 1927 tum
576 1862 614 1926 ad
630 1863 762 1947 gloriam
777 1869 809 1925 et
822 1860 1004 1945 dignitatem
1025 1870 1111 1925 tuam
1127 1861 1329 1927 vehementer
1350 1868 1504 1948 pertinet,

178 1962 224 2029 te,
252 1963 288 2018 ut
308 1962 379 2019 ante
401 1955 526 2040 scripsi,
556 1955 589 2019 in
610 1956 729 2021 ltaliam
758 1956 866 2021 venire
895 1954 1157 2041 quamprimum.
1200 1957 1279 2041 Eget
1300 1957 1385 2021 enim
1413 1957 1506 2022 vehe-

177 2055 300 2112 menter
327 2069 398 2113 cum
421 2048 541 2114 viribus
569 2049 647 2128 tuis,
676 2059 742 2115 tum
764 2049 857 2116 etiam
886 2048 1018 2114 consilio
1043 2069 1095 2113 res
1118 2047 1251 2133 publica.
1295 2054 1325 2114 3.
1356 2057 1505 2118 Veterem

141 2158 170 2200 so
178 2161 238 2226 pro
260 2141 327 2206 cius
349 2161 423 2225 erga
445 2153 475 2208 te
496 2141 714 2208 benevolentia
736 2143 950 2229 singularique
971 2143 1075 2208 officio
1097 2141 1231 2207 libenter
1252 2163 1293 2208 ex
1307 2143 1370 2208 tuis
1393 2144 1506 2210 litteris

178 2234 361 2319 complexus
375 2257 462 2315 sum;
484 2258 619 2323 eumque
641 2257 711 2302 cum
728 2238 787 2311 tui,
812 2249 875 2302 tum
899 2237 947 2301 rei
961 2234 1105 2322 publicae
1119 2236 1384 2303 studiosissimum
1400 2259 1506 2303 aman·

179 2328 395 2417 tissimnmque
423 2331 568 2416 cognovi.
611 2331 794 2397 Ciceronem
823 2351 927 2396 meum
949 2330 1150 2415 propediem,
1178 2339 1214 2395 ut
1235 2351 1346 2417 spero,
1369 2330 1507 2408 videbo;

179 2432 282 2489 tecum
304 2424 386 2489 enim
407 2424 497 2490 illum
518 2432 550 2490 et
568 2434 601 2491 te
622 2425 655 2489 in
676 2425 795 2490 ltaliam
817 2425 962 2490 celeriter
982 2445 1051 2489 esse
1072 2432 1241 2489 venturum
1262 2422 1399 2490 conlido.

570 2578 658 2640 XIII.
702 2577 851 2641 BRUTUS
875 2575 1058 2640 ClCERONl
1079 2576 1111 2638 S.

143 2739 172 2782 aa
267 2718 294 2779 l.
316 2719 363 2779 De
376 2719 417 2781 M.
433 2713 552 2801 Lepido
572 2719 676 2779 vereri
699 2735 749 2778 me
766 2714 850 2798 cogit
862 2713 1059 2799 reliquomm
1080 2714 1185 2779 timor.
1223 2714 1286 2792 Qui
1308 2718 1334 2779 si
1350 2714 1505 2800 eripuerit

180 2828 213 2872 se
235 2806 343 2883 nobis,
365 2844 406 2854 -
436 2808 521 2894 quod
548 2808 642 2872 velim
670 2816 789 2872 temere
818 2819 910 2894 atque
936 2808 1088 2873 iniuriose
1117 2808 1156 2872 de
1182 2807 1237 2872 illo
1266 2808 1415 2894 suspicati
1445 2808 1505 2875 sint

179 2900 336 2966 hominesl
353 2934 392 2947 -
416 2923 475 2967 oro
489 2911 581 2987 atque
600 2901 733 2966 obsecro
755 2911 801 2976 te,
825 2903 950 2977 Cicero,
973 2902 1232 2968 necessitudinem
1249 2911 1388 2966 nostram
1404 2911 1503 2966 tuam·

180 3017 241 3082 quc
269 2995 517 3061 benevolentiam
540 2994 714 3069 obtestans,
745 2997 865 3061 sororis
887 3017 975 3061 meae
997 2995 1114 3061 liberos
1136 2994 1330 3062 obliviscaris
1351 3017 1422 3060 esse
1446 2998 1505 3060 Lc-

179 3089 246 3174 pidi
267 3089 348 3155 filios
375 3111 490 3177 meque
511 3090 550 3154 iis
572 3089 604 3153 in
625 3090 722 3175 patris
745 3089 848 3154 locum
873 3090 1058 3155 successisse
1081 3090 1251 3155 existimes.
1294 3095 1362 3155 lloc
1384 3090 1412 3155 si
1433 3111 1454 3154 a
1474 3099 1504 3154 te

143 3183 332 3268 acimpetro,
359 3184 436 3249 nihil
457 3183 600 3271 prolecto
622 3182 778 3249 dubitabis
800 3205 859 3268 pro
881 3184 920 3249 iis
942 3185 1110 3270 suscipere.
1152 3184 1251 3250 Aliter
1272 3184 1324 3249 alii
1346 3205 1418 3249 curn
1441 3183 1504 3249 suis

182 3278 303 3357 vivunt3
332 3277 410 3343 nihil
432 3298 491 3363 ego
513 3298 641 3363 possum
663 3278 696 3342 in
718 3278 839 3343 sororis
859 3300 950 3343 meae
972 3278 1079 3345 liberis
1100 3279 1220 3353 facere,
1243 3300 1307 3365 quo
1328 3279 1428 3364 possit
1450 3299 1505 3344 ex-

180 3371 261 3457 pleri
282 3372 425 3438 voluntas
446 3393 516 3436 mea
538 3381 591 3436 aut
612 3371 759 3436 officinm.
797 3371 882 3450 Quid
903 3394 980 3438 vero
1002 3382 1056 3438 aut
1076 3373 1151 3437 mihi
1173 3371 1313 3438 tribuere
1334 3371 1409 3437 boni
1432 3392 1506 3456 pos·

181 3473 267 3540 sunt,
296 3465 324 3529 si
345 3466 441 3531 modo
462 3466 547 3551 digni
570 3486 692 3542 sumus,
720 3464 834 3550 quibus
856 3466 974 3552 aliquid
994 3465 1165 3544 tribuatur;
1195 3475 1249 3531 aut
1273 3486 1332 3551 ego
1353 3466 1447 3530 matri
1470 3485 1506 3529 ac

182 3558 286 3622 sorori
312 3560 482 3644 puerisque
510 3558 572 3623 illis
599 3569 813 3642 praestaturus
834 3581 921 3635 sum,
951 3561 977 3625 si
1005 3560 1080 3625 nihil
1108 3559 1241 3625 valuerit
1268 3558 1350 3644 apud
1373 3571 1403 3623 te
1431 3558 1506 3623 reli·

144 3674 342 3738 aequumque
371 3663 510 3717 senatum
537 3662 645 3717 contra
666 3663 787 3737 patrem
809 3653 962 3738 Lepidum
983 3660 1098 3719 Brutus
1126 3654 1318 3719 avunculus?
1361 3658 1391 3722 2.
1422 3651 1507 3717 Scri-

182 3744 258 3810 bere
288 3747 385 3810 multa
414 3745 453 3811 ad
477 3755 506 3810 te
534 3767 636 3832 neque
656 3767 784 3831 possum
807 3767 882 3832 prae
903 3747 1111 3813 sollicitudine
1133 3769 1169 3812 ac
1190 3748 1367 3822 stomacho,
1399 3767 1506 3834 neque

182 3839 295 3905 debeo.
337 3845 413 3904 Nam
436 3840 462 3905 si
490 3840 626 3904 intanta
648 3860 685 3904 re
714 3849 838 3926 tamque
860 3842 1035 3906 necessaria
1062 3840 1168 3906 verbis
1196 3841 1272 3906 mihi
1294 3863 1373 3927 opus
1395 3852 1443 3905 est
1465 3840 1505 3905 ad

182 3944 213 3999 te
235 3934 433 3999 excitandum
456 3945 488 4000 et
508 3933 769 4011 confirmandum,
799 3934 883 4000 nulla
910 3956 981 4020 spes
1003 3944 1051 4001 est
1071 3935 1224 4001 lactumm
1247 3945 1292 4010 te,
1322 3934 1405 4020 quod
1431 3935 1507 3999 volo

183 4038 215 4093 et
243 4028 327 4115 quod
357 4037 491 4114 oportet.
551 4032 657 4106 Quare
688 4029 754 4094 noli
783 4040 967 4115 exspectare
996 4029 1104 4113 longas
1133 4051 1265 4114 preces;
1301 4032 1423 4092 intuere
1453 4050 1507 4092 me

144 4147 171 4186 ro
181 4122 299 4208 ipsum,
329 4123 383 4209 qui
405 4123 465 4187 hoc
486 4144 504 4187 a
524 4132 570 4198 te,
602 4123 692 4188 vela
714 4122 878 4200 Cicerone,
908 4123 1163 4189 coniunctissimo
1190 4122 1329 4195 homine,
1355 4121 1506 4206 privatim

1433 4266 1505 4276 .-—

252 4342 279 4394 Is.
299 4345 423 4393 acerrime
439 4343 520 4394 Mul:
540 4345 699 4394 acerrimum
718 4344 748 4394 ll.
770 4368 801 4380 -
819 4344 845 4395 5.
865 4345 911 4394 Ita
927 4344 984 4395 Mle
1003 4344 1098 4407 Itaque
1115 4343 1170 4392 nu.
1191 4366 1221 4378 -
1240 4343 1422 4403 impertiamur
1440 4341 1501 4390 1.-

183 4413 210 4463 8.
233 4420 376 4476 parentam
392 4414 474 4464 unt:
497 4416 649 4474 parentium
666 4416 697 4464 ll.
725 4438 756 4450 -
793 4415 836 4465 15.
860 4414 975 4479 Lepidus
993 4419 1018 4464 et
1034 4414 1168 4464 Antonius
1189 4411 1212 4460 Ι.
1242 4435 1273 4447 -
1309 4412 1388 4463 ettam
1405 4413 1505 4473 reliqui

183 4485 267 4535 11.-
305 4484 348 4535 16.
368 4481 442 4545 Cum]
464 4484 528 4532 Tum
547 4487 568 4535 l.
590 4509 621 4521 -
654 4485 697 4534 18.
718 4491 758 4545 te,
777 4491 808 4536 ct
827 4493 889 4537 anre
907 4486 1015 4546 scripsi,
1033 4485 1063 4532 tn
1080 4483 1188 4532 lectiam
1206 4482 1273 4532 MR:
1293 4488 1319 4532 te
1336 4483 1365 4530 tn
1382 4481 1503 4536 ltaliam,

183 4560 213 4603 ct
232 4560 292 4605 aute
309 4556 406 4618 scripsi
424 4555 467 4604 lll.
490 4580 518 4592 -
552 4557 594 4606 19.
615 4551 685 4616 cum]
705 4559 762 4603 tum
780 4555 802 4604 1.
823 4578 855 4591 -
889 4556 933 4606 23.
953 4562 978 4605 et
996 4553 1082 4604 revel
1102 4553 1247 4602 delendum
1265 4552 1307 4601 rel
1327 4552 1354 4601 in
1372 4563 1424 4600 esse
1442 4566 1504 4600 mu·

183 4627 296 4676 tandum
315 4627 442 4675 censebat
459 4626 605 4675 Manutius.
637 4649 664 4658 -
701 4625 746 4675 27.
773 4632 896 4688 tuumque
914 4625 1121 4675 benevolentiam
1139 4622 1179 4672 Vb
1198 4619 1236 4685 (et
1253 4621 1305 4674 Ml:
1331 4629 1455 4682 tuomque
1473 4625 1504 4669 in

183 4709 225 4746 me
243 4697 447 4746 benevolentium
465 4695 531 4745 lllll.
563 4723 591 4733 -
629 4696 673 4746 29.
699 4696 734 4745 tu
751 4697 815 4747 MR:
836 4697 875 4743 his
892 4696 938 4746 lli.
965 4722 998 4732 -·
1035 4696 1078 4745 30.
1105 4695 1140 4742 s's's
1157 4694 1201 4744 u:
1225 4693 1266 4742 bis
1283 4692 1334 4751 Ill,
1357 4705 1397 4739 me
1415 4692 1445 4739 lt.
1470 4717 1501 4727 -

184 4766 571 4832 ³1.nusteqononpomm
589 4765 794 4817 Lambinus·
825 4765 921 4818 liberos
938 4767 984 4818 ltl.
1006 4791 1034 4804 -
1073 4764 1118 4815 co.
1137 4765 1184 4815 hcc
1202 4777 1220 4812 o
1239 4767 1278 4823 ts,
1296 4762 1337 4812 ccl
1353 4762 1433 4812 Mill:
1453 4763 1502 4811 troc

183 4838 224 4888 vel
241 4837 271 4888 ll.
