3256 5400
1439 241 1474 291 u

158 372 308 471 osseum,
336 385 409 451 siue
431 386 630 472 exemplaris
649 385 788 454 sitcutus
809 382 1059 470 emendatioris,
1088 387 1126 452 ιιι
1148 384 1285 474 quisque
1307 385 1473 473 opinaba-

158 492 228 575 tur,
249 487 433 577 praesidio,
455 491 542 555 inter
562 509 645 576 quos
666 493 701 555 et
721 486 880 556 Andreae
901 486 1088 578 Naugerlo,
1110 491 1249 575 patricio
1270 490 1417 575 Veneto,
1439 493 1475 558 et

155 589 260 656 Petro
282 591 447 674 victorio,
479 592 599 659 bomini
621 595 655 658 in
677 591 741 660 boc
772 609 898 683 genere
925 592 1111 659 litterarum
1140 612 1208 660 non
1235 595 1474 680 inexercitato,

156 691 245 760 baud
273 700 441 781 postrema
466 697 540 762 laus
566 695 723 781 debetur,
752 696 880 763 etiamsi
908 695 1023 763 borum
1050 695 1203 764 foeturae
1223 698 1347 765 inerint
1374 701 1475 785 post-

155 815 281 864 remae:
317 801 456 867 consilto
482 797 653 866 ductorum
685 801 720 865 et
748 799 955 887 prudentium
987 801 1133 867 virorum
1166 804 1201 867 in
1232 801 1297 871 boo
1329 804 1397 886 usi,
1431 801 1475 870 ab

154 899 323 967 loaebimo
352 899 540 991 camerario
569 905 686 970 vetere
715 901 962 970 necessitudine
994 904 1092 970 nobis
1121 904 1252 978 iuncto,
1285 906 1341 993 qui
1370 923 1476 991 supo-

154 1005 261 1071 rtores
290 1004 454 1074 editiones
480 1009 695 1092 componeret
724 1024 797 1074 cum
825 1006 961 1097 italica,
997 1005 1156 1098 Naugerii
1186 1011 1222 1075 et
1247 1009 1388 1077 Victorii
1411 1027 1477 1076 su-

153 1107 268 1192 spieiis
295 1111 431 1199 emissa,
464 1128 531 1176 non
559 1108 732 1176 admodum
758 1105 937 1179 diiiiculter
967 1112 1224 1197 impetravimus
1265 1112 1340 1180 lloc
1372 1113 1477 1202 igitur

152 1212 364 1302 praestitum,
400 1212 461 1280 sed
487 1214 536 1280 its
561 1214 738 1303 religiose,
773 1217 811 1279 ιιι
849 1232 1044 1304 expungere
1073 1215 1240 1301 quippiam
1268 1219 1326 1281 aut
1354 1215 1477 1283 leviter

151 1314 340 1401 immutare,
373 1315 491 1382 nedum
517 1320 675 1402 receptas
704 1314 903 1383 doctissimis
925 1317 1110 1385 bominibus
1131 1319 1295 1386 lectiones
1315 1319 1350 1384 tn
1370 1321 1476 1386 totum

151 1419 308 1502 relicere,
329 1419 427 1485 nelos
448 1438 523 1486 esse
545 1419 744 1486 duxerimus.
772 1420 905 1507 'ltaque
926 1439 1034 1509 neque
1054 1422 1164 1489 veteri
1185 1425 1323 1489 nostrae
1337 1419 1476 1489 editioni

151 1520 215 1590 boc
237 1523 358 1609 ubique
380 1522 604 1608 conformata,
626 1526 759 1609 penitus
781 1524 978 1590 insistimus:
999 1543 1109 1611 neque
1130 1526 1230 1592 ullam
1251 1527 1348 1592 aliam
1370 1526 1476 1593 solam

151 1627 185 1691 iu
207 1626 358 1692 omnibus
385 1627 628 1711 amplectimur:
664 1645 737 1694 cum
764 1629 799 1692 et
820 1647 882 1693 nos
902 1629 1137 1713 manuscriptis
1158 1629 1402 1715 exemplaribus
1423 1630 1476 1695 usi

150 1731 267 1818 simus,
300 1734 335 1797 et
355 1730 441 1795 alios
461 1736 608 1797 nostram
631 1730 808 1797 editionem
828 1749 897 1796 non
919 1732 1133 1817 perspexisse
1155 1733 1263 1799 cuivis
1284 1731 1476 1800 conferenti

149 1831 275 1919 liquido
296 1835 381 1900 sctis
401 1835 601 1901 innotescat.
643 1832 718 1918 Qua
738 1836 869 1901 ratione
885 1832 1011 1900 inducti
1026 1833 1180 1903 diversas
1193 1835 1357 1904 lectiones
1370 1837 1476 1901 totius

149 1933 288 2003 buiusee
310 1938 423 2023 operis
444 1936 560 2005 ordine
581 1941 674 2007 certo
696 1956 737 2005 ac
757 1941 902 2005 numeris
923 1955 997 2005 cum
1018 1940 1216 2030 paginarum
1235 1942 1303 2005 tum
1319 1957 1475 2007 ramnum

149 2036 341 2127 distinctas,
373 2044 512 2108 seorsim
541 2044 783 2130 expressimus,
814 2045 852 2107 ut
878 2042 983 2110 sicubi
1004 2043 1093 2109 inter
1114 2041 1293 2133 legendum
1313 2042 1475 2130 haereas,

148 2141 226 2210 inde
247 2146 383 2230 repetas
405 2147 472 2211 tuis
493 2146 629 2213 auribus
649 2147 822 2212 sonantius
836 2147 1003 2234 uentique
1017 2146 1279 2237 significantius,
1300 2149 1329 2212 si
1345 2144 1475 2239 quidem

147 2249 244 2314 varie
263 2249 359 2316 locus
380 2250 445 2315 iste
465 2253 691 2318 recenseatur.
733 2249 773 2315 ln
796 2251 947 2335 epistolis
965 2248 1009 2317 sd
1021 2236 1173 2318 Atticum
1189 2250 1341 2337 quonism
1358 2269 1475 2317 exem-

147 2352 256 2438 plaria
276 2352 353 2439 plus
373 2370 470 2440 quam
491 2353 569 2420 stibi
588 2351 811 2441 dissidebant,
831 2357 934 2428 maior
948 2355 1047 2421 etism
1061 2354 1210 2421 adbibita
1224 2372 1320 2438 eura,
1341 2356 1379 2420 ut
1392 2353 1474 2421 nibil

149 2457 296 2541 omnino,
317 2454 405 2543 quod
419 2475 556 2543 usquam
572 2457 628 2522 vel
647 2459 680 2521 ln
701 2455 900 2522 Bernardlni
921 2458 978 2523 vel
999 2456 1140 2525 Victorii
1159 2456 1276 2524 codice
1291 2458 1472 2548 legeretur,

147 2562 389 2648 omitteremus,
415 2564 452 2626 ut
473 2559 699 2628 victorianum
719 2564 777 2624 aut
798 2558 1039 2626 Bernardinam
1060 2560 1255 2641 lectionem,
1287 2562 1318 2626 sl
1340 2560 1471 2647 quando

147 2681 168 2727 a
189 2667 306 2729 nostra
328 2663 500 2753 dissentit,
521 2666 657 2729 nostrae
679 2664 845 2751 integrum
866 2665 927 2751 sit,
948 2665 978 2728 sl
999 2665 1107 2753 magis
1127 2664 1276 2749 placeat,
1298 2665 1472 2753 eregione

147 2765 349 2834 adscribere.
392 2767 486 2834 Bene
502 2767 589 2834 vale.
630 2766 751 2832 Datum
766 2765 921 2833 Basileae
935 2765 1100 2832 Kalendis
1114 2763 1259 2833 Martiis.
1272 2764 1323 2833 Μ.
1331 2765 1468 2835 laxi.»

230 2870 395 2960 Hervagii
416 2871 544 2939 scilicet
564 2872 671 2938 verba
683 2888 754 2936 eam
769 2871 1078 2953 interpretationem
1092 2854 1287 2957 admittunt,
1308 2875 1346 2935 ιιι
1359 2872 1472 2958 signi.

145 2971 246 3040 dcent
267 2992 334 3040 una
355 2991 429 3041 cum
449 2973 590 3041 Victorii
611 2970 745 3042 codicis
772 2974 972 3042 lectionibus
999 2971 1150 3040 exbiberi
1172 2976 1271 3039 etiam
1292 2973 1377 3041 altas
1399 2972 1470 3041 Co-

146 3076 230 3144 dicis
251 3079 365 3145 nescio
387 3078 481 3145 eolus
502 3076 719 3161 Bernardtnt3
750 3076 839 3143 unde
860 3076 971 3166 magni
992 3094 1075 3142 sane
1096 3077 1275 3162 intererat,
1306 3081 1343 3143 ut
1363 3094 1469 3145 acen-

144 3183 251 3248 ratius
271 3183 534 3267 examinaretur,
566 3185 673 3248 utrum
701 3179 864 3249 reconditi
886 3179 1010 3265 aliquid
1033 3183 1068 3245 et
1089 3181 1133 3247 ab
1155 3179 1338 3247 editoribus
1359 3179 1468 3249 sdnuo

144 3285 292 3376 neglecti
312 3286 348 3350 in
367 3286 427 3351 illa
447 3284 618 3366 συναγωγῇ
639 3285 718 3351 Ver.
736 3285 843 3352 Leett.
858 3284 1076 3370 llervaglsna
1098 3284 1220 3350 lateret
1233 3302 1351 3353 necne.
1392 3281 1467 3367 Quo

145 3391 296 3457 examino
316 3391 486 3474 instituto,
507 3388 541 3454 id
562 3392 716 3474 repperi,
736 3387 779 3455 de
800 3406 864 3475 qno
887 3388 989 3455 iacile
1010 3404 1139 3470 omnes,
1162 3388 1216 3474 qui
1238 3390 1273 3454 et
1295 3388 1468 3455 Victoria-

143 3511 219 3560 nsm
234 3497 269 3561 et
280 3495 529 3584 Hervagianam
544 3494 722 3578 inspicient
735 3490 929 3579 editionem,
950 3492 1015 3577 ipsi
1026 3508 1064 3558 sc
1078 3494 1282 3559 convincere
1296 3494 1465 3579 poterunt,

143 3597 303 3665 videlieet
322 3616 462 3685 prorsus
481 3598 563 3665 nibil
584 3596 625 3664 et
646 3597 810 3664 contineri
832 3597 895 3662 nisi
918 3595 1146 3662 diversitatem
1168 3595 1323 3662 editionis
1343 3595 1467 3663 Victo-

142 3703 258 3770 risnse
280 3705 404 3791 primae
417 3722 439 3770 a
453 3705 614 3772 contextu
628 3700 879 3785 Camerarlano3
900 3697 1041 3784 ideoque
1056 3700 1180 3764 nullum
1195 3718 1270 3766 esse
1286 3700 1358 3766 eius
1370 3717 1466 3764 usum

143 3808 293 3875 criticum
315 3813 374 3874 sut
394 3810 561 3895 propriam
582 3808 823 3876 auctoritatem.
864 3801 977 3870 Verba
998 3803 1103 3893 igitur
1123 3804 1287 3892 llervagll
1307 3805 1357 3871 sle
1371 3804 1465 3871 aeci-

143 3911 279 4000 pienda:
303 3910 537 3980 «Berosurdtni
557 3913 631 3979 sive
659 3909 804 3978 Victorii
825 3907 956 3990 codiee,
976 3904 1012 3971 ld
1026 3910 1079 3973 est
1093 3905 1258 3990 editione;
1287 3904 1464 3974 Victoria-

142 4033 227 4083 nom
240 4018 312 4083 sive
327 4007 418 4098 (non
432 4007 518 4098 ord)
533 4015 794 4083 Bensordteom
811 4012 1003 4078 lectioonem.
1046 4006 1118 4077 Sed
1140 4011 1305 4097 quisnam,
1328 4027 1466 4096 quaeso,

142 4116 386 4188 Bennordtnes
401 4114 493 4187 tutet
514 4120 655 4188 Amicus
669 4115 842 4208 cogitabat
857 4114 900 4182 de
921 4115 1059 4204 ignobili
1081 4114 1138 4180 illo
1161 4112 1400 4201 Grammatico,
1422 4113 1465 4181 de

142 4242 208 4310 quo
236 4223 320 4291 baec
347 4222 518 4292 Victorius
544 4227 578 4290 in
606 4222 816 4290 dedicatione
843 4220 931 4306 Epp.
949 4217 993 4285 ad
1013 4218 1105 4285 Fam.
1128 4219 1227 4284 missa
1248 4216 1291 4283 ad
1313 4216 1467 4284 Bartlrul.

142 4323 380 4395 Csvslcanten
400 4327 465 4395 Ed.
483 4328 624 4414 Neapol.
646 4327 734 4412 Epp.
757 4325 832 4392 Vol.
846 4323 882 4389 4.
905 4344 937 4409 p.
951 4320 1057 4389 see:
1094 4321 1146 4387 «Α
1169 4324 1273 4407 prino
1295 4325 1338 4389 e‘x
1361 4339 1464 4388 occa-

142 4432 236 4498 sione
251 4430 389 4517 quadam
405 4432 464 4498 tibi
479 4437 560 4497 nota
579 4431 675 4516 coepi
696 4447 820 4495 summo
841 4426 953 4494 studio
975 4426 1062 4513 Epp.
1083 4423 1127 4491 ad
1149 4425 1298 4493 Atticum
1319 4425 1465 4509 scriptos

141 4533 186 4600 sd
206 4551 310 4601 meum
333 4539 368 4601 et
389 4536 564 4601 amicorum
586 4553 680 4599 usum
702 4530 830 4598 mendis
849 4547 1006 4621 purgare.
1048 4525 1130 4597 cum
1159 4529 1244 4596 enim
1273 4526 1359 4594 demi
1384 4531 1463 4593 tuae

141 4640 309 4723 antiquum
337 4636 419 4704 illud
451 4639 493 4708 ab
524 4638 660 4728 Angelo
689 4635 854 4703 Politiano
888 4633 1056 4700 laudatum
1087 4632 1216 4699 iliarum
1249 4631 1463 4719 epistolarum

142 4742 313 4826 exemplar
333 4742 490 4809 vidissem
512 4733 624 4829 (quod
646 4739 810 4825 disparem
832 4741 955 4805 sortem
979 4738 1021 4805 ab
1043 4754 1101 4824 eu,
1122 4755 1218 4823 quam
1237 4737 1294 4802 ille
1307 4735 1339 4802 ei
1353 4734 1462 4800 tribu-

141 4848 210 4912 tam
230 4843 329 4935 dicit,
347 4847 470 4914 multos
488 4863 572 4915 sane
586 4863 693 4913 annos
707 4846 880 4930 expertum
895 4843 1022 4910 iuerstr
1043 4841 1216 4925 eripueras
1230 4839 1316 4908 enlm
1329 4842 1367 4905 tu
1379 4834 1462 4905 illud
