3256 5400
643 263 715 325 titt.
737 263 761 326 l.
804 263 862 324 ut).
885 261 915 322 2.
937 263 967 323 3.

613 479 672 540 111.
715 474 763 558 (A.
789 477 822 539 u
844 477 876 538 c.
898 473 982 552 coco

579 599 732 662 MARCUS
760 598 798 673 Q.
820 598 962 659 FRATRI
984 597 1015 659 S.

229 719 257 778 1.
278 711 320 778 Mi
350 709 463 782 frater,
500 708 543 773 mi
571 708 684 781 frater,
721 713 761 772 mi
790 707 902 780 frater,
939 717 1013 770 tune
1038 704 1072 769 id
1097 705 1214 770 veritus
1242 728 1292 779 es,
1329 729 1367 772 ne
1394 727 1453 794 ego

143 806 303 875 iracundia
330 804 433 890 aliqua
461 802 610 867 adductus
640 822 755 887 pueros
777 801 814 865 ad
837 812 867 864 te
889 801 956 864 sine
977 799 1087 864 litteris
1108 800 1267 865 miserim?
1290 802 1453 867 autetiam

142 926 182 969 ne
209 913 240 966 te
266 900 373 966 videre
403 896 578 961 noluerim?
620 898 688 978 Ego
715 893 772 958 tibi
800 895 973 959 irascerer?
1005 892 1061 958 tihi
1095 914 1154 977 ego
1181 914 1305 978 possem
1339 897 1477 963 irasci?³

143 997 282 1068 Scilicet,
311 1005 344 1057 tn
374 990 456 1055 enim
478 1009 528 1053 me
550 987 703 1065 afflixisti;
732 988 775 1051 tui
798 1009 848 1051 me
869 987 1003 1060 inimici,
1034 996 1085 1051 tua
1107 1008 1157 1051 me
1178 988 1312 1064 invidia,
1335 1011 1371 1055 ac
1392 1011 1453 1056 non

142 1112 201 1176 ego
231 1102 260 1154 te
289 1087 403 1151 misere
431 1080 563 1167 perdidi.
612 1086 699 1145 Meus
721 1080 772 1145 ille
795 1080 934 1146 laudatus
956 1080 1134 1145 consulatus
1156 1082 1231 1147 mihi
1254 1092 1297 1156 te,
1321 1083 1453 1160 liberos,

142 1185 289 1272 patriam,
319 1180 476 1249 fortunas,
506 1174 561 1241 tibi
585 1174 677 1239 velim
699 1194 738 1237 ne
760 1174 834 1258 quid
856 1175 1007 1259 eripuerit
1027 1183 1153 1259 praeter
1174 1196 1270 1240 unum
1292 1197 1350 1244 me.
1394 1177 1455 1242 Sed

141 1288 226 1343 certe
248 1297 265 1338 a
287 1285 318 1337 te
339 1270 415 1336 mihi
438 1268 541 1333 omnia
562 1288 686 1352 semper
708 1267 836 1331 honesta
858 1277 889 1331 et
909 1267 1042 1333 iucunda
1064 1268 1258 1346 ceciderunt;
1288 1292 1306 1335 a
1327 1293 1377 1336 me
1399 1273 1455 1338 tibi

141 1372 242 1437 luctus
273 1387 360 1430 meae
393 1362 591 1435 calamitatis,
630 1373 731 1426 metus
762 1371 850 1433 tuae,
888 1358 1093 1437 desiderium,
1131 1385 1272 1438 maeror,
1308 1367 1491 1433 solitudo.¹·¹

141 1468 209 1548 Ego
230 1470 260 1525 te
281 1458 390 1523 videre
412 1456 592 1521 noluerim?
635 1460 734 1520 lmma
756 1474 833 1518 vero
855 1475 905 1517 me
927 1476 944 1518 a
966 1466 996 1520 te
1020 1456 1121 1521 videri
1142 1457 1239 1527 nolui.
1281 1464 1349 1525 Nan
1372 1462 1454 1526 enim

141 1557 271 1621 vidisses
292 1553 419 1617 fratrem
442 1561 545 1628 tnum;
567 1570 629 1613 non
652 1570 743 1622 eum,
765 1568 859 1634 quem
880 1548 1068 1634 reliqueras;
1091 1569 1153 1614 non
1176 1571 1261 1625 enm,
1285 1574 1378 1637 quem
1399 1575 1456 1620 no-

141 1672 210 1728 ras;
232 1668 295 1712 non
317 1667 405 1714 eum,
429 1663 523 1730 quem
544 1643 621 1708 tlens
643 1643 783 1714 llentem,
806 1650 1045 1728 prosequentem
1061 1642 1260 1728 proficiscens
1276 1645 1455 1711 dimiseras:

142 1765 181 1808 ne
207 1739 372 1824 vestigium
402 1736 528 1823 quidem
556 1737 623 1800 eius
653 1756 711 1800 nec
737 1736 955 1808 simulacrum,
985 1736 1038 1800 sed
1062 1737 1215 1822 quandam
1238 1739 1371 1823 effigiem
1394 1741 1456 1825 spi-

142 1837 238 1902 rantis
266 1832 392 1898 mortui.
444 1837 544 1915 Atque
566 1831 682 1895 utinam
712 1850 762 1893 me
784 1839 941 1893 mortuum
963 1830 1050 1915 prius
1072 1830 1203 1895 vidisses
1224 1845 1277 1896 aut
1297 1834 1453 1899 audisses!
1468 1854 1492 1888 c,

143 1931 258 1996 utinam
287 1936 317 1991 te
347 1944 409 1988 non
439 1923 539 1987 solum
568 1927 651 1987 vitae
678 1922 733 1986 sed
755 1917 848 1985 itiam
870 1922 1024 2008 dignitatis
1053 1944 1140 1987 meae
1164 1927 1361 2009 superstitem
1384 1928 1457 1993 reli-

143 2023 304 2110 quissem!
349 2021 378 2081 2.
402 2015 462 2081 Sed
491 2025 590 2080 testor
613 2037 726 2081 omnes
754 2016 829 2081 deos
857 2036 906 2079 me
935 2016 992 2080 lrac
1017 2039 1078 2081 una
1107 2037 1184 2082 voce
1213 2040 1230 2082 a
1258 2032 1359 2085 morte
1387 2043 1456 2087 esse

143 2124 339 2190 revocatum,
369 2108 455 2196 quod
484 2130 593 2174 omnes
618 2111 651 2174 in
680 2131 750 2175 mea
776 2111 839 2175 vita
866 2120 984 2195 partem
1014 2110 1147 2197 aliquam
1170 2122 1240 2177 tuae
1262 2115 1343 2179 vitae
1364 2136 1457 2201 repo-

143 2211 231 2275 sitam
260 2227 328 2271 esse
354 2202 507 2269 dicebant.
565 2207 669 2282 Quare
698 2203 822 2292 peccavi
854 2205 1065 2289 scelerateque
1092 2204 1159 2271 leci.
1214 2212 1289 2272 Nam
1321 2209 1347 2273 si
1376 2210 1457 2275 occi-

143 2302 275 2375 dissem,
304 2318 391 2362 mors
417 2297 484 2383 ipsa
512 2318 613 2362 meam
639 2298 784 2385 pietatem
813 2317 1015 2384 amoremque
1046 2299 1078 2362 in
1100 2308 1130 2362 te
1151 2300 1240 2364 facile
1267 2302 1492 2370 defenderetur

142 2401 230 2461 Nunc
257 2390 420 2464 commisi,
455 2400 491 2455 nt
518 2412 569 2456 me
596 2392 669 2456 vivo
702 2412 848 2465 careres,
885 2391 959 2456 vivo
992 2412 1042 2456 me
1075 2391 1142 2456 aliis
1172 2394 1351 2479 indigeres:
1387 2420 1456 2462 mea

143 2509 206 2554 vax
235 2487 267 2550 in
296 2484 472 2550 domesticis
498 2485 644 2569 periculis
666 2485 860 2571 potissimum
883 2483 1055 2554 occideret,
1090 2505 1170 2569 quae
1191 2507 1284 2575 saepe
1306 2490 1457 2556 alienissi-

143 2581 202 2646 mis
224 2578 381 2665 praesidio
402 2577 520 2642 lenset.
562 2583 637 2642 Nam
660 2578 744 2662 quod
759 2577 800 2642 ad
814 2586 843 2640 te
858 2581 946 2663 pueri
969 2576 1036 2641 sine
1058 2577 1167 2642 litteris
1189 2592 1355 2658 venerunt,
1379 2604 1457 2671 qno-

143 2680 226 2740 niam
257 2672 344 2737 vides
375 2691 437 2735 non
468 2670 564 2735 irnsse
594 2671 773 2736 iracundiae
804 2691 915 2745 causa,
950 2680 1035 2735 certe
1065 2672 1190 2757 pigritia
1219 2672 1277 2739 luit
1303 2684 1334 2740 et
1362 2697 1457 2762 qnae-

143 2769 214 2834 dam
243 2766 361 2832 infinita
390 2765 437 2830 vis
465 2765 662 2829 lacrimarum
690 2775 721 2831 et
748 2764 903 2830 dolorum.
953 2769 983 2829 3.
1011 2769 1096 2829 llaec
1123 2766 1189 2853 ipsa
1218 2789 1268 2832 me
1296 2789 1360 2854 quo
1382 2768 1493 2834 ttetuo

144 2872 233 2947 putas
259 2859 445 2945 scripsisse?
488 2858 622 2932 Eodem,
651 2879 715 2944 qno
743 2866 773 2922 te
802 2857 909 2942 legere
935 2868 1022 2923 certo
1051 2858 1126 2923 scio.
1169 2865 1216 2925 An
1243 2881 1302 2945 ego
1328 2883 1456 2947 possum

144 2967 198 3022 aut
225 2975 287 3019 non
314 2953 452 3038 cogitare
477 2952 644 3038 aliquando
672 2951 711 3016 de
739 2959 770 3015 te
796 2959 849 3016 aut
875 2972 1012 3038 unquam
1040 2951 1106 3017 sine
1135 2952 1270 3019 lacrimis
1297 2960 1457 3040 cogitate?

145 3055 223 3116 Cum
251 3049 334 3113 enim
363 3059 394 3112 te
422 3046 583 3122 desidero,
612 3046 739 3111 fratrem
767 3045 867 3110 solnm
897 3044 1071 3109 desidero?
1114 3049 1181 3130 ligo
1209 3068 1287 3112 vero
1309 3054 1458 3114 suavitate

144 3162 243 3229 prope
271 3140 455 3227 aequalem,
488 3138 640 3227 obsequio
661 3138 783 3213 filium,
816 3137 945 3203 consilio
966 3132 1136 3223 parentem.
1187 3140 1270 3217 Quid
1294 3143 1369 3207 mihi
1391 3143 1457 3207 sino

145 3248 176 3302 te
202 3256 338 3321 unquam
366 3242 420 3298 aut
447 3233 502 3298 tibi
532 3234 598 3298 sine
624 3254 675 3297 me
704 3231 872 3297 iucundum
900 3231 987 3295 suit?
1030 3231 1114 3309 Quid
1141 3233 1225 3319 quod
1248 3234 1359 3299 eodem
1381 3245 1494 3299 tem-io

144 3351 222 3415 pore
250 3328 395 3392 desidero
417 3325 533 3391 liliam?
555 3347 616 3412 qua
637 3325 772 3411 pietate,
799 3345 859 3411 qua
881 3323 1047 3398 modestia,
1069 3346 1133 3410 quo
1154 3327 1294 3412 ingeniol
1324 3328 1456 3412 effigiem

143 3423 227 3497 oris,
260 3420 426 3495 sermonis,
459 3419 554 3484 animi
581 3419 664 3483 meit
709 3418 790 3495 Quid
819 3417 912 3481 lilium
941 3418 1193 3484 venustissimum
1222 3422 1360 3508 mihique
1389 3422 1457 3489 dul·

144 3516 322 3581 cissimum?
351 3533 444 3599 quem
474 3532 533 3596 ego
562 3512 648 3576 ferus
669 3531 706 3576 ac
727 3511 848 3575 ferreus
871 3531 889 3573 e
911 3512 1078 3597 complexu
1099 3512 1202 3578 dimisi
1225 3536 1313 3589 meo,
1336 3517 1458 3602 sapien-

145 3609 258 3673 tiorem
278 3627 411 3692 puerum
434 3627 525 3692 quam
548 3606 670 3670 vellem.
714 3603 872 3669 Sentiehat
892 3603 973 3668 enim
995 3605 1092 3669 miser
1112 3605 1189 3681 iam,
1212 3608 1287 3694 quid
1301 3619 1456 3694 ageretur.

146 3701 228 3780 Quid
255 3720 331 3765 vero
359 3708 447 3764 tuum
477 3698 591 3773 filium,
619 3698 784 3782 imaginem
813 3705 913 3772 tunm,
943 3719 1036 3783 quem
1065 3718 1152 3763 meus
1180 3701 1290 3766 Cicero
1318 3712 1348 3767 et
1375 3722 1494 3767 amn-:u

145 3794 198 3859 bat
229 3803 264 3859 nt
291 3793 420 3858 fratrem
449 3801 481 3856 et
511 3792 573 3856 iam
606 3801 640 3856 nt
670 3791 821 3856 maiorem
853 3789 979 3854 fratrem
1009 3791 1205 3857 verebatur?
1257 3795 1340 3872 Quid
1373 3796 1458 3882 quod

145 3888 309 3952 mulierem
338 3886 562 3959 miserrimam,
593 3884 800 3948 fidelissimam
828 3883 1008 3967 coniugem,
1041 3907 1091 3949 me
1118 3888 1266 3972 prosequi
1296 3911 1357 3952 non
1388 3910 1458 3954 sum

145 4002 270 4067 passus,
300 3988 335 4045 ut
357 3988 455 4051 esset,
485 4000 565 4065 quae
591 3977 739 4064 reliquias
761 3978 932 4041 communis
953 3978 1146 4054 calamitatis,
1176 4001 1355 4046 connnunes
1383 3982 1460 4047 lihe-

145 4095 199 4139 ros
221 4080 383 4139 tueretur?
426 4077 458 4138 1.
480 4072 542 4138 Sed
564 4086 681 4146 tamen,
711 4070 954 4157 quoquomodo
976 4074 1081 4157 potui,
1104 4074 1213 4158 scripsi
1234 4083 1266 4138 et
1286 4074 1357 4139 dedi
1380 4075 1459 4140 litte·

145 4189 197 4232 ras
219 4167 256 4232 ad
280 4179 309 4232 te
331 4168 519 4250 Philogono,
548 4165 661 4230 liberto
688 4174 758 4239 tuo,
788 4184 864 4249 quas
895 4164 989 4229 credo
1011 4164 1066 4231 tibi
1088 4177 1196 4253 postea
1216 4167 1352 4233 redditas
1373 4190 1496 4245 esse;.o

213 4387 240 4437 5.
259 4387 384 4437 1011111111
400 4386 438 4437 lli.
471 4409 501 4420 -
549 4383 574 4434 6.
594 4385 735 4435 enimam.
755 4384 778 4433 l.
798 4410 829 4419 -
866 4384 1178 4435 incontinentium
1208 4388 1350 4439 redducam
1368 4389 1398 4440 li.
1426 4413 1460 4428 -

145 4457 189 4506 30.
209 4471 278 4506 mari
296 4458 429 4518 micipsa
445 4455 672 4518 1111111113.-
706 4455 750 4504 21.
769 4460 799 4502 ut
816 4467 855 4503 me
872 4456 930 4502 aiva
949 4455 1017 4502 ltili:
1037 4462 1067 4503 ut
1083 4458 1144 4503 oica
1161 4469 1200 4505 me
1219 4457 1263 4507 lli.
1284 4482 1315 4493 -
1341 4460 1387 4509 tit.
1406 4463 1460 4510 ira·

145 4529 255 4576 candiae
272 4541 388 4585 cunisam,
408 4533 474 4575 certe
491 4527 530 4581 li,
549 4525 715 4574 iracundiam
732 4526 761 4572 in
779 4538 857 4573 cautu
875 4537 930 4584 mg.
949 4524 1054 4586 licpett.
1073 4523 1166 4574 Lanam
1185 4526 1258 4577 Fert.
1276 4529 1459 4586 iracundiam,

145 4610 224 4646 ecura
242 4604 314 4647 certe.
334 4600 385 4646 tta.
414 4620 442 4630 -
490 4595 534 4645 26·
554 4601 621 4645 certe
637 4594 712 4645 11111.
739 4619 772 4627 -
815 4594 859 4643 28.
888 4591 1018 4643 suaouute
1045 4607 1129 4657 prope
1157 4598 1289 4659 aequakm
1317 4598 1459 4649 Petrarclra

147 4664 216 4730 (Ep.
235 4667 317 4727 wit:
344 4667 475 4716 suauitate
496 4677 580 4730 prope
600 4666 710 4730 fratrem
731 4677 813 4725 propa
831 4665 963 4726 aequatem
981 4663 1063 4723 lilii,
1090 4667 1221 4716 auauitmc
1246 4668 1357 4731 fratrem
1380 4683 1462 4732 prope

145 4737 278 4801 aequalem
305 4736 453 4786 Ernestius.
472 4759 506 4769 —
549 4734 594 4784 31.
613 4735 696 4799 effigie
713 4736 793 4783 meria
818 4733 867 4782 stt.
892 4756 919 4767 -
957 4733 1098 4783 3311111111
1115 4735 1151 4786 11.
1186 4761 1215 4772 -
1260 4738 1303 4787 35.
1323 4739 1461 4804 imaginun

147 4815 219 4856 tuam
247 4806 401 4863 Schtttzius:
432 4807 495 4869 quid
520 4806 658 4869 inrupissent
686 4818 769 4852 meum
796 4803 877 4862 titii,
905 4804 969 4866 quid
994 4805 1133 4866 irrioqinem
1163 4813 1234 4855 tuum
1255 4807 1283 4855 E.
1321 4831 1354 4842 —-
1389 4824 1462 4874 quem

148 4878 241 4926 Amor.
262 4879 313 4927 17:
333 4891 411 4941 quum
429 4858 526 4926 main.
545 4899 579 4908 -
614 4875 720 4924 amatim
739 4880 763 4923 et
781 4875 1033 4938 patronorumve
1052 4875 1083 4925 ll.
