3256 5400
154 217 216 278 360
533 217 572 292 Q.
594 216 737 281 CICERO
766 218 818 279 DE
839 218 964 279 PETIT.
987 210 1096 281 CONS.

154 393 226 438 cum
257 370 458 457 optimatibus
490 371 530 436 de
558 393 595 437 re
622 371 745 457 publica
771 374 921 450 sensisse;
955 372 1082 437 minime
1108 374 1277 458 populares
1306 373 1419 452 luisse;
1448 375 1476 439 si

154 465 229 553 quid
258 464 353 530 locuti
375 464 568 551 populariter
594 465 775 540 videamur,
804 465 836 530 id
858 486 916 529 nos
937 485 976 529 eo
998 465 1128 530 consilio
1159 465 1286 540 secisse,
1323 477 1357 532 ut
1384 466 1476 533 nobis

155 563 209 627 Cn.
231 559 412 644 Pompeium
445 558 699 645 adiungeremus;
726 570 761 624 ut
791 580 883 633 eum,
913 558 966 645 qui
988 559 1157 644 plurimum
1179 571 1298 644 posset,
1325 572 1378 626 aut
1399 562 1477 626 ami-

154 675 225 718 cum
247 652 278 716 in
301 660 407 717 nostra
427 653 577 738 petitione
599 653 785 719 haberemus
806 660 860 716 aut
881 663 965 716 certe
987 673 1050 717 non
1072 652 1294 718 adversarium.
1338 660 1368 719 6.
1383 660 1476 720 Prae·

138 759 240 812 sterea
273 744 484 813 adolescentes
513 749 633 814 nobiles
661 747 786 814 elabora
816 757 851 810 ut
879 744 994 811 babeas
1023 746 1072 810 vel
1100 754 1135 810 ut
1156 756 1281 820 teneas,
1318 748 1476 813 studioses

155 861 234 927 quos
263 839 376 918 habes;
414 842 544 907 multum
567 841 724 926 dignitatis
751 840 893 905 afferent.
951 840 1105 905 Plurimos
1127 838 1240 905 babes:
1274 840 1410 926 perfice,
1441 850 1476 906 ut

154 932 266 1007 sciant,
289 945 438 1019 quantum
459 936 491 1000 in
514 936 560 1000 eis
582 946 671 1021 putes
694 955 772 998 esse.
815 934 848 998 si
870 932 1055 1006 adduxeris,
1077 943 1112 998 ut
1133 933 1172 1006 ii,
1195 933 1333 1019 quinon
1355 935 1474 1008 nolunt,

154 1026 294 1114 cupiant,
307 1028 486 1113 ⁴plurimum
508 1029 691 1115 proderunt.

239 1126 277 1186 ll.
313 1126 343 1187 7.
365 1128 409 1186 Ac
435 1124 566 1188 multum
594 1122 687 1187 etiam
715 1120 883 1186 novitatem
916 1131 1001 1186 tuam
1030 1119 1170 1196 adiuvat,
1207 1121 1293 1205 quod
1322 1121 1476 1186 eiusmodi

125 1213 276 1281 srrnobiles
304 1227 407 1281 tecum
430 1226 552 1300 petunt,
582 1225 617 1279 ut
646 1234 737 1279 nemo
767 1213 822 1288 sit,
851 1215 906 1301 qui
927 1214 1039 1280 audeat
1060 1213 1182 1288 dicere,
1211 1214 1281 1299 plus
1304 1215 1365 1280 illis
1387 1214 1476 1279 nobi-

156 1310 272 1374 litatem
308 1329 402 1395 quam
435 1308 490 1374 tibi
524 1309 669 1373 virtutem
706 1306 857 1392 prodesse
893 1321 1050 1394 oportere.
1108 1312 1173 1372 lam
1208 1312 1241 1372 P.
1279 1308 1407 1373 Galbam
1445 1321 1476 1373 et

156 1407 189 1470 L.
221 1402 361 1469 Cassium
389 1423 512 1468 summo
542 1402 612 1467 loco
642 1413 744 1474 nates,
782 1401 852 1487 quis
874 1412 937 1475 est,
972 1402 1027 1487 qui
1056 1411 1163 1486 petere
1196 1401 1389 1466 consulatum
1419 1422 1476 1487 pu-

156 1503 227 1563 tet?
270 1495 364 1562 Vides
393 1495 490 1580 igitur
517 1494 714 1580 amplissimis
745 1514 785 1559 ex
813 1494 939 1560 familiis
967 1495 1131 1570 bomines,
1168 1495 1251 1580 quod
1282 1496 1349 1558 sine
1371 1495 1476 1559 nervis

156 1600 249 1666 suut,
286 1589 342 1654 tibi
373 1610 466 1674 pares
498 1609 561 1653 non
594 1609 673 1658 esse.
745 1592 775 1653 8.
805 1624 845 1635 -
877 1595 916 1653 At
948 1588 1077 1655 Catilina
1107 1598 1138 1653 et
1169 1589 1320 1654 Antonius
1353 1588 1475 1654 molesti

126 1692 236 1751 nsunt.
270 1719 311 1729 -
347 1687 446 1746 lmmo
478 1681 597 1746 bomini
631 1703 727 1756 navo,
759 1681 931 1755 industrio,
963 1682 1133 1756 innocenti,
1168 1681 1302 1755 diserto,
1338 1683 1476 1767 gratioso

157 1776 239 1863 apud
261 1797 331 1848 eos,
363 1775 416 1861 qui
449 1796 500 1839 res
528 1774 681 1849 iudicant,
710 1775 838 1860 optandi
864 1775 1098 1860 competitores,
1128 1774 1220 1840 ambo
1242 1797 1260 1838 a
1281 1776 1413 1861 pueritia
1436 1782 1477 1841 si-

156 1869 248 1944 carii,
277 1868 369 1933 ambo
396 1867 570 1942 libidinosi,
599 1867 692 1934 ambo
720 1880 855 1953 egentes.
909 1874 1027 1933 Eorum
1049 1869 1177 1934 alterius
1199 1868 1280 1934 bona
1302 1869 1477 1954 proscripta

159 1961 307 2038 vidimuss
345 1982 454 2027 vocem
488 1961 623 2047 denique
658 1960 833 2026 audivimus
860 1962 991 2027 iurantis
1022 1983 1056 2028 se
1087 1969 1202 2028 Romae
1230 1962 1347 2027 iudicio
1374 1983 1476 2048 aequo

156 2078 228 2121 cum
258 2054 383 2121 homine
411 2060 530 2120 Graeco
559 2067 680 2120 certare
710 2077 773 2121 non
800 2076 912 2143 posse;
948 2061 1013 2133 [et]
1047 2078 1087 2121 ex
1116 2067 1225 2122 senatu
1254 2058 1388 2122 eiectum
1418 2055 1477 2120 sci·

124 2171 237 2215 surmus.
305 2148 427 2233 Optima
467 2170 545 2214 vero
581 2151 790 2231 'scensorum
824 2149 1053 2214 existimatione
1085 2149 1116 2213 in
1148 2158 1295 2235 praetura
1327 2149 1477 2234 competi·

158 2253 258 2309 torem
289 2240 474 2317 habuimus,
511 2244 612 2308 amice
644 2242 771 2308 Sabidio
800 2253 831 2307 et
858 2243 1028 2320 Panthera;
1064 2243 1148 2330 quod
1177 2243 1217 2307 ad
1239 2243 1373 2308 tabulam
1397 2262 1477 2328 quos

157 2346 303 2423 poneret,
332 2357 394 2400 non
416 2335 559 2400 babebat.
614 2340 685 2414 Quo
706 2345 809 2401 tamur
835 2337 868 2401 in
890 2337 1071 2422 magistratu
1091 2336 1237 2411 amicam,
1270 2357 1363 2422 quam
1390 2334 1477 2399 domi

158 2430 259 2517 palam
282 2427 425 2504 baberet,
448 2429 488 2494 de
509 2429 661 2496 machinis
682 2431 767 2496 emit.
809 2434 844 2495 ln
866 2431 1015 2515 petitione
1037 2439 1140 2495 autem
1162 2430 1340 2496 consulatus
1362 2450 1477 2515 caupo·

157 2544 213 2588 nes
241 2544 350 2588 omnes
378 2523 549 2608 compilare
576 2543 634 2609 per
661 2523 871 2609 turpissimam
899 2524 1085 2608 legationem
1113 2523 1221 2588 maluit
1248 2544 1340 2610 quam
1367 2522 1477 2587 adesse

122 2626 191 2681 aset
217 2617 336 2702 populo
362 2621 502 2684 Romano
529 2617 715 2702 supplicare.
763 2621 794 2682 9.
816 2619 902 2682 Alter
923 2638 1018 2692 vero,
1041 2616 1084 2682 dii
1107 2616 1197 2682 bonit
1224 2638 1288 2704 quo
1310 2617 1477 2701 splendore

159 2715 232 2776 est?
274 2709 413 2773 Primum
434 2708 596 2774 nobilitate
618 2710 737 2776 eadem.
779 2716 859 2776 Num
888 2711 1035 2775 maiore?
1077 2715 1155 2776 Non.
1198 2712 1257 2776 Sed
1285 2711 1409 2774 virtute.
1437 2745 1476 2756 -

159 2801 395 2881 Quamobrem?
428 2838 468 2851 -
503 2803 596 2880 Quod
618 2804 641 2883 †
663 2804 783 2869 inanius
806 2804 947 2869 umbram
970 2826 1057 2869 suam
1088 2805 1214 2881 metuit;
1248 2805 1298 2868 hie
1324 2825 1363 2867 ne
1392 2804 1477 2887 leges

158 2895 302 2983 quidem,
331 2904 421 2959 natus
443 2895 475 2959 in
497 2897 593 2981 patris
615 2907 766 2980 egestate,
800 2897 947 2963 educatus
968 2898 1001 2962 in
1022 2898 1142 2962 sororis
1164 2896 1294 2981 stupris,
1325 2895 1478 2960 corrobo-

157 2999 243 3054 ratus
264 2988 296 3053 in
318 2988 413 3052 caede
434 2989 565 3055 civiumr
596 2990 684 3054 cuius
705 2992 825 3076 primus
855 2991 894 3055 ad
915 3013 982 3056 rem
1005 2990 1160 3077 publicam
1189 2988 1290 3053 aditus
1311 2989 1342 3052 in
1364 2988 1477 3074 equiti-

123 3084 217 3149 sobus
245 3083 393 3148 Romanis
423 3083 602 3148 occidendis
629 3085 697 3150 luit.
745 3090 820 3149 Nam
843 3085 921 3157 illis,
951 3106 1031 3171 quos
1053 3084 1267 3156 meminimus,
1292 3081 1400 3153 Gallis,
1423 3079 1477 3166 qui

159 3189 225 3243 tum
254 3176 439 3242 Titiniorum
467 3197 503 3241 ac
531 3179 722 3243 Nanniorum
752 3199 787 3242 ac
816 3182 1021 3243 Tanusiorum
1052 3179 1152 3262 capita
1179 3175 1359 3248 demebant,
1392 3174 1477 3238 Sulla

159 3293 256 3337 uuum
292 3270 452 3335 Catilinam
488 3271 702 3355 praefecerat;
737 3272 770 3335 in
802 3271 915 3356 quibus
949 3272 1001 3336 ille
1036 3270 1194 3336 bominem
1227 3269 1399 3355 optimum,
1437 3270 1476 3344 Q.

159 3363 341 3437 Caecilium,
373 3363 493 3428 sororis
515 3385 589 3430 suae
610 3363 731 3438 virum,
760 3365 896 3450 equitem
918 3371 1107 3436 Romanum,
1141 3362 1296 3427 nullarum
1323 3361 1475 3446 partium,

159 3478 231 3523 cum
263 3477 388 3542 semper
418 3466 551 3533 natura,
588 3457 783 3532 tumeliam
817 3469 917 3523 aetate
945 3459 1006 3522 iam
1035 3457 1201 3544 quietum,
1238 3455 1303 3519 suis
1335 3450 1477 3527 manibus

121 3552 282 3616 asoeeidit.

229 3734 255 3783 1.
271 3735 409 3797 popularis
427 3735 459 3784 Ι).
492 3759 523 3770 -
559 3736 585 3783 2.
604 3736 752 3793 meremur,
773 3737 801 3784 td
819 3736 861 3784 o:
879 3737 908 3783 td
928 3736 956 3784 E.
987 3760 1021 3769 —
1057 3735 1082 3783 5.
1102 3735 1231 3783 studiosos
1248 3733 1330 3781 llTlt:
1349 3733 1477 3781 studiosos

159 3805 198 3854 tui
217 3804 247 3854 s.
270 3830 299 3840 -
324 3805 351 3853 6.
371 3805 493 3870 offerrant
510 3805 543 3853 Ι).
566 3827 594 3841 ·-
631 3806 657 3854 7.
677 3807 712 3855 sia
730 3805 883 3855 Manutius:
903 3807 942 3855 tis
959 3806 1013 3854 DE.
1035 3829 1066 3840 -
1102 3806 1146 3867 qui
1163 3804 1255 3852 nolunt
1273 3802 1305 3851 Ι).
1330 3827 1355 3836 -
1385 3803 1410 3851 9.
1431 3803 1477 3851 ud·

158 3877 251 3924 iuuant
270 3873 303 3923 Ι).
329 3898 355 3910 -
392 3872 470 3937 praed]
488 3882 566 3937 otpoa
584 3874 616 3924 Ι).
635 3900 669 3910 -
706 3877 748 3926 10.
768 3877 838 3925 itlius
857 3876 888 3924 Ι).
918 3902 946 3912 -
986 3875 1028 3924 lt.
1047 3881 1107 3923 sont
1127 3873 1188 3920 ltT:
1208 3875 1262 3921 sint
1281 3872 1311 3920 E.
1339 3895 1369 3906 -
1407 3872 1478 3922 Coti·

159 3945 216 3993 lino
233 3950 257 3994 at
276 3944 404 3993 Antonios
422 3944 461 3992 o:
480 3945 609 3993 Antonius
625 3952 650 3994 ct
669 3945 786 3996 Cettttno
805 3947 835 3996 s.
864 3970 894 3981 -
931 3945 973 3995 15.
993 3946 1106 3992 heminas
1125 3943 1157 3991 Ι).
1180 3967 1208 3977 -·
1236 3955 1306 3990 naue
1324 3941 1476 3991 Puteanus:

158 4026 307 4063 mecum
327 4012 449 4062 librisll.
473 4039 500 4051 -
540 4013 582 4063 16.
602 4015 674 4063 Fert.
695 4018 949 4078 optundttteomp.
980 4014 1030 4064 On.
1054 4037 1081 4047 -
1121 4013 1162 4062 19.
1183 4019 1280 4061 stom.
1301 4010 1333 4060 Ι).
1368 4036 1395 4047 -
1434 4008 1476 4073 ex]

159 4083 214 4135 sC.
234 4109 267 4118 -
286 4083 329 4133 20.
349 4097 481 4132 censorum
497 4083 630 4144 glossema
651 4086 790 4136 vtdebatur
802 4086 934 4136 Ernestto.
974 4085 1044 4134 Fert.
1064 4095 1243 4139 commorunt,
1264 4081 1357 4143 quales
1378 4080 1478 4130 luerint

159 4153 284 4204 Sabidius
304 4159 331 4202 et
348 4152 492 4201 Panthera.
529 4152 579 4203 Oa.
614 4176 642 4186 ··
679 4157 722 4204 21.
742 4158 810 4220 quod
827 4156 862 4204 T:
882 4171 960 4218 quom
979 4155 1017 4211 Ι),
1045 4169 1102 4203 eram
1120 4152 1150 4200 B·
1172 4174 1202 4185 -
1239 4151 1283 4199 22.
1303 4164 1357 4198 noo
1375 4151 1479 4200 baberet

159 4224 190 4273 Ι).
220 4249 252 4257 -
289 4224 360 4272 domi
374 4224 466 4285 potum
485 4223 519 4271 o:
549 4223 641 4285 polum
659 4225 729 4274 doma·
749 4226 776 4273 ll.
811 4251 842 4261 -
877 4227 921 4275 23.
942 4226 1050 4274 babebat
1069 4224 1098 4273 C.
1135 4243 1162 4254 -
1200 4221 1360 4281 cuupodecas
1378 4221 1411 4269 Ι).
1446 4246 1478 4256 -

158 4292 466 4355 samnaticum.
487 4294 539 4342 Til.
568 4316 600 4329 -
644 4295 795 4356 compellor-a
815 4320 854 4338 -.-
872 4297 1037 4360 torpidorum
1057 4291 1201 4342 Corradus.
1249 4291 1321 4339 Fert.
1341 4290 1479 4353 utlagatio·

157 4376 226 4412 raam.
263 4363 314 4413 On.
348 4386 377 4400 -·
414 4364 456 4412 ⁶26.
483 4365 569 4412 eodem
592 4379 645 4426 porr
668 4365 784 4414 Catilina
810 4365 841 4414 Ι).
877 4391 904 4402 -
943 4362 1024 4426 ll'oor]
1053 4364 1111 4412 ll'ou
1130 4360 1245 4409 malebat
1265 4361 1413 4410 Errsestlus.
1445 4382 1479 4394 -

158 4431 202 4483 27.
221 4428 344 4494 smum]
375 4434 501 4481 Antonias
520 4434 653 4483 Corradus
671 4441 697 4483 ot
715 4435 770 4482 alii.
819 4435 912 4485 Malim
939 4436 1064 4498 squidem
1083 4433 1143 4487 ille:
1172 4437 1198 4477 ut
1219 4443 1248 4477 ex
1270 4431 1320 4479 hoc
1347 4437 1373 4479 et
1393 4430 1475 4490 gloss.

157 4503 286 4552 Antonius
310 4508 398 4552 ortum
425 4502 459 4550 sit
481 4510 630 4552 monstrum
653 4503 718 4552 illud
747 4504 874 4554 librorum
900 4508 1015 4553 inantus.
1043 4503 1093 4552 Oa.
1130 4524 1144 4534 -
1195 4514 1239 4547 saer
1258 4500 1290 4547 1).
1317 4524 1350 4538 -
1386 4501 1429 4548 st).
1448 4501 1479 4548 ist

156 4573 284 4636 equitibus
302 4567 434 4632 nomon]
454 4572 464 4590 '
482 4585 496 4619 r
515 4574 525 4592 '
542 4573 574 4621 Ι).
597 4597 626 4609 -
645 4575 688 4622 31.
708 4574 880 4637 rl'onuioruml
899 4588 1055 4624 maranorum
1073 4574 1113 4627 Ι).
1133 4571 1311 4619 ll'onnsr'orom
1329 4571 1476 4619 llanutius.

53 4646 58 4657 “
159 4663 189 4677 ·-·
226 4643 413 4692 famosorum
440 4640 981 4704 Palermusertseooioiutogcand.
1003 4659 1028 4706 p.
1049 4642 1093 4692 at.
1115 4642 1182 4690 bart.
1229 4641 1280 4688 Sed
1300 4639 1348 4688 clr.
1369 4641 1478 4690 Ouden-

155 4712 233 4775 dorp.
253 4714 286 4764 ad
307 4713 380 4763 Suet.
400 4710 477 4760 Caes.
497 4713 521 4761 9.
551 4736 582 4748 -
619 4715 776 4764 damatatont
803 4716 907 4775 „atii”
931 4716 1002 4777 apud
1029 4715 1189 4764 Gesnerom.
1236 4711 1290 4758 tltr.
1311 4710 1478 4773 Oudendorp

155 4781 190 4831 ad
201 4783 301 4847 Appul.
317 4782 338 4832 Ι.
353 4796 380 4844 p.
393 4780 456 4831 698.
476 4804 507 4816 ·-
527 4783 569 4832 32-
589 4783 716 4832 bominem
733 4800 810 4835 onum
831 4795 885 4848 opt.
907 4786 972 4835 Cod.
993 4783 1119 4847 Stephani
1139 4780 1339 4829 «sternuentes.
1373 4781 1475 4831 Placet.

155 4854 205 4903 01.
227 4876 257 4889 -
278 4855 453 4917 opturatosque
470 4853 605 4903 scordium
623 4851 655 4902 Ι).
