3256 5400
168 255 231 319 tet
597 248 871 314 EPISTOLARUM
893 251 944 314 At)
966 250 1056 315 Fau.

169 410 298 496 largire,
332 416 366 475 at
386 412 436 474 M.
459 408 587 475 Curium
608 416 727 472 sartum
748 417 780 472 et
800 415 929 481 tectum,
951 416 986 471 ut
1006 406 1108 482 aiunt,
1138 406 1177 472 ab
1200 408 1346 493 omnique
1367 411 1488 476 iucom-

171 509 281 581 modo,
315 505 518 579 detrimento,
552 504 693 568 molestia
714 501 870 566 sincerum
891 501 1113 587 integrumque
1142 524 1321 569 conserves.
1363 509 1402 570 Et
1424 505 1491 591 ipse

170 600 309 688 spondeo
331 608 364 664 et
382 619 492 665 omnes
513 597 574 663 hoc
593 594 650 662 tibi
672 596 718 661 tui
738 615 798 680 pro
820 615 870 658 me
892 595 1060 680 recipient,
1084 616 1124 663 er
1147 618 1217 663 mea
1238 598 1374 664 amicitia
1395 608 1427 665 et
1449 621 1490 664 ex

171 703 225 760 tuo
253 694 285 757 in
312 712 363 757 me
389 690 495 756 officio
524 688 696 754 maximum
724 697 754 752 te
782 686 917 754 fructum
946 710 1161 778 summamque
1194 691 1386 777 voluptatem
1421 713 1491 758 esse

152 795 345 873 scepturum.
388 784 474 852 Vale.

444 927 496 990 LI.
538 924 788 1006 (teutmaro,
808 925 937 1006 sortasse
957 928 994 988 A.
1023 926 1055 990 U.
1075 927 1108 991 C.
1129 928 1217 1010 708.)

596 1045 738 1110 CICERO
760 1047 792 1108 P.
815 1045 955 1110 CAESIO
978 1048 1009 1111 S.
1034 1050 1071 1112 D.

255 1164 289 1227 P.
310 1157 521 1232 Messicnnm,
550 1154 688 1242 equitem
710 1160 900 1231 Romanum,
922 1155 1068 1223 omnibus
1088 1157 1184 1226 rebus
1205 1168 1350 1226 ornatum
1372 1182 1492 1228 meum·
1581 1198 1587 1209 ·

173 1276 236 1344 que
257 1251 513 1341 perfamiliarem,
537 1248 594 1314 tibi
615 1248 800 1314 commendo
822 1270 859 1313 ea
881 1252 1169 1328 commendatione,
1193 1275 1273 1341 quae
1297 1264 1400 1341 potest
1423 1278 1493 1322 csse

141 1347 418 1433 ¹⁰diligentissima.
461 1348 537 1408 Peto
559 1362 577 1406 a
599 1350 628 1407 te
651 1351 682 1406 et
701 1362 761 1427 pro
782 1351 889 1407 nostra
910 1353 941 1409 et
962 1365 1021 1430 pro
1043 1356 1172 1430 patema
1194 1348 1344 1423 amicitia,
1367 1360 1401 1414 nt
1420 1371 1493 1416 eum

176 1443 206 1508 in
229 1452 312 1507 tuam
337 1438 430 1504 fidem
460 1436 594 1522 recipias
622 1436 752 1522 eiusque
778 1456 846 1500 rem
875 1435 1051 1525 famamque
1080 1449 1197 1506 tueare.
1242 1447 1351 1508 Virum
1373 1443 1493 1510 bonum

175 1545 289 1623 tuaque
311 1531 445 1598 amicitia
466 1529 594 1616 dignum
617 1528 676 1595 tihi
695 1528 877 1595 adiunxeris
898 1530 1038 1618 mihique
1059 1534 1270 1618 gratissimum
1291 1536 1416 1603 leceris.

414 1674 483 1741 ru.
525 1672 626 1753 (unm
646 1673 777 1742 immo,
797 1672 927 1753 sorau..
947 1671 984 1736 Α.
1009 1675 1042 1737 u.
1065 1676 1097 1739 o.
1118 1673 1204 1759 roo.)

649 1791 790 1857 ClCERO
813 1795 907 1857 REGI
928 1794 959 1856 S.
982 1796 1019 1859 Ι).

147 1939 174 1978 aa
259 1912 295 1972 Α.
321 1905 457 1972 Licinius
484 1903 666 1970 Aristoteles
694 1901 863 1968 Melitensis
891 1903 1123 1991 antiquissimus
1144 1917 1192 1974 est
1218 1908 1332 1996 hospes
1353 1932 1442 1977 meus
1464 1921 1496 1977 et

177 2010 336 2090 praeterea
357 1999 539 2065 coniunctus
561 2017 674 2081 magno
705 2017 766 2062 usu
792 1994 1017 2065 familiaritatis.
1071 2004 1156 2066 Ilaec
1177 2022 1247 2067 cum
1268 2003 1311 2068 ita
1333 2003 1409 2080 sint,
1432 2027 1496 2072 non

177 2093 306 2167 dubito,
342 2092 418 2179 quin
448 2091 506 2158 tihi
538 2091 613 2156 satis
639 2088 873 2155 commendatus
900 2090 947 2156 sit
999 2094 1122 2160 Etenim
1150 2117 1191 2160 ex
1212 2096 1318 2163 multis
1339 2120 1496 2184 cognosco

178 2209 279 2254 meam
300 2185 602 2252 commendationem
623 2183 792 2270 plurimum
814 2182 897 2268 apud
919 2192 948 2249 te
970 2188 1085 2254 valere.
1127 2193 1219 2255 Hunc
1240 2211 1301 2275 ego
1322 2212 1341 2256 a
1363 2197 1497 2258 Caesare
1560 2208 1565 2219 ·

178 2281 317 2347 liberavi.
366 2284 526 2365 Frequens
548 2278 630 2343 enim
653 2277 754 2343 iuerat
776 2275 954 2355 nobiscum;
977 2291 1070 2369 atque
1092 2285 1186 2349 etiam
1208 2284 1323 2350 diutius
1347 2285 1378 2349 in
1400 2307 1494 2351 causa

143 2385 226 2443 roest
247 2396 339 2462 quam
360 2394 418 2439 nos
440 2382 667 2449 commoratus;
690 2390 754 2456 quo
776 2370 886 2435 melius
910 2379 939 2436 te
961 2373 1000 2439 de
1022 2396 1061 2442 eo
1076 2377 1324 2444 existimaturum
1346 2378 1495 2444 arbitror.

180 2475 239 2534 Fac
261 2469 370 2555 igitur,
393 2468 437 2533 mi
457 2473 541 2541 Rex,
563 2476 599 2530 ut
619 2464 769 2547 intelligat
789 2461 844 2529 has
865 2462 925 2529 sibi
948 2465 1067 2536 litteras
1089 2471 1259 2558 plurimum
1280 2472 1448 2558 profuisse.

639 2615 725 2678 rur.
769 2610 817 2696 (Α.
843 2615 875 2677 u,
898 2616 929 2678 o.
951 2615 1037 2696 roa.)

556 2737 699 2802 CICERO
720 2734 886 2799 THERMO
908 2735 1047 2799 PROPR.
1070 2736 1102 2799 S.

174 2847 177 2854 ’
269 2854 296 2917 l.
328 2854 363 2916 L.
386 2847 548 2916 Genucilio
571 2851 675 2915 Curvo
701 2845 885 2931 iampridem
907 2855 982 2910 utor
1003 2844 1262 2922 familiarissime,
1285 2846 1404 2933 optimo
1426 2846 1498 2912 viro

145 2955 212 3011 ruet
239 2944 366 3011 homine
402 2942 589 3028 gratissimo.
646 2946 725 3006 Eum
746 2937 802 3003 tihi
823 2938 946 3025 penitus
968 2939 1153 3004 commendo
1176 2950 1268 3025 atque
1290 2939 1397 3005 trado:
1433 2940 1500 3026 pri·

183 3060 288 3111 mum,
321 3047 356 3103 ut
377 3035 522 3103 omnibus
544 3035 577 3101 in
598 3034 693 3101 rebus
714 3033 745 3098 ei
765 3030 962 3105 commodes,
995 3031 1099 3117 quoad
1120 3029 1196 3096 fides
1218 3042 1271 3097 tua
1301 3033 1498 3118 dignitasque

181 3131 335 3218 patietur;
371 3130 508 3216 patietur
529 3140 633 3195 autem
652 3129 686 3195 in
708 3124 869 3203 omnibus;
901 3124 978 3190 nihil
999 3125 1084 3190 enim
1105 3122 1160 3190 abs
1182 3134 1213 3190 te
1234 3147 1390 3212 unquam,
1413 3126 1498 3213 quod

181 3225 221 3290 sit
242 3223 374 3288 alienum
397 3223 458 3288 tuis
480 3234 533 3288 aut
554 3223 647 3288 etiam
668 3222 734 3287 suis
755 3218 914 3293 moribus,
937 3217 1116 3304 postulabit.
1159 3222 1189 3284 2.
1211 3220 1381 3306 Praecipue
1395 3230 1499 3286 autem

182 3318 237 3384 tibi
259 3317 590 3402 commendonegotiu
611 3316 693 3389 eius,
716 3336 795 3401 quae
817 3312 939 3378 suntin
960 3313 1181 3398 Hellesponto:
1204 3312 1357 3397 primum,
1388 3326 1422 3379 ut
1443 3312 1501 3380 ob-

146 3411 278 3476 aotineat
309 3409 342 3474 id
366 3409 445 3474 iuris
471 3409 505 3474 in
532 3409 632 3495 agris,
669 3407 754 3494 quod
783 3407 811 3472 ei
839 3406 971 3471 Pariana
1002 3406 1109 3471 civitas
1144 3404 1283 3470 decrevit
1310 3416 1342 3470 et
1363 3406 1448 3471 dedit
1469 3416 1501 3470 et

183 3504 267 3591 quod
300 3524 423 3589 semper
451 3501 585 3568 obtinuit
613 3502 680 3567 sinc
701 3500 763 3566 ulla
785 3499 1021 3575 controversia3
1059 3498 1192 3572 deinde,
1230 3497 1255 3562 si
1277 3498 1352 3583 quid
1374 3498 1501 3565 habebit

183 3617 253 3661 cum
283 3596 387 3682 aliquo
417 3596 630 3681 Hellespontio
662 3593 912 3669 controversiae,
949 3601 984 3658 ut
1013 3593 1045 3658 in
1073 3593 1156 3658 illam
1183 3599 1343 3670 διοίκησιν
1365 3591 1500 3656 reiicias.

185 3689 245 3755 Sed
267 3709 330 3753 non
352 3688 427 3752 mihi
449 3689 578 3763 videor,
615 3709 685 3753 cum
708 3686 764 3753 tibi
787 3697 885 3752 totum
908 3686 1064 3751 hominem
1087 3686 1322 3771 diligentissime
1344 3706 1501 3749 commen-

186 3781 304 3855 darim,
341 3781 476 3865 singulas
504 3781 542 3846 ad
564 3790 595 3846 te
617 3781 686 3846 eius
707 3800 815 3845 causas
836 3778 1042 3865 perscribere.
1095 3783 1222 3845 Summa
1251 3778 1304 3843 illa
1324 3779 1384 3844 sit:
1412 3778 1502 3865 quid·

151 3873 265 3962 sequid
286 3873 397 3946 officii,
420 3872 578 3947 beneficii,
600 3873 731 3939 honoris
751 3873 784 3938 in
807 3871 1003 3938 Genucilium
1018 3873 1202 3949 contuleris,
1223 3870 1262 3938 id
1271 3881 1302 3939 te
1316 3871 1502 3938 existimabo

187 3966 221 4032 in
242 3987 292 4031 me
313 3966 416 4053 ipsum
438 3973 531 4052 atque
551 3966 584 4032 in
605 3987 673 4031 rem
694 3987 795 4032 meam
815 3965 994 4032 contulisse.

649 4109 728 4171 mr.
778 4107 826 4190 (Α.
852 4110 884 4173 u.
907 4109 939 4172 a.
961 4106 1046 4191 noa.)

567 4228 709 4293 CICERO
731 4229 897 4293 THERMO
917 4230 1056 4294 PROPR.
1079 4231 1110 4293 S.

272 4342 348 4406 Cum
370 4339 465 4404 multa
486 4338 564 4404 mihi
584 4348 671 4424 grata
692 4349 778 4413 sunt,
812 4360 893 4426 quae
915 4348 949 4404 tu
969 4339 1121 4405 adductus
1142 4361 1212 4406 mea
1233 4338 1503 4406 commendatione

152 4431 306 4507 traiecisti,
338 4443 402 4499 tum
424 4437 456 4497 in
478 4432 602 4519 primis,
631 4432 716 4519 quod
738 4438 778 4499 M.
800 4433 994 4508 Marcilium,
1016 4434 1106 4498 amici
1128 4443 1221 4521 atque
1243 4434 1421 4520 interpretis
1442 4432 1503 4499 mei

188 4524 302 4600 filium,
324 4525 540 4591 liberalissime
563 4525 739 4591 tractavisti.
795 4526 887 4592 Venit
908 4526 990 4592 enim
1012 4527 1196 4593 Laodiceam
1220 4539 1250 4592 et
1272 4527 1328 4593 tibi
1350 4526 1433 4613 apud
1453 4547 1504 4590 me

259 4744 285 4793 l.
305 4740 445 4807 omnt[qua]
465 4744 495 4794 tt.
518 4770 546 4780 -
583 4744 611 4794 R.
630 4747 757 4796 umanum
773 4740 950 4810 latiarumque
968 4751 1078 4796 auctore
1096 4747 1178 4797 Matio
1196 4746 1262 4796 secl.
1282 4746 1311 4796 tt.
1332 4771 1360 4781 -
1382 4746 1409 4795 5.
1433 4744 1505 4806 Vota,

189 4815 260 4877 quod
277 4819 319 4865 est
337 4815 365 4863 in
382 4815 427 4875 M,
446 4828 501 4864 om.
521 4814 551 4864 E.
580 4838 611 4850 -
646 4816 691 4866 26.
711 4818 734 4865 at
751 4817 893 4866 commodes
912 4818 1066 4867 auctoribus
1083 4817 1225 4877 Manutio,
1244 4816 1402 4875 Gronovio,
1423 4815 1507 4864 Erna-

131 4921 138 4938 .
189 4884 239 4934 atto
258 4883 413 4935 Schtttqur:
432 4887 456 4934 et
473 4892 498 4935 te
515 4885 657 4954 commodes
674 4887 734 4937 MR.
751 4908 782 4923 -·
808 4885 854 4935 4⁰.
871 4885 960 4950 amici]
978 4887 1052 4939 Fert.
1069 4890 1180 4938 uranu.
1205 4886 1261 4939 Ctr.
1281 4887 1330 4951 Ep.
1349 4890 1415 4935 extr.
1435 4884 1487 4935 On.
