3256 5400
1422 231 1464 283 ΙΝ

143 393 273 464 peram,
294 372 429 463 charta,
451 393 519 441 non
540 375 737 442 membranis
756 395 851 442 usum
873 394 958 444 esse.
1000 372 1070 446 Seri
1086 378 1170 447 haec
1185 378 1290 446 omnis
1305 377 1469 449 dubitatio

144 481 274 546 etiamsi
303 481 410 564 ipsum
436 478 584 547 codicem
613 479 736 546 diutius
764 482 912 548 tractare
940 482 1039 572 aiieui
1070 483 1202 571 liceret,
1239 485 1298 550 vix
1326 502 1470 572 unquam

144 585 218 650 toiii
240 583 375 668 poterit.

228 688 298 754 lam
326 704 410 753 vero
439 687 680 771 correctiones,
711 690 826 775 utique
852 688 1004 756 victorio
1028 691 1101 774 ipso
1122 692 1226 756 multo
1249 691 1471 782 antiquiores,

143 810 211 880 qua
232 789 274 856 de
296 807 333 857 re
353 791 573 857 conterantur
594 811 680 879 quae
701 797 817 860 notavi
839 792 882 860 ari
896 793 1003 861 Atttc.
1018 791 1058 874 8,
1081 790 1124 879 3,
1146 791 1182 860 3.
1204 791 1317 877 [Nota
1333 795 1393 863 14.
1409 795 1472 862 Ed,

142 885 317 982 prioris),
354 893 496 982 dupiicia
524 901 603 962 aunt
627 900 779 985 generis3
815 898 902 963 uitae
923 898 1174 984 superscriptae
1195 900 1278 982 ipsis
1299 898 1472 970 ciceronis

143 1000 274 1086 verbis,
296 1000 382 1065 aiiae
404 1002 438 1065 in
461 1002 609 1089 margine
631 1000 832 1086 adscriptae.
873 1002 948 1068 Has
969 1000 1099 1086 quidem
1123 1020 1237 1067 omnes
1258 1004 1473 1070 coniecturae

145 1104 273 1188 tribuo,
295 1101 481 1189 etquidem
503 1105 696 1187 pierumque
718 1106 870 1189 ineptae,
891 1105 1030 1170 maxime
1053 1106 1086 1169 in
1109 1103 1267 1191 Graecis3
1295 1123 1473 1193 earumque

144 1206 269 1292 duplex
287 1208 417 1271 omnino
441 1210 492 1272 est
513 1209 616 1271 ratio:
640 1210 760 1274 etenim
784 1210 901 1292 partim
923 1210 1049 1293 petitae
1064 1212 1142 1273 sunt
1159 1225 1178 1273 o
1193 1207 1309 1274 codice
1326 1213 1474 1292 proxime

144 1309 186 1376 ad
216 1309 476 1376 vornaenanun
504 1309 706 1395 accedente,
738 1313 878 1376 maxime
905 1313 939 1375 in
967 1312 1209 1398 supplementis
1235 1313 1475 1380 vocabulorum

146 1415 358 1498 omissorum,
390 1430 475 1498 quae
504 1432 587 1479 sano
616 1415 708 1479 nuiia
736 1432 800 1498 ope
827 1414 986 1500 humana,
1020 1418 1246 1499 congruenter
1268 1432 1341 1480 cum
1371 1414 1475 1482 eund.

146 1517 348 1606 Gallicanis,
370 1519 442 1581 sine
464 1515 636 1583 codicibus
658 1519 844 1608 excogitari
868 1520 1074 1603 potuissent,
1096 1520 1230 1603 partim,
1256 1522 1293 1583 ut
1315 1520 1476 1609 marginis

144 1622 324 1707 lectiones,
346 1621 560 1686 coniecturae
582 1619 755 1687 debentur.
798 1618 872 1703 Quo
894 1623 929 1687 in
950 1639 1077 1711 genere
1099 1622 1288 1707 posteriore
1310 1623 1374 1687 etsi
1394 1640 1476 1707 per·
1524 1708 1526 1715 Ι

145 1726 237 1791 mutii
259 1724 423 1791 commissi
444 1727 523 1789 sunt
545 1743 694 1813 errores,
717 1725 749 1789 ni
772 1727 882 1791 tamen
898 1723 1066 1791 fatendum
1083 1728 1154 1812 est,
1176 1727 1331 1790 maiorem
1348 1731 1475 1809 partem

145 1846 258 1894 carum
279 1825 560 1913 emendationum,
594 1846 677 1914 quas
699 1826 856 1894 debemus
877 1830 1009 1914 utrique
1030 1828 1171 1895 Victorii
1193 1845 1310 1907 curae,
1339 1827 1476 1896 desum.

146 1935 223 2018 ptus
245 1949 321 1996 asse
343 1949 386 1996 ex
409 1930 460 1997 tris
482 1932 563 2015 ipsis
585 1929 666 1997 Cori·
682 1930 828 1998 Medicei
845 1933 1109 1999 correctionibus
1123 1933 1276 2020 singutas
1290 1932 1379 1997 inter
1392 1951 1476 1999 ver-

145 2036 270 2102 sieuios
291 2035 438 2118 seriptis.
480 2031 784 2120 Quomodocnnquo
804 2040 914 2102 autem
937 2033 979 2100 rie
1001 2033 1160 2102 Mediceo
1183 2034 1416 2121 iudicabimus,
1442 2035 1475 2102 td

146 2157 312 2223 nunquam
335 2140 569 2205 obliviscamur
590 2157 731 2205 necesse
754 2142 823 2224 est,
845 2141 879 2204 in
901 2138 1066 2222 Epistoiis
1087 2136 1130 2202 ad
1153 2135 1193 2219 0.
1209 2139 1361 2205 Fratrem
1385 2147 1419 2205 et
1441 2141 1476 2206 in

146 2244 423 2315 Pseuriobrutinis
444 2241 533 2309 hunc
554 2245 685 2308 unicum
708 2261 801 2326 esse,
823 2243 877 2328 qui
897 2261 1010 2308 veram
1034 2241 1156 2307 habeat
1177 2245 1409 2308 auctoritatem
1432 2242 1477 2309 ad

147 2347 412 2420 constituendam
440 2350 543 2411 totam
573 2363 684 2411 earum
706 2347 892 2412 lectionem.
934 2345 1066 2411 Etenim
1090 2363 1152 2412 nec
1173 2346 1354 2412 Lambinus
1377 2346 1477 2433 quiri-

147 2474 242 2542 qnam
265 2447 684 2522 eCodd.Gaiiicunis1ad
714 2450 789 2514 iiias
818 2449 931 2514 attulit
959 2453 994 2514 et
1023 2449 1146 2514 Bosius
1167 2468 1307 2535 prorsus
1329 2452 1477 2517 intactas

146 2559 289 2644 reiiqnit.
330 2556 405 2621 Hae
426 2555 531 2642 igitur
551 2569 639 2618 nunc
661 2551 803 2636 demum,
825 2557 946 2619 nactus
968 2571 1040 2618 cum
1063 2569 1169 2617 essem
1193 2547 1274 2619 Cori.
1292 2552 1384 2618 Med.
1401 2554 1477 2620 coi-

147 2664 323 2747 lationem,
343 2658 534 2725 accuratius
554 2657 692 2720 tractari
716 2660 882 2741 poterant.
924 2656 994 2722 lam
1016 2654 1060 2721 ad
1078 2654 1229 2738 codices,
1253 2657 1308 2741 qui
1324 2662 1478 2741 muccun-

147 2783 211 2852 que
233 2762 366 2830 tandem
387 2759 484 2826 modu
500 2778 519 2825 e
536 2758 692 2824 Mediceo
715 2761 875 2846 originem
899 2761 1091 2843 traxerunt,
1116 2760 1236 2844 quique
1252 2764 1390 2844 propter
1405 2778 1477 2829 eam

146 2871 251 2955 ipsam
273 2885 405 2933 causam
428 2864 549 2929 muitum
573 2864 738 2947 propriam
761 2862 885 2928 habent
907 2864 1158 2945 auctoritatem,
1181 2867 1317 2947 praeter
1342 2881 1413 2929 earu
1436 2893 1475 2910 -·

147 2976 175 3038 si
205 2976 315 3037 tamen
337 2970 522 3035 auctoritas
547 2968 611 3032 rite
633 2968 818 3051 nuncupari
840 2970 953 3053 potest
975 3002 1033 3052 -,
1063 2984 1158 3051 quam
1181 2967 1395 3033 coniecturae
1417 2971 1476 3033 aut

148 3077 236 3143 teiici
260 3077 318 3140 ant
339 3089 466 3159 pravae
487 3070 558 3136 Viri
581 3070 721 3136 alicuius
750 3069 839 3136 docti
867 3067 945 3138 Sec.
960 3067 1037 3136 XV.
1060 3071 1206 3135 tribuere
1235 3071 1397 3155 eotenus,
1432 3070 1477 3137 ad

147 3178 210 3245 tros
232 3181 335 3267 igitur
356 3174 492 3243 codices
512 3171 730 3239 secundarios
750 3173 862 3239 refero
885 3192 999 3239 omnes
1027 3172 1189 3261 Monuni,
1222 3171 1361 3261 Faerni,
1392 3173 1478 3240 Ma.

148 3283 315 3368 laspinae,
348 3279 578 3361 Huraitinum‚
608 3276 781 3342 Paiatinos
802 3277 905 3362 Iunii,
934 3278 1159 3344 Graevianum
1181 3280 1371 3366 utrumque,
1402 3280 1477 3348 Re-

148 3389 241 3478 gios,
264 3381 476 3453 oxonienses
499 3379 599 3466 duos,
620 3376 931 3468 Stuttganicnsem,
954 3380 1220 3447 Bentivoiianos.

234 3488 448 3555 Baiiioiensis
471 3485 608 3551 Graevii
630 3482 738 3550 codex
755 3502 861 3568 paene
876 3486 909 3548 in
927 3485 1078 3551 omnibus
1092 3487 1264 3571 conspirat
1279 3504 1350 3553 cum
1367 3483 1478 3556 0xon.

49 3628 56 3646 ·
148 3596 187 3672 ab.
208 3610 272 3660 nec
293 3595 404 3657 tamen
419 3583 510 3654 'idem
533 3605 609 3653 csse
632 3591 760 3674 potest,
782 3590 812 3652 si
833 3606 948 3652 varum
970 3591 1041 3670 est,
1063 3588 1150 3674 quud
1174 3588 1341 3657 Graevius
1364 3591 1478 3682 tradit,

148 3701 183 3765 in
212 3717 253 3762 eo
281 3694 398 3762 codice
426 3690 469 3757 ad
498 3691 603 3757 Attio.
625 3690 668 3775 4,
696 3689 765 3778 15,
795 3686 830 3756 6.
853 3692 935 3778 tegi:
970 3690 1112 3758 iubebo.
1153 3690 1198 3758 lu
1225 3689 1478 3763 Arrdromucira

149 3807 269 3870 tamea
295 3794 507 3879 materfuit
535 3814 638 3885 prtum
664 3791 872 3882 Astyanacte:
908 3812 981 3861 cum
1008 3794 1092 3862 haec
1119 3798 1226 3862 omnia
1249 3796 1478 3867 exciderinte

149 3904 209 3973 ed.
227 3904 266 3979 ψ.
311 3899 429 3965 iiiiirrt
443 3901 521 3964 item
536 3899 622 3963 Buii.
636 3915 657 3963 a
670 3894 729 3964 Cri.
747 3899 787 3974 ψ.
810 3899 843 3963 in
866 3899 940 3965 ioco
964 3902 1123 3985 corrupto
1144 3900 1217 3966 Lib.
1236 3899 1279 3985 ὅ,
1302 3898 1338 3966 3.
1354 3904 1388 3967 in
1402 3902 1477 3985 tine,

149 4011 185 4074 et
206 4007 283 4073 alibi
307 4001 394 4070 hauri
417 4021 504 4068 raro.
546 3999 744 4068 Universum
778 4002 889 4068 tamen
918 4003 1093 4068 tectionem
1122 4005 1153 4066 si
1179 4005 1341 4089 spectes,'
1362 4007 1477 4091 utique

151 4113 202 4176 est
224 4109 395 4175 simiiiima.
438 4104 554 4173 Codex
576 4107 685 4170 autem
708 4102 817 4172 0xon.
836 4102 891 4191 0.,
922 4107 951 4172 si
974 4110 1067 4173 recte
1088 4107 1233 4175 collatus
1263 4113 1333 4198 est,
1365 4111 1477 4175 variat

149 4214 270 4299 ubique
291 4213 380 4276 inter
402 4207 461 4277 Cd.
479 4209 624 4276 Medicei
648 4203 782 4294 primam
805 4213 839 4274 et
854 4207 1033 4276 secundam
1050 4228 1196 4296 maurum,
1218 4211 1265 4276 ita
1283 4215 1405 4294 tamem
1430 4216 1477 4299 ut,

150 4334 223 4384 cum
245 4311 304 4382 Cd.
321 4316 361 4391 ψ.
382 4316 517 4399 primam
548 4313 683 4397 saepius
710 4313 855 4394 reserat,
889 4310 929 4394 Q.
952 4315 1065 4399 potius
1092 4312 1271 4379 secundam
1299 4320 1476 4401 aequatur3

151 4417 210 4485 seri
233 4422 409 4504 praeterea
430 4417 556 4502 aliquot
583 4415 718 4481 exiribet
746 4417 925 4500 lectiones,
959 4435 1044 4503 quae
1072 4416 1287 4505 criticorum,
1319 4420 1477 4505 imprimis

151 4522 312 4606 Manutii,
334 4526 401 4585 tum
417 4525 515 4587 etiam
532 4520 688 4607 Victorii,
715 4517 850 4602 Faerni‚
872 4517 1085 4607 Malaspinae
1104 4521 1305 4588 coniecturis
1322 4539 1364 4587 ex
1381 4523 1476 4606 ipso-

150 4643 221 4690 rum
243 4626 441 4691 testimoniis
462 4625 566 4713 vuigo
590 4623 780 4689 tribuuntur
810 4614 895 4705 (cir.
918 4642 996 4713 pag.
1017 4621 1106 4691 191.
1127 4624 1191 4691 Eo.
1207 4642 1299 4690 meae
1322 4614 1476 4711 prioris),

152 4730 188 4794 ut
202 4747 442 4815 saepenumero
457 4730 490 4793 in
505 4732 646 4793 mentem
661 4724 736 4791 mihi
754 4728 903 4815 venerit,
924 4745 1067 4794 annona
1081 4728 1160 4794 Viro
1176 4727 1276 4795 docto
1292 4724 1369 4795 Sec.
1380 4723 1476 4794 xvi.

153 4834 385 4918 excremari,
408 4834 463 4922 qui
484 4832 518 4896 in
538 4833 684 4899 lectione
706 4830 940 4898 constituenda
960 4831 1125 4899 interdurn
1146 4829 1269 4900 iudicia
1289 4832 1476 4919 aequalium
