3256 5400
611 215 686 278 LlB.
707 216 745 277 V.
788 213 847 276 ΕΡ.
871 213 922 275 10.
945 213 995 275 11.
1397 215 1460 277 473

136 384 228 447 'Auo
242 381 338 446 κάτω.
395 380 427 445 Si
450 378 526 465 quid
548 389 610 455 est,
633 391 680 445 est
701 380 733 444 in
755 379 875 454 Aristo,
898 377 981 463 apud
1003 398 1096 464 quem
1119 401 1215 449 eram.
1256 389 1334 450 Nam
1355 385 1462 448 Xeno-

141 497 210 539 nem
239 484 326 540 tuum
353 473 402 538 vel
432 485 572 540 nostrum
595 474 698 560 potius
735 474 854 553 Quinto
882 491 1114 551 concesseram;
1151 485 1182 539 et
1207 486 1310 542 tamen
1333 485 1464 562 propter

141 569 328 634 vicinitatem
352 576 433 633 totos
456 566 522 632 dies
543 567 635 632 simul
658 589 782 633 eramus
803 567 942 636 iunctim.
993 570 1070 632 Cum
1092 568 1228 652 primum
1250 570 1384 656 poteris,
1409 579 1461 634 tua

141 661 269 726 consilia
296 660 335 726 ad
364 681 414 724 me
441 659 575 734 scribas,
610 671 644 726 ut
674 661 785 736 sciam,
822 660 898 747 quid
927 679 1014 746 agas,
1051 659 1105 726 ubi
1132 683 1260 750 quoque
1298 674 1458 749 tempore,

142 760 277 821 maxime
298 755 424 841 quando
445 762 563 823 Romae
583 753 708 821 iuturus
730 755 784 822 sis.
1472 786 1486 831 5

620 894 989 978 mmnmm

617 1019 760 1082 CICERO
781 1018 925 1083 ATTICO
949 1020 980 1082 S.

229 1138 256 1198 1.
278 1132 354 1204 llui,
378 1131 535 1204 „totiesne
562 1150 612 1193 me
635 1129 753 1193 litteras
775 1126 897 1192 dedisse
919 1134 1067 1204 Romam,
1089 1150 1160 1195 eum
1182 1130 1222 1195 ad
1244 1141 1274 1196 te
1296 1132 1396 1198 nullas
1411 1133 1465 1198 da-

142 1234 257 1295 remi''
279 1232 318 1292 At
339 1247 417 1291 vero
438 1224 569 1311 posthac
590 1223 704 1287 frustra
726 1223 830 1307 potius
853 1221 950 1297 dabo,
974 1245 1084 1310 quam,
1108 1226 1134 1289 si
1156 1235 1241 1290 reete
1263 1225 1331 1289 dari
1354 1236 1464 1311 potue·

143 1325 224 1394 rint,
257 1316 461 1389 committam,
494 1327 528 1382 ut
555 1337 617 1380 non
653 1315 733 1384 dem.
783 1320 828 1381 lie
856 1317 1017 1403 provincia
1049 1318 1140 1385 nobis
1168 1329 1373 1405 prorogetur,
1406 1337 1500 1405 perut

143 1418 298 1481 lortunasl
331 1413 406 1478 dum
441 1411 531 1482 ades,
562 1408 716 1495 quidquid
745 1410 907 1495 provideri
939 1421 1065 1496 potest,
1097 1412 1240 1498 provide.
1301 1417 1368 1477 Non
1402 1413 1465 1479 dici
1508 1440 1510 1445 ¹

142 1517 258 1594 potest,
296 1528 388 1591 quam
411 1503 538 1588 llagrem
562 1501 719 1567 desiderio
746 1501 848 1577 urbis,
878 1524 971 1588 quam
995 1504 1048 1568 vix
1079 1503 1189 1570 barum
1210 1526 1317 1570 rerum
1340 1506 1466 1572 insulsi·

143 1614 235 1669 tatem
258 1602 366 1664 leram.
410 1605 440 1663 1.
462 1596 626 1662 Marcellus
647 1596 740 1661 loede
755 1595 794 1661 de
817 1597 973 1663 Comensi.
1016 1599 1082 1662 Etsi
1104 1599 1156 1663 ille
1171 1599 1385 1683 magistratum
1400 1619 1465 1664 non

143 1704 304 1782 gesserat,
342 1703 407 1756 erat
437 1700 538 1755 tamen
568 1689 817 1774 Transpadanus.
876 1695 919 1755 lta
950 1691 1026 1756 mibi
1047 1692 1170 1757 videtur
1192 1712 1255 1757 uon
1276 1691 1379 1756 minus
1401 1701 1466 1757 sto-

143 1788 243 1853 machi
271 1796 380 1851 nostro
413 1807 449 1875 ac
477 1784 600 1849 Caesari
630 1783 751 1847 iecisse.
809 1783 870 1848 Sed
899 1783 958 1849 boe
985 1785 1052 1870 ipse
1080 1785 1204 1851 viderit.
1247 1789 1276 1852 3.
1297 1785 1495 1870 Pompeiusss

143 1882 218 1947 mibi
247 1902 373 1967 quoque
405 1878 584 1949 videbatur,
623 1876 709 1961 quod
738 1875 849 1940 scribis
876 1882 1051 1943 Varronem
1074 1878 1193 1953 dicere,
1230 1877 1262 1942 in
1284 1877 1465 1962 Hispaniam

143 1987 229 2040 certe
251 1976 360 2040 iturus.
403 1972 436 2037 ld
468 1993 528 2055 ego
558 1971 685 2035 minime
714 1968 908 2055 probabam;
941 1971 995 2056 qui
1023 1971 1149 2056 quidem
1172 1970 1353 2056 Theophani
1375 1970 1465 2036 facile

65 2074 69 2084 '
143 2068 284 2154 persuasi
319 2065 394 2130 nihil
430 2086 498 2129 csse
534 2064 669 2137 melius,
706 2084 799 2148 quam
840 2062 928 2128 illum
966 2085 1117 2150 nusquam
1158 2064 1329 2129 discedere.
1379 2068 1464 2150 Ergo

144 2170 281 2229 Graecus
316 2157 483 2225 incumbet.
548 2159 639 2224 Valet
673 2167 776 2222 autem
813 2158 981 2222 auctoritas
1017 2160 1085 2223 eius
1124 2158 1208 2243 apud
1242 2157 1330 2223 illum
1367 2157 1466 2243 pluri-

143 2277 239 2321 mum.
295 2258 326 2318 t.
353 2258 421 2338 Ego
462 2252 518 2317 bas
549 2250 652 2337 pridie
685 2256 788 2315 Nonas
821 2252 944 2326 Quinet.
981 2252 1181 2337 proficiscens
1216 2250 1343 2316 Athenis
1375 2249 1501 2330 dodim

144 2371 214 2414 cum
236 2349 279 2413 ihi
310 2346 418 2412 decem
444 2346 530 2432 ipsos
560 2345 687 2409 fuissem
709 2342 786 2407 dies.
840 2349 976 2408 Venerat
995 2346 1210 2430 Pomptinius;
1241 2366 1303 2409 una
1326 2348 1380 2410 Cn.
1402 2349 1466 2411 Vo-

143 2443 256 2520 lusius;
278 2441 387 2506 aderat
407 2449 572 2526 quaestor:
601 2448 672 2502 tuus
702 2458 784 2501 unus
813 2437 934 2502 Tullius
961 2436 1081 2502 aberat.
1118 2438 1300 2521 ”Apparere
1328 2437 1467 2503 libodio·

142 2559 213 2601 rum
244 2544 275 2598 et
308 2541 442 2616 δίκροτα
476 2532 730 2620 Mytilenaeorum
766 2528 917 2594 habebam
954 2540 986 2595 et
1020 2529 1136 2617 aliquid
1175 2533 1354 2596 ἐπικῶπων.
1418 2535 1465 2595 Ile

143 2627 263 2693 Parthis
295 2640 361 2692 crat
391 2627 559 2692 silentium.
602 2625 694 2703 Quod
725 2634 884 2709 superest,
917 2622 959 2687 dii
989 2623 1109 2688 iuventl
1145 2629 1175 2688 5.
1198 2629 1261 2689 Nos
1282 2624 1383 2689 adhuc
1403 2623 1465 2688 iter

143 2742 200 2806 per
223 2722 382 2785 Graeciam
416 2742 536 2784 summa
563 2740 634 2784 cum
663 2717 870 2783 admiratione
892 2715 1037 2793 lecimus;
1068 2737 1126 2781 nec
1147 2716 1325 2782 mehercule
1347 2714 1497 2790 babeom

143 2814 226 2898 quod
249 2813 350 2878 adbuc
371 2835 464 2900 quem
486 2834 627 2878 accusem
649 2831 803 2877 meorum.
846 2810 999 2877 Videntur
1020 2810 1096 2875 mibi
1118 2832 1210 2876 nosse
1232 2831 1306 2882 nos,
1324 2819 1462 2875 nostram

143 2928 267 2971 eausam
301 2918 332 2971 et
364 2907 577 2971 condicionem
610 2903 814 2990 profectionis
844 2925 930 2970 suae.
994 2905 1090 2969 Plane
1125 2904 1266 2970 serviunt
1306 2902 1466 2967 existima-

143 3001 219 3067 tioni
250 3023 347 3066 meae.
399 3001 493 3079 Quod
520 3008 679 3085 superest,
707 3001 733 3062 si
764 3018 874 3063 rerum
904 2998 981 3064 illud
1007 3010 1071 3064 est:
1111 3005 1228 3084 οἵαπερ
1250 3001 1268 3077 ἧ
1293 3003 1465 3071 δέσποινα,

215 3223 240 3271 1.
254 3215 334 3272 ’Arm
353 3217 440 3270 κάτω.
479 3219 508 3268 st
525 3221 588 3284 quid
605 3225 657 3278 ert,
677 3224 713 3267 est
730 3218 759 3266 ὄπ
776 3216 879 3272 surio,
899 3219 971 3280 apud
989 3218 1164 3272 Terentius:
1183 3217 1246 3277 dvo
1264 3225 1344 3275 κάτω
1361 3227 1385 3275 ss'
1403 3226 1467 3290 pisid

144 3299 196 3351 est,
216 3297 253 3341 est
270 3294 299 3338 in
316 3291 422 3350 Aristo,
442 3291 514 3351 nprsd
533 3303 594 3339 cum
614 3287 731 3337 victorio
750 3288 788 3344 (et
801 3288 914 3337 sortasse
933 3288 967 3346 Y)
981 3288 1019 3349 ti,
1038 3303 1141 3341 sursum
1158 3295 1277 3344 deorsum
1294 3297 1318 3344 si
1335 3297 1398 3358 qnid
1416 3303 1465 3356 est,

143 3368 181 3411 est
199 3363 228 3409 irs
246 3362 352 3418 Aristo,
384 3360 456 3421 opud
475 3359 536 3418 ΧΖ,
565 3371 667 3408 sursum
684 3360 803 3407 deorsum
820 3359 844 3406 si
861 3358 963 3421 quidem
981 3365 1018 3407 est
1035 3362 1064 3408 in
1081 3364 1137 3410 nris
1155 3370 1184 3412 te
1200 3366 1272 3425 opud
1291 3364 1336 3423 11,
1361 3367 1464 3415 sornam

144 3433 262 3480 deorsum
279 3431 302 3478 si
320 3430 383 3492 pisid
406 3431 544 3479 extimaris
562 3436 591 3479 trs
609 3429 681 3490 opud
699 3440 753 3488 mg.
774 3428 822 3487 11,
841 3440 944 3477 sursum
966 3429 1101 3479 deorsum:
1127 3433 1253 3497 siquidem
1270 3437 1418 3484 aestimans
1437 3442 1467 3485 m

144 3502 215 3563 opud
235 3501 271 3558 li,
289 3512 392 3548 sursum
410 3500 529 3549 morsum
547 3499 672 3562 siquidem
690 3497 851 3547 existimeris
870 3505 899 3546 trs
917 3499 989 3560 opud
1007 3498 1030 3547 l.
1061 3524 1094 3536 -
1130 3501 1155 3550 3.
1175 3505 1284 3553 tenerem
1302 3504 1338 3552 z:
1357 3507 1467 3554 mmm

144 3585 185 3634 pr.
207 3570 243 3629 11,
264 3571 346 3618 iuncti
359 3569 393 3617 111
407 3575 433 3618 et
445 3582 515 3618 corr.
535 3569 572 3629 11,
586 3570 694 3618 inuicem
707 3566 780 3627 (eum
792 3566 857 3616 Cod.
872 3567 978 3616 liessar.
999 3574 1098 3618 etcum
1111 3569 1172 3626 XY,
1193 3579 1222 3622 ut
1232 3571 1348 3635 videtur)
1359 3575 1388 3624 li.
1410 3575 1464 3626 Cir.

145 3641 224 3690 llaud
244 3639 322 3688 Ture.
344 3638 378 3686 ll.
400 3652 426 3700 p.
446 3638 508 3687 ise.
532 3661 559 3671 -
596 3638 624 3686 t.
642 3634 750 3699 scribas]
769 3637 868 3686 scribes
886 3638 961 3686 eelim
981 3637 1137 3690 Lambinus.
1157 3642 1228 3691 Fert.
1248 3644 1349 3693 scribes.
1371 3643 1466 3695 Oa..-

144 3724 243 3775 puoqase
268 3716 381 3770 tempore
408 3708 575 3758 Cratander:
606 3721 707 3770 quoque
730 3704 843 3767 (omisso
868 3705 991 3769 ternpore)
1011 3708 1107 3757 blltlli.
1138 3733 1166 3743 -
1204 3713 1230 3762 5.
1258 3716 1373 3763 mame
1396 3714 1464 3765 ung

145 3781 300 3830 etmoxime
328 3779 373 3827 lli.
406 3804 435 3814 -
473 3778 500 3827 8.
520 3792 591 3828 mesre
616 3780 710 3826 totiens
735 3778 767 3826 11.
798 3799 825 3809 -
863 3777 987 3827 dedissem
1006 3778 1044 3829 11.
1073 3803 1105 3814 -
1148 3781 1175 3830 s.
1195 3779 1317 3844 dinero]
1336 3784 1466 3834 adversm

144 3852 182 3902 11.
204 3875 232 3886 -
272 3851 313 3898 10.
334 3850 467 3897 committo
485 3848 522 3897 11.
544 3873 574 3884 -
612 3849 654 3895 11.
672 3852 758 3909 potest
776 3860 831 3895 om·
851 3846 888 3895 11.
912 3869 938 3880 -
978 3847 1022 3896 11.
1041 3851 1160 3910 quamvis
1178 3851 1254 3899 1.-
1285 3853 1467 3916 13.soedede

145 3915 272 3974 Commii
291 3919 394 3967 sedendi
411 3931 494 3967 eomes
520 3917 594 3966 bllll.
644 3914 676 3975 (li
696 3916 814 3977 vestigiis
834 3916 918 3966 Codd.
939 3917 1093 3968 emendarit
1112 3915 1231 3980 bosius.)
1253 3946 1280 3956 -
1320 3922 1363 3972 ll.
1383 3937 1467 3987 pesse·

145 3989 275 4038 ritbtlil.
312 3985 750 4046 (emenuavtrt’anuuamusn-
786 3989 836 4036 erit
855 3986 876 4035 l.
898 4009 928 4022 -
966 3988 1181 4036 111111111-
1203 3991 1246 4040 15.
1266 4006 1370 4041 auom.
1391 3993 1465 4042 mm,

147 4059 284 4120 (Additum
308 4072 339 4108 ea
367 4058 408 4112 ld
436 4079 468 4090 -
505 4058 547 4106 17.
568 4059 667 4106 iturum
684 4056 716 4104 li.
737 4080 771 4088 —
807 4055 1091 4117 repercusserunt.
1122 4082 1156 4093 -
1181 4062 1261 4109 nichil
1279 4063 1315 4112 11.
1338 4086 1368 4097 -
1388 4077 1468 4126 quum

146 4130 218 4178 ilium
247 4142 374 4191 nusquam
401 4128 527 4177 discedere
546 4127 585 4175 V:
614 4140 693 4189 quom
719 4125 795 4174 itted.
814 4139 942 4189 nusquam
961 4141 1040 4191 quom
1057 4128 1131 4177 illum
1151 4129 1242 4193 (supra
1263 4145 1369 4182 versum
1388 4133 1466 4187 illudi

146 4213 272 4261 nmquam
290 4199 417 4248 discedere
435 4197 479 4254 11,
511 4211 589 4261 priam
607 4197 673 4245 iliud
690 4208 817 4257 nusquam
835 4195 909 4244 illum
927 4198 1053 4246 discedere
1071 4198 1124 4255 111,
1151 4215 1230 4264 quam
1247 4217 1375 4265 proquam
1392 4203 1467 4252 itium

146 4271 272 4317 discedere
296 4283 358 4317 eum
384 4267 499 4317 Grutero
529 4267 559 4316 E.
597 4267 713 4316 t‘lurbae
737 4272 812 4313 ortae
840 4272 902 4315 sunt
928 4280 943 4315 e
974 4267 1058 4315 trihus
1082 4271 1170 4319 verbis
1195 4271 1223 4320 in
1242 4271 1269 4321 11
1289 4269 1412 4334 iteratis.)
1432 4297 1466 4306 —

146 4341 191 4388 11.
219 4341 308 4400 [curet
331 4353 370 4401 pr.
391 4338 427 4388 bl·
457 4361 488 4372 -·
523 4332 588 4397 nno]
614 4350 676 4383 nam
696 4335 769 4383 Mitt.
807 4335 997 4390 {Emendatum
1016 4349 1047 4385 ea
1076 4334 1120 4399 Y.)
1141 4363 1172 4376 -
1209 4337 1256 4402 cn]
1277 4342 1308 4403 Q,
1347 4342 1466 4392 corrado

147 4415 258 4458 auctore
284 4409 440 4457 Lambinus.
485 4406 540 4456 Clr.
571 4405 785 4454 Onomasticum.
815 4430 841 4440 -
885 4405 999 4454 Vetusius
1029 4405 1050 4453 l.
1083 4429 1109 4439 -
1147 4418 1271 4472 quaestor
1290 4419 1358 4461 rum.
1397 4413 1467 4461 pm,

149 4479 247 4527 Tettius
267 4478 340 4527 hlltl.
373 4501 399 4510 -
438 4476 482 4525 11.
503 4471 653 4540 simperto]
680 4488 714 4536 pr
742 4481 803 4524 oeta
823 4474 865 4528 hl,
886 4477 948 4523 Acte
968 4476 1009 4532 n,
1033 4489 1089 4524 om.
1109 4477 1131 4525 1.
1154 4501 1184 4512 -
1220 4482 1357 4530 rodiorom
1376 4483 1411 4531 bl.
1436 4503 1463 4514 -

147 4550 191 4598 13.
207 4547 328 4618 δίκροτοι
342 4547 463 4596 Baiterus
482 4544 632 4602 (Onomast.
644 4544 694 4593 tlt.
710 4557 736 4605 p.
748 4543 824 4605 11.)ε
844 4545 945 4593 dicrota
965 4544 995 4603 li,
1014 4545 1149 4595 Dierotum
1166 4549 1292 4608 nimum.
1314 4553 1335 4600 1,
1357 4577 1385 4587 -
1406 4552 1467 4600 emt-

147 4619 276 4668 tuteorum
302 4618 343 4674 11,
367 4623 391 4667 et
417 4615 633 4677 Mitylenaeorum
659 4615 698 4674 li,
730 4621 754 4662 st
782 4613 961 4663 emiculeorum
989 4614 1010 4663 1.
1044 4638 1071 4648 -
1109 4615 1261 4669 incederes
1288 4621 1464 4677 Schuetziusz

148 4687 293 4738 ΕΙΙΙΧΟΝ
307 4685 369 4735 Atii
384 4685 445 4744 xv,
464 4683 608 4735 lillllittltl
629 4682 688 4734 Alii
705 4683 741 4738 Ζ,
770 4682 974 4734 ΕΠΙΚΟΝΔΕΙ
990 4684 1034 4743 11,
1054 4683 1157 4737 ἐπικὸν
1176 4685 1221 4737 δεῖ
1237 4688 1267 4737 li.
1288 4692 1355 4746 (om.
1378 4688 1412 4751 l.)
1435 4713 1464 4737 2-

148 4758 191 4806 nt.
205 4759 291 4806 iuvent
303 4769 361 4804 nos.
380 4755 468 4804 Adbuc
484 4754 521 4803 11.
546 4776 571 4786 -
593 4753 637 4802 16.
654 4754 722 4816 quod
740 4766 800 4810 om,
817 4753 839 4801 l.
860 4777 892 4785 —
910 4753 953 4802 18.
973 4749 1109 4825 οἳαπερὴ
1129 4760 1200 4809 tcum
1220 4757 1332 4808 Platone
1351 4761 1384 4809 de
1397 4761 1465 4823 liep.

149 4827 221 4877 Vlll.
242 4843 269 4891 p.
288 4825 339 4877 56³
359 4823 400 4881 C.)
420 4824 502 4874 Vetus
525 4824 662 4886 exemplar
682 4823 809 4872 Victorii:
837 4817 887 4872 οἷα
905 4818 929 4887 γ’
949 4820 1010 4885 (sic)
1029 4819 1048 4889 ἡ
1066 4838 1128 4875 cum
1149 4826 1265 4877 victorio
1286 4830 1323 4887 li,
1342 4845 1397 4880 om.
1418 4831 1465 4881 lil.
