3256 5400
176 200 239 265 282
602 194 877 262 nnlsronsntus
898 197 951 260 AD
972 197 1063 260 nnn.

174 354 289 430 rebus,
324 354 411 420 domi
432 353 545 438 togati,
580 352 692 419 armati
712 351 807 425 loris,
834 351 904 438 pari
925 351 1077 417 industria
1099 351 1309 417 administrari
1333 351 1496 437 gaudeam.

175 455 302 538 ltaque,
331 448 416 535 qnod
437 468 496 534 pro
524 446 738 514 meoiudicio
768 445 872 510 lacere
899 445 1003 530 potui,
1036 455 1072 511 ιιι
1100 445 1276 511 innocentia
1302 446 1497 531 consilioque

176 553 231 610 tuo
249 542 408 606 defensam
426 539 638 627 provinciam,
665 549 822 606 servatum
843 536 1062 605 Ariobarzanis
1080 560 1150 605 cnm
1172 539 1241 625 ipso
1259 559 1334 623 rege
1354 558 1496 622 regnum,

175 637 334 702 sociorum
356 643 533 700 revocatam
556 631 594 699 ad
614 633 776 699 studium'
766 631 894 719 imperii
917 632 1017 696 nostri
1033 632 1224 697 voluntatem
1247 635 1399 697 sententia
1427 654 1496 696 mea

152 738 207 794 set
225 728 351 794 decreto
375 726 552 800 laudarem,
589 726 660 792 leci.
702 730 733 791 2.
756 725 1021 812 supplicationem
1047 725 1268 800 decretumst
1295 734 1345 800 tn,
1383 748 1444 814 qua
1463 727 1497 790 in

175 842 211 886 re
232 821 310 886 nihil
328 819 459 886 fortuito
484 820 539 886 sed
558 840 678 885 summa
698 829 751 885 tna
777 819 898 886 ratione
927 829 958 885 et
979 819 1169 885 continentia
1190 821 1238 885 rei
1261 819 1405 906 publicae
1423 840 1496 905 pro·

175 915 277 980 visum
301 922 365 988 est,
402 913 450 979 dts
474 912 704 979 immortalibus
724 913 873 999 gratulari
895 934 952 979 nos
979 934 1072 1000 qnam
1099 913 1155 979 tibi
1184 914 1305 979 referre
1335 925 1496 1000 acceptum

175 1007 291 1080 mavis,
314 1007 446 1093 gaudeo.
490 1006 611 1085 Quodsi
631 1006 781 1093 triumphi
799 1007 1049 1092 praerogativam
1067 1017 1157 1093 putas
1179 1007 1436 1093 supplicationem
1466 1016 1497 1072 ct

175 1099 294 1167 idcirco
319 1121 425 1166 casnm
446 1101 551 1187 potins
576 1122 669 1187 qnam
694 1110 725 1166 te
752 1099 873 1166 landari
895 1099 1007 1175 mavis,
1044 1122 1146 1186 neque
1165 1100 1425 1186 supplicationem
1447 1121 1496 1165 se-

141 1215 167 1254 ιι
177 1194 284 1282 quitur
303 1215 428 1281 semper
447 1194 623 1280 triumphus
642 1204 674 1258 et
695 1193 854 1279 triumpho
872 1194 971 1258 multo
993 1194 1108 1259 clarius
1127 1205 1174 1259 est
1192 1202 1332 1259 senatum
1357 1194 1496 1259 iudicare

178 1288 283 1373 potius
308 1288 543 1353 mansuetudine
564 1296 596 1352 et
617 1286 792 1353 innocentia
814 1288 1013 1373 imperatoris
1033 1287 1227 1374 provinciam
1249 1308 1343 1373 quam
1364 1291 1395 1351 vi
1416 1286 1498 1351 mili·

179 1395 243 1447 tnm
270 1390 323 1447 ant
351 1381 539 1466 benignitate
570 1379 702 1447 deornm
732 1390 884 1446 retentam
918 1390 1011 1467 atque
1038 1390 1253 1447 conservatam
1278 1400 1374 1458 esse;
1410 1378 1497 1465 qnod

177 1495 237 1560 ego
259 1497 328 1540 mea
352 1476 503 1541 sententia
531 1474 706 1540 censebam.
763 1481 793 1542 3.
821 1481 922 1563 Atque
944 1475 1021 1541 baec
1047 1496 1106 1560 ego
1127 1474 1247 1540 idcirco
1271 1472 1310 1538 ad
1332 1482 1362 1538 te
1388 1481 1497 1538 contra

177 1569 434 1635 cousuetudinem
453 1590 555 1634 meam
577 1568 720 1656 pluribus
738 1569 867 1656 scripsi,
888 1579 938 1643 ut,
961 1569 1046 1656 qnod
1064 1568 1200 1634 maxime
1220 1568 1314 1642 volo,
1338 1567 1496 1632 existimes

145 1681 169 1721 ιι
179 1683 228 1728 me
248 1662 409 1739 laborare,
439 1673 474 1728 nt
501 1661 557 1728 tibi
581 1663 785 1750 persuadeam
802 1685 853 1729 me
875 1673 907 1728 et
927 1664 1063 1728 voluisse
1084 1663 1124 1728 de
1143 1671 1196 1729 tna
1212 1663 1389 1736 maiestate,
1412 1660 1496 1746 qnod

178 1756 479 1841 amplissimum·s1m
501 1755 687 1830 arbitratus,
722 1767 768 1831 et,
796 1756 881 1844 qnod
901 1767 934 1822 tu
953 1757 1103 1833 maluisti,
1126 1756 1241 1822 lactum
1263 1775 1332 1820 esse
1349 1753 1495 1839 gaudere.

179 1849 253 1913 Vale
284 1859 316 1915 et
341 1871 399 1915 nos
421 1849 516 1934 dilige
537 1858 569 1915 ct
594 1850 736 1916 instituto
761 1851 875 1915 itinere
902 1851 1102 1916 severitatem
1129 1838 1383 1935 diligentiamque
1404 1847 1496 1913 sociis

177 1952 209 2008 et
230 1942 442 2031 reipublicae
464 1952 597 2030 praesta.

656 2086 703 2148 ιι.
746 2082 797 2164 (a.
822 2085 855 2149 ιι.
877 2086 908 2149 c.
930 2087 1019 2166 ros.)

140 2238 168 2277 ss
556 2211 597 2274 M.
620 2207 762 2273 CICERO
785 2208 818 2272 S.
837 2210 875 2271 Ι).
897 2210 938 2272 Μ.
960 2209 1113 2273 CATONI.
1192 2278 1196 2283 ,

262 2325 291 2386 ι.
323 2325 434 2386 Lectus
460 2340 528 2384 sum
551 2320 674 2383 tauma-t
699 2339 758 2392 me,
790 2318 892 2404 inquit
918 2322 1052 2392 Hector,
1083 2318 1200 2404 opinor
1220 2318 1302 2404 apud
1330 2317 1495 2394 Naeuium,

176 2415 229 2478 ebs
250 2426 296 2490 te,
316 2426 421 2498 pater,
448 2437 469 2478 a
490 2416 611 2478 laudm
630 2415 707 2477 uiro.
751 2416 796 2476 Ea
818 2424 866 2476 est
886 2411 968 2476 enim
989 2411 1132 2497 prolecto
1153 2412 1288 2477 iucunda
1310 2413 1393 2487 lans,
1415 2434 1497 2500 quae

176 2505 216 2572 ab
237 2507 277 2572 iis
305 2508 529 2595 proficiscitur,
561 2506 615 2593 qui
636 2505 697 2592 ipsi
717 2505 750 2570 in
771 2505 864 2570 lande
892 2505 1050 2571 vixerunt.
1103 2510 1171 2591 Ego
1192 2527 1270 2572 vero
1291 2506 1341 2573 vel
1363 2508 1498 2592 gratula-

177 2599 262 2665 tione
282 2600 457 2666 litterarnm
478 2610 603 2666 tuarum
625 2598 675 2664 vel
697 2599 883 2664 testimoniis
904 2599 1074 2664 sentcntiae
1098 2599 1198 2665 dictae
1219 2599 1296 2665 nibil
1317 2611 1377 2675 est,
1411 2599 1497 2687 qnod

141 2714 228 2761 mme
249 2713 314 2759 non
332 2703 510 2759 assecutum
532 2702 648 2778 putem.
695 2692 794 2779 ldque
814 2691 892 2757 mihi
913 2711 984 2758 cnm
1006 2693 1247 2778 amplissimum,
1270 2702 1336 2760 tum
1357 2694 1496 2780 gratissi·

178 2808 263 2852 sunm
285 2796 351 2861 est,
373 2797 405 2852 te
425 2785 559 2851 libenter
580 2785 733 2851 amicitiae
755 2785 887 2859 dedisse,
909 2785 995 2872 qnod
1015 2786 1136 2873 liquido
1156 2787 1280 2854 veritafi
1301 2788 1402 2853 dares.
1447 2791 1495 2861 Et,

178 2879 205 2945 si
226 2902 289 2946 non
311 2880 406 2947 modo
428 2900 553 2954 omnes,
589 2901 700 2945 verum
727 2880 821 2944 etiam
842 2879 933 2944 multi
955 2882 1086 2945 Catones
1108 2891 1213 2946 essent
1234 2881 1265 2946 in
1294 2881 1418 2946 civitate
1438 2900 1496 2944 no-

177 2980 255 3047 stra,
288 2978 321 3039 in
342 2995 403 3060 qna
424 2995 522 3039 unum
544 2973 698 3040 exstitisse
719 2972 863 3038 mirabile
885 2981 951 3047 est,
980 2994 1073 3058 quem
1097 2994 1157 3059 ego
1178 2995 1306 3040 currum
1327 2984 1380 3039 ant
1400 2994 1496 3060 qnam

177 3066 318 3131 lauream
346 3089 415 3133 eum
445 3078 499 3134 tna
525 3066 704 3133 laudatione
735 3066 935 3133 conferrem?
964 3070 1040 3131 Nam
1070 3066 1110 3132 ad
1131 3087 1235 3132 meum
1256 3089 1381 3133 sensnm
1403 3077 1435 3132 et
1455 3066 1496 3132 ad

141 3159 254 3227 seillnd
275 3161 431 3227 sincerum
453 3183 489 3227 ac
510 3161 624 3228 subtile
644 3159 794 3226 indicium
826 3159 902 3225 nibil
923 3168 1026 3245 potest
1047 3181 1116 3225 esse
1136 3159 1323 3227 laudabilius
1344 3182 1436 3248 ῳιιιιι
1459 3182 1496 3226 ea

177 3264 231 3320 tna
252 3255 367 3329 oratio,
404 3276 485 3341 qnae
507 3264 554 3320 est
575 3254 614 3320 ad
635 3275 686 3320 me
706 3253 881 3340 perscripta
902 3275 920 3318 a
942 3253 1020 3318 meis
1041 3255 1234 3320 necessariis.
1288 3260 1319 3321 2.
1341 3255 1403 3321 Sed
1423 3275 1496 3320 can-

178 3367 244 3411 sam
264 3370 352 3413 meae
374 3348 560 3423 voluntatis,
593 3347 761 3414 nonenim
784 3346 884 3411 dicam
906 3346 1097 3432 cupiditatis,
1120 3349 1252 3435 exposui
1276 3348 1332 3414 tibi
1353 3352 1495 3434 superio-

177 3438 266 3506 ribus
286 3443 417 3520 litteris;
453 3463 534 3527 qnae
555 3441 677 3507 etiamsi
697 3461 807 3527 parum
828 3442 910 3505 insta
930 3438 987 3504 tibi
1008 3439 1074 3505 visa
1096 3451 1156 3513 est,
1187 3441 1266 3507 hanc
1283 3452 1387 3506 tamen
1402 3441 1496 3506 habet
1600 3500 1603 3507 .

177 3533 348 3608 rationem,
370 3557 432 3601 non
460 3544 497 3602 ιιι
524 3535 617 3600 nimis
638 3532 903 3621 concupiscendus
924 3533 1044 3610 honos,
1067 3535 1122 3600 sed
1144 3543 1264 3611 tamen,
1287 3537 1313 3601 si
1336 3537 1497 3602 deferetur

143 3647 197 3693 ssa
218 3635 346 3702 senatu,
379 3628 506 3694 minime
528 3628 739 3714 aspernandus
760 3649 828 3693 esse
850 3627 1004 3693 videatur.
1055 3633 1155 3714 Spero
1176 3639 1280 3695 autem
1302 3630 1388 3695 illum
1410 3629 1497 3695 ordi-

178 3740 250 3785 nem
284 3741 344 3806 pro
370 3724 447 3787 meis
469 3721 511 3787 ob
538 3744 606 3787 rem
633 3720 789 3807 publicam
817 3722 968 3806 susceptis
989 3720 1151 3795 laboribus
1172 3744 1223 3787 me
1245 3745 1307 3789 non
1331 3722 1495 3808 indignum

178 3814 315 3890 bonore,
348 3817 462 3882 usitato
484 3816 687 3925 praesertim,
721 3815 981 3880 existimaturum.
1040 3816 1180 3894 Qnod‘
1155 3839 1182 3881 ss
1204 3818 1245 3884 ita
1266 3817 1347 3891 erit,
1375 3825 1496 3881 mutum

178 3928 219 3974 ex
240 3918 271 3974 te
291 3918 385 3994 peto,
407 3910 493 3997 qnod
514 3909 698 3975 amicissime
719 3907 844 3982 scribis,
866 3917 915 3984 ιιι,
938 3930 1008 3974 cum
1031 3918 1085 3975 tuo
1107 3909 1242 4003 iqdicio,
1264 3910 1349 3998 quod
1370 3910 1497 3995 amplis·

178 4001 290 4067 simum
312 4024 380 4068 esse
402 4003 580 4076 arbitraris,
615 4003 692 4067 mibi
712 4001 877 4077 tribueris,
910 4003 937 4067 si
958 4002 1006 4077 id,
1039 3982 1136 4112 qnpd
1147 4005 1304 4079 maluero,
1327 4004 1494 4076 acciderit,

141 4095 323 4181 segandeas.
367 4098 417 4162 Sic
439 4099 522 4162 euim
543 4096 654 4162 iecisse
676 4106 707 4162 tc
729 4107 760 4161 et
781 4095 914 4161 sensisse
936 4105 967 4161 ct
986 4096 1148 4182 scripsisse
1163 4097 1276 4175 rideo;
1300 4119 1413 4183 resque
1428 4097 1496 4182 ipsa

178 4188 314 4255 declarat
342 4190 398 4257 tibi
427 4191 512 4256 illum
547 4190 700 4256 honorem
735 4201 877 4255 nostrum
908 4189 1142 4275 supplicationis
1177 4191 1348 4256 iucundum
1380 4188 1494 4261 luisse,

178 4282 263 4369 qnod
294 4283 459 4350 scribendo
487 4284 623 4350 adfuisti.
674 4288 759 4350 Haec
790 4283 873 4349 enim
902 4292 1026 4348 senatus
1055 4284 1193 4350 consulta
1224 4306 1287 4349 uon
1314 4285 1426 4368 ignoro
1454 4282 1495 4348 ab

178 4375 372 4442 amicissimis
394 4378 477 4454 eins,
500 4378 587 4444 cuius
608 4378 648 4443 de
669 4378 790 4443 bonore
812 4377 933 4461 agitur,
955 4375 1051 4442 scribi
1066 4378 1178 4444 solere.
1222 4382 1312 4462 Ego,
1334 4387 1369 4442 nt
1389 4397 1494 4462 spero,

178 4476 210 4534 to
231 4471 413 4555 propediem
435 4470 567 4546 videbo,
588 4482 681 4559 atque
703 4472 820 4536 utinam
843 4468 1023 4557 republica
1045 4470 1193 4547 meliore,
1216 4492 1311 4558 qnam
1332 4470 1442 4534 timent
1522 4550 1526 4557 Ι

247 4678 271 4729 9.
288 4692 350 4730 coss
367 4681 404 4731 Μ.
424 4674 458 4717 -’
495 4682 537 4732 lt).
556 4682 654 4732 elector
671 4696 710 4745 pr.
730 4682 767 4733 bl.
789 4706 819 4717 -
838 4681 882 4730 23.
902 4680 941 4728 bis
959 4679 996 4728 Μ.
1018 4705 1046 4714 -
1067 4681 1110 4728 at.
1130 4687 1158 4730 ut
1177 4682 1262 4729 missus
1279 4679 1317 4730 bl.
1336 4703 1371 4714 -·
1389 4679 1433 4729 stt.
1453 4693 1495 4728 uc·

180 4747 272 4799 ussus
290 4749 338 4800 st:
356 4752 451 4801 uces'ds‘t
471 4751 500 4801 ll.
523 4777 551 4789 -
590 4751 634 4802 tt).
654 4754 783 4814 scripsisse
800 4751 846 4801 ld:
864 4753 950 4799 certus
967 4751 1097 4812 scripsisse
1117 4749 1146 4799 Ιι.
