3256 5400
675 1049 825 1151 ultrum
854 1050 886 1109 1.

609 1347 634 1408 1.
678 1343 785 1443 (aqu
810 1347 841 1409 c.
864 1345 949 1428 coa.)

481 1500 483 1503 -
559 1469 713 1532 uinces
737 1468 776 1543 o.
798 1470 939 1533 rnnrru
962 1471 994 1533 s.

120 1606 143 1669 1.
166 1604 193 1665 l.
217 1579 298 1665 Etsi
320 1617 383 1662 nou
408 1594 603 1670 dubitabam,
626 1597 702 1683 quin
721 1596 799 1661 hanc
820 1599 982 1683 epistolam
1005 1598 1095 1665 multi
1117 1601 1231 1676 nuntii,
1255 1601 1336 1668 lama
1356 1604 1444 1670 deni·

120 1715 181 1780 que
206 1702 287 1758 esset
316 1696 382 1776 ipsa
411 1711 468 1754 sua
496 1691 653 1756 celeritate
679 1700 863 1775 superatura
893 1702 988 1778 tuque
1018 1705 1088 1759 ante
1120 1694 1160 1759 ab
1188 1695 1257 1761 aliis
1280 1698 1443 1764 auditurus

120 1807 204 1852 esses
226 1805 340 1850 aunum
371 1786 498 1850 tertium
530 1787 696 1849 accessisse
729 1784 886 1851 desiderio
920 1796 1029 1852 nostro
1055 1799 1087 1853 et
1113 1788 1215 1856 labori
1237 1800 1306 1864 tuo.
1339 1801 1466 1867 tamen5

120 1880 296 1946 existimavi
317 1900 334 1942 a
356 1900 406 1942 me
428 1900 554 1965 quoque
582 1878 638 1943 tibi
660 1878 751 1943 huius
778 1880 939 1944 molestiae
961 1883 1103 1946 nuntium
1125 1883 1261 1970 perferri
1283 1895 1442 1971 oportere.

119 1980 195 2039 llam
217 1971 432 2059 superioribus
462 1973 586 2046 litteris,
621 1994 683 2037 non
712 1971 797 2044 unis,
831 1973 887 2037 sed
918 1973 1079 2058 pluribus,
1110 1997 1181 2042 curn
1211 1978 1273 2042 iam
1305 1978 1346 2044 ab
1375 1980 1444 2046 aliis

120 2069 281 2154 desperata
303 2087 354 2130 res
380 2076 477 2140 esset,
500 2076 603 2131 tamen
624 2065 681 2131 tibi
705 2086 765 2150 ego
787 2086 873 2151 spem
891 2077 1031 2131 maturae
1052 2068 1241 2136 decessionis
1256 2073 1442 2153 alierebam3

119 2184 182 2226 non
215 2161 331 2236 solum,
366 2168 401 2224 ut
432 2182 525 2246 quam
555 2159 726 2224 diutissime
756 2167 785 2223 te
814 2160 949 2224 iucunda
971 2162 1120 2247 opinione
1143 2162 1349 2242 oblectarem,
1386 2168 1443 2234 sed

120 2256 212 2320 etiam
234 2254 308 2341 quia
330 2262 414 2318 tanta
434 2251 641 2318 adhibebatur
670 2261 700 2316 et
734 2274 750 2316 a
777 2253 869 2316 nobis
892 2263 922 2317 et
945 2275 962 2317 a
984 2256 1182 2340 praetoribus
1199 2262 1374 2333 contentio,
1408 2272 1481 2333 usn

119 2370 187 2414 rem
209 2368 301 2434 posse
323 2346 433 2411 conlisi
462 2367 524 2412 non
547 2346 729 2411 diffiderem.
788 2350 818 2410 2.
846 2352 933 2411 Nunc
951 2353 1098 2434 quoniam
1119 2350 1161 2414 ita
1184 2353 1310 2429 accidit,
1333 2366 1367 2420 ut
1388 2377 1444 2419 ne·

120 2464 181 2529 que
200 2450 362 2529 praetores
387 2440 453 2505 suis
475 2439 588 2526 opibus
615 2461 716 2526 neque
742 2461 800 2504 nos
832 2451 941 2505 nostro
971 2442 1075 2507 studio
1099 2444 1268 2531 quidquam
1289 2447 1443 2531 prolicere

119 2556 296 2622 possemus,
320 2544 366 2599 est
388 2534 516 2599 omnino
538 2534 661 2598 difficile
684 2555 745 2598 non
767 2534 905 2617 graviter
926 2534 959 2598 id
981 2534 1083 2614 lerre;
1114 2537 1169 2601 sed
1192 2547 1294 2604 tamen
1317 2552 1444 2608 nostros

120 2635 239 2694 animos
264 2629 408 2693 maximis
430 2629 461 2692 in
483 2626 578 2692 rebus
599 2637 630 2691 et
648 2627 793 2711 gerendis
813 2636 844 2691 et
864 2628 1054 2693 sustinendis
1077 2632 1266 2696 exercitatos
1289 2632 1390 2719 frangi
1412 2645 1443 2701 et

120 2723 273 2789 debilitari
295 2722 435 2787 molestia
463 2742 527 2787 non
556 2730 690 2806 oportet.
745 2725 782 2785 Et
804 2721 951 2807 quoniam
979 2743 1015 2785 ea
1038 2723 1256 2789 molestissime
1281 2726 1365 2791 lerre
1387 2730 1482 2797 lio-rs

120 2817 218 2881 mines
240 2814 373 2889 debent,
403 2837 483 2902 quae
512 2816 652 2901 ipsorum
680 2814 771 2899 culpa
799 2823 956 2879 contracta
982 2825 1069 2889 sunt,
1092 2827 1138 2881 est
1160 2818 1307 2904 quiddam
1331 2828 1363 2887 in
1385 2823 1444 2888 hac

120 2932 156 2977 re
178 2910 253 2975 milri
275 2910 436 2975 molestius
456 2906 618 2975 serendum
641 2930 734 2994 quam
764 2906 829 2972 tibi.
887 2912 1011 2974 Factum
1043 2919 1090 2974 est
1122 2912 1205 2977 enirn
1232 2935 1302 2978 mea
1336 2915 1443 3002 culpa,

120 3015 227 3069 contra
253 3025 346 3090 quam
375 3013 408 3068 tu
428 3024 549 3068 mecum
578 3012 608 3067 et
634 3001 833 3089 proficiscens
857 3010 887 3066 et
910 3023 968 3088 per
990 3003 1109 3068 litteras
1133 3025 1257 3089 egeras,
1280 3018 1315 3074 ut
1335 3010 1444 3095 priore

121 3119 203 3162 anno
225 3119 287 3163 non
313 3095 543 3162 succederetur.
592 3094 685 3172 Quod
707 3114 780 3178 ego.
804 3093 878 3158 dum
899 3095 991 3159 saluti
1013 3097 1173 3161 sociorum
1199 3102 1345 3175 wodilo,
1369 3102 1443 3168 dum

121 3191 330 3278 impudentiae
364 3190 585 3255 nonnullorum
613 3193 840 3272 negotiatorum
868 3189 996 3261 resisto,
1029 3188 1104 3254 dum
1138 3201 1277 3257 nostram
1309 3195 1441 3278 gloriam
1453 3223 1482 3263 eo

122 3293 172 3350 tua
198 3286 313 3351 virtute
340 3284 447 3369 augeri
472 3291 605 3368 expeto,
641 3280 701 3345 leci
727 3302 789 3345 non
811 3280 983 3365 sapienter;
1006 3285 1191 3367 praesertim
1213 3307 1283 3352 cum
1306 3288 1339 3352 id
1358 3310 1444 3353 com·

121 3379 277 3453 miserim,
309 3387 344 3443 ut
365 3378 417 3442 ille
446 3377 525 3441 alter
553 3396 652 3440 annus
682 3375 775 3440 etiarn
802 3373 928 3438 tertium
955 3386 1061 3461 posset
1083 3376 1251 3443 adducere.
1295 3385 1324 3444 3.
1349 3380 1442 3458 Quod

121 3473 267 3560 quoniam
295 3481 454 3558 peccatum
477 3490 581 3533 meum
604 3489 672 3532 esse
697 3466 868 3540 confiteor,
899 3477 945 3531 est
967 3469 1138 3555 sapientiae
1158 3482 1252 3558 atque
1270 3473 1445 3538 humanita-

122 3569 160 3633 tis
187 3577 272 3640 tuae,
305 3586 416 3630 curare
447 3574 478 3628 et
506 3561 674 3648 perficere,
708 3570 742 3626 ut
764 3560 824 3625 hoc
852 3561 956 3625 minus
984 3564 1142 3648 sapienter
1169 3587 1258 3639 ame
1280 3568 1442 3652 provisum

121 3660 280 3743 diligentia
302 3669 354 3725 tua
376 3663 561 3743 corrigatur.
616 3661 660 3721 Ac
689 3654 714 3719 si
746 3664 774 3719 te
804 3655 871 3740 ipse
893 3655 1106 3722 vehementius
1134 3657 1173 3722 ad
1203 3680 1313 3724 omnes
1339 3670 1482 3746 parteses

122 3752 202 3818 bene
223 3752 369 3818 audiendi
390 3752 552 3823 excitaris,
585 3771 649 3816 non
670 3759 705 3814 ut
735 3770 805 3812 cum
827 3748 914 3822 aliis,
950 3748 1004 3813 sed
1026 3761 1060 3814 ut
1081 3760 1183 3816 tecum
1206 3753 1267 3818 iarn
1289 3754 1356 3840 ipse
1376 3775 1445 3819 cer·

122 3856 183 3926 tes;
212 3848 238 3913 si
260 3867 384 3912 omnem
418 3856 501 3911 tuam
524 3853 675 3914 mentem.
713 3863 836 3913 curam,
868 3842 1087 3926 cogitationem
1121 3846 1160 3910 ad
1182 3847 1387 3911 excellentem
1409 3847 1442 3913 in

122 3940 266 4006 omnibus
287 3940 383 4005 rebus
404 3939 503 4005 laudis
532 3937 732 4024 cupiditatem
754 3936 907 4000 incitaris:
937 3936 1144 4013 mihicrede,
1167 3961 1248 4004 unus
1269 3961 1369 4004 annus
1391 3940 1445 4006 ad·

122 4033 204 4098 ditus
226 4033 326 4099 labori
352 4043 406 4098 tuo
432 4034 601 4098 multorum
624 4050 777 4095 annorum
806 4028 954 4093 laetitiam
980 4028 1088 4105 nobis,
1119 4032 1216 4097 immo
1243 4054 1322 4098 vero
1350 4034 1444 4098 etiam

121 4128 255 4212 posteris
284 4127 399 4194 nostris
421 4126 540 4194 afferet.
595 4130 625 4190 l.
661 4128 862 4209 Quapropter
883 4123 943 4187 hoc
970 4133 1000 4187 te
1022 4125 1159 4210 primum
1185 4146 1286 4210 rogo,
1310 4148 1349 4191 ne
1372 4148 1484 4196 con-so

190 4348 216 4396 3.
236 4344 353 4411 denique]
373 4346 427 4397 Clr·
447 4347 627 4397 Bentirolium
646 4346 679 4394 ad
699 4345 725 4394 lr.
744 4343 763 4392 Ι.
784 4348 810 4392 et
828 4341 907 4391 lland
926 4341 1004 4391 Ture.
1026 4341 1062 4392 ll.
1084 4357 1110 4405 p.
1130 4343 1193 4394 268.
1215 4370 1248 4382 ·-
1284 4347 1311 4398 8.
1332 4349 1382 4399 etot
1400 4363 1448 4416 eqo

121 4416 190 4466 tsst:
222 4432 268 4481 ego
286 4418 334 4467 tibi
352 4418 396 4466 lll.
427 4441 457 4453 -
494 4416 536 4467 ld.
556 4424 580 4466 et
598 4416 788 4482 qerendlsom.
817 4412 839 4461 l.
869 4436 899 4447 -
935 4413 978 4462 15.
1004 4413 1037 4462 lit
1065 4426 1119 4462 om.
1147 4413 1221 4466 Mill.
1251 4441 1281 4453 -
1320 4419 1363 4468 to.
1390 4423 1446 4484 qut·

121 4487 179 4535 dem
197 4488 218 4537 l.
249 4511 279 4522 -
317 4488 358 4537 19.
377 4489 458 4537 soluti
475 4489 603 4537 sociorum
621 4487 690 4537 titt:
719 4488 848 4534 sociorum
865 4482 946 4531 soluti
964 4482 1006 4532 lll.
1036 4507 1064 4518 -
1103 4483 1146 4532 2⁰.
1165 4488 1358 4548 tmpmdenta'oe
1376 4490 1397 4538 l.
1414 4516 1442 4528 .-

121 4556 167 4605 21.
197 4558 318 4619 expedito
340 4572 381 4621 pr.
412 4559 458 4614 Μ,
487 4565 592 4620 eapecto
619 4571 690 4607 corr.
717 4555 754 4605 Μ.
784 4579 810 4590 -
849 4552 893 4603 25.
913 4559 937 4601 te
955 4566 1010 4602 om.
1034 4554 1056 4602 l.
1084 4578 1118 4587 -
1153 4555 1197 4605 26.
1217 4559 1275 4619 ipso
1293 4559 1444 4609 Schtltzius.

122 4625 178 4676 Clr.
198 4627 321 4676 Wunder
338 4627 369 4676 V.
390 4627 420 4678 l..
440 4643 466 4691 p.
487 4627 605 4677 LXXXl.
634 4653 662 4664 -
701 4625 745 4675 27.
766 4631 790 4673 et
808 4623 970 4672 excellentem
989 4623 1027 4682 u,
1050 4624 1086 4673 ad
1104 4625 1281 4677 eccellenttom
1301 4630 1330 4690 l,
1350 4631 1386 4678 od
1403 4645 1446 4680 ea·

122 4697 236 4746 cellentt'e
255 4698 403 4747 Ernestius.
430 4723 464 4732 -
498 4700 527 4746 in
545 4697 663 4747 omnibus
680 4696 750 4746 MR:
776 4692 894 4741 omnimo
911 4694 940 4740 ln
959 4692 1003 4742 lli.
1030 4719 1062 4729 —
1098 4693 1142 4742 28.
1163 4695 1292 4760 tantoris]
1311 4702 1339 4746 ln
1357 4703 1448 4751 ceteris

123 4780 164 4829 pr.
185 4767 222 4816 Μ.
251 4794 279 4804 -
317 4768 362 4818 29.
380 4767 456 4817 nolle
472 4769 552 4816 immo
569 4780 631 4817 cero
648 4769 728 4816 etlam
745 4764 768 4812 ll
786 4768 812 4812 et
831 4775 871 4825 pr·
891 4762 935 4812 M:
963 4763 1054 4825 nolu,
1073 4764 1187 4828 gloriam
1205 4781 1266 4818 cero
1284 4771 1363 4819 etlam
1383 4771 1403 4821 ll
1421 4777 1447 4822 et

123 4849 180 4898 mg.
200 4836 246 4898 M,
265 4838 341 4888 oolla
359 4837 570 4903 glomerantium
590 4837 610 4884 1.
