3256 5400
186 231 237 283 11

186 375 253 445 boc
266 375 348 442 vitio
364 376 522 442 lmmunes
535 375 629 460 sunt,
651 376 746 441 velut
768 376 925 462 quattuor
938 374 1087 443 Medicei
1103 373 1509 460 procuraremus,

188 482 242 567 qui
271 479 335 546 fuit
364 479 534 546 Laurentll
562 476 728 569 Mcdlcei,
761 483 932 548 correctus
959 481 1063 569 igitur
1084 481 1119 545 in
1139 479 1203 547 hoc
1228 481 1271 547 ab
1293 482 1366 546 elus
1387 481 1510 552 amlcuo

185 583 371 672 Politiano,
391 586 459 648 tum
480 579 673 669 x1.x111.,
700 601 782 650 sane
802 583 980 650 tenendum
1003 587 1066 650 erlt
1087 585 1242 651 librarios
1260 584 1511 651 recentissimos

186 709 335 778 quosque
356 690 414 754 aut
436 706 479 753 ex
502 689 574 773 ipsu
596 688 654 753 illo
676 685 832 754 Politiani
854 692 1052 777 praecepto,
1075 688 1165 776 quod
1185 689 1291 755 refert
1313 687 1509 776 Bandlnius,

185 813 299 861 verum
323 792 469 859 ordinem
490 795 740 860 restituisse-
760 812 835 860 nam
858 795 1083 862 exarabantur
1104 793 1186 862 cdd.
1208 796 1307 862 etlam
1328 795 1440 861 Latini
1454 794 1511 862 vel

185 902 263 986 post
284 900 452 964 inventam
473 897 732 988 typographiam
753 916 858 984 usquo
880 898 923 964 ad
945 918 1064 967 annum
1080 903 1216 969 circiter
1235 899 1285 967 ila
1300 899 1341 966 i).
1348 920 1359 987 3
1381 904 1429 967 utl
1444 920 1511 967 nu-

184 1006 291 1071 vimus
312 1002 372 1070 cd.
387 1002 695 1069 Mearmannianum
717 1001 831 1068 barum
853 1002 941 1090 Epp.
956 1000 1034 1073 Sec.
1050 1004 1164 1094 XVI,
1192 1006 1354 1073 Iustlnum
1378 1003 1511 1072 Gotlrac

183 1110 393 1175 asservatum
414 1108 493 1174 anni
514 1102 842 1192 mccccxcw„
863 1108 972 1177 'Iaclti
993 1109 1201 1178 Germaniam
1224 1107 1306 1179 Cod.
1320 1108 1429 1176 'Iuric
1445 1111 1510 1176 cet.

184 1217 321 1301 -aut,
345 1210 378 1276 ld
401 1209 491 1298 quod
511 1212 607 1277 nimis
627 1210 762 1279 difficile
783 1231 852 1277 non
873 1216 962 1301 erat,
992 1215 1085 1301 ipsos
1107 1214 1245 1283 eandem
1267 1217 1301 1281 in
1324 1215 1511 1282 correctlo-

183 1336 258 1385 nem
286 1316 443 1385 incidisse
470 1319 660 1386 accuratius
686 1321 848 1404 iuspectia
874 1321 965 1385 notis
995 1320 1247 1405 quaternionum
1269 1318 1329 1386 ed.
1345 1317 1510 1407 Medicel3

184 1422 335 1508 plerique
356 1427 442 1491 enlm
462 1425 499 1491 in
519 1425 593 1510 ipsa
614 1424 810 1491 Florentiae
831 1427 914 1494 urbe
934 1425 1052 1510 scripti
1073 1424 1239 1492 uldentur.
1281 1423 1385 1492 Nemo
1400 1426 1511 1490 autem

184 1545 289 1594 sanus
311 1547 371 1596 eos
390 1529 484 1616 lpsos
505 1524 665 1617 Codlccs,
693 1532 748 1615 qul
771 1532 926 1597 omittunt
947 1529 1019 1597 Lib.
1033 1529 1146 1619 VIII,
1176 1549 1217 1597 ex
1240 1531 1306 1596 allo
1329 1530 1424 1595 sonte
1445 1526 1512 1593 tiu-

184 1636 278 1702 xlsse
299 1635 491 1719 contendet3
527 1653 599 1702 cum
627 1636 724 1701 nimls
752 1635 961 1723 manifestum
983 1636 1028 1701 stt
1049 1637 1137 1703 tales
1158 1634 1383 1702 tantummodo
1406 1635 1449 1702 ab
1471 1636 1512 1700 iis

186 1744 222 1805 et
244 1742 402 1806 exaratos
425 1740 459 1806 et
481 1740 650 1825 expetitus
672 1757 764 1824 esse,
792 1738 846 1824 qui
868 1733 993 1806 Secula
1014 1738 1091 1807 XV.
1113 1742 1169 1806 vel
1191 1740 1298 1807 falsae
1321 1741 1511 1829 elegantiae

186 1841 315 1932 studio,
335 1845 392 1912 vel
414 1846 615 1931 parsimonia
638 1842 794 1930 quedam,
816 1847 852 1910 nt
866 1844 919 1935 iit,
941 1850 1056 1933 spreta
1077 1847 1232 1936 ambigua
1253 1841 1357 1915 Caelii
1379 1844 1512 1912 Latini-

139 2024 145 2037 ,
185 1952 258 2016 tate
284 1951 435 2018 contenti
464 1953 578 2017 essent
604 1952 702 2015 unius
723 1943 896 2017 Ciceronis
916 1950 1077 2036 epistolis.
1120 1948 1185 2032 Qui
1206 1954 1318 2017 autem
1340 1951 1435 2015 nimis
1457 1951 1512 2014 ln-

186 2054 278 2121 lirmo
299 2057 365 2122 isto
387 2059 584 2145 argumento
606 2055 697 2122 abuti
720 2054 830 2145 votet,
852 2057 996 2142 ispurro
1012 2053 1240 2121 demonstrare
1261 2053 1413 2140 debebit,
1434 2071 1468 2116 v.
1483 2069 1511 2118 c.

184 2159 392 2246 Lipsiensem
415 2177 457 2228 ac
478 2161 723 2246 Basileensem,
744 2162 918 2247 utrumque
940 2161 1065 2248 peloris
1087 2162 1188 2227 notae
1208 2158 1311 2246 Mas,
1333 2159 1457 2227 ceteris
1477 2160 1513 2222 in

184 2266 278 2333 libris
299 2266 467 2352 propriam
489 2265 630 2352 aliquam
647 2269 681 2331 et
695 2281 787 2331 suam
801 2266 989 2332 monstrare
1001 2265 1162 2352 indolem,
1184 2266 1351 2332 mellorern
1366 2264 1512 2331 tortasse

185 2370 220 2436 ln
241 2371 354 2438 multis
374 2387 432 2458 ea,
453 2388 549 2456 quam
571 2388 653 2456 prae
673 2388 711 2436 se
732 2370 800 2437 lert
820 2368 1006 2438 Mediceua
1049 2362 1118 2453 11.)
1139 2369 1336 2439 Victoriana
1355 2370 1443 2434 ratio
1458 2369 1513 2432 ln-

185 2490 350 2558 supereo
373 2475 603 2568 confirmatur,
625 2475 713 2563 quud
735 2495 778 2543 cx
799 2475 971 2546 lodicibus
991 2476 1079 2563 Idpp.
1093 2474 1208 2544 Codicl
1231 2475 1389 2542 Mediceo
1413 2475 1448 2541 et
1470 2492 1513 2539 ex

187 2596 229 2645 co
253 2576 436 2648 ilresdensi
464 2581 568 2667 primu
596 2582 788 2667 praemissls
815 2585 985 2669 nouimus,
1019 2584 1098 2669 pust
1126 2579 1311 2666 Epistolam
1339 2574 1400 2644 13.
1421 2575 1513 2643 Libri

186 2681 371 2771 undecimi,
402 2685 502 2770 culpa
523 2689 560 2751 ut
580 2683 731 2772 videtur,
756 2687 898 2775 librarii,
924 2704 1022 2753 unam
1044 2683 1228 2772 excidisse,
1250 2682 1376 2751 Decimi
1397 2683 1513 2770 Bruti,

187 2793 283 2857 cuius
303 2791 429 2856 initium
456 2793 529 2856 erat
557 2787 768 2860 Parmences
789 2797 1011 2860 miserrimos.
1053 2790 1121 2855 Iam
1145 2808 1216 2857 eam
1237 2790 1342 2874 ipsam
1365 2789 1407 2854 ob
1429 2806 1514 2855 cau-

185 2912 274 2981 sam,
297 2891 386 2980 quod
407 2894 580 2960 allbrarlu
602 2894 760 2962 Mcdlcco
782 2898 835 2961 eat
858 2897 996 2980 omissa,
1019 2896 1134 2964 cadem
1150 2897 1293 2982 epistula
1306 2894 1397 2960 nullo
1411 2913 1515 2981 repe-

186 3001 272 3067 ritur
292 2999 328 3064 in
349 2993 409 3065 Cd.
450 2997 479 3064 Il
502 3002 626 3081 autem,
662 3018 745 3086 quos
768 3017 811 3066 ex
832 3000 898 3065 alio
927 3000 1113 3088 archetypo
1141 2999 1261 3068 ductos
1288 2998 1419 3088 dicunt,
1455 3017 1515 3067 cur

187 3103 321 3172 undem
351 3120 423 3171 eam
449 3103 547 3169 nobis
573 3123 642 3168 non
669 3095 874 3170 servarunt?
909 3095 998 3186 111.)
1019 3102 1216 3192 Ubicunque
1246 3104 1331 3173 duae
1356 3106 1514 3191 pluresve

185 3205 361 3293 Epistolae
383 3209 418 3272 ln
439 3204 498 3274 cd.
513 3208 672 3276 Mcdlcco
694 3213 834 3296 propter
855 3211 972 3276 titulus
993 3208 1056 3274 lam
1079 3209 1113 3276 ln
1130 3209 1202 3276 elus
1216 3211 1397 3297 exemplari
1412 3211 1515 3276 omIs-

186 3332 245 3380 sus
266 3314 520 3400 continuantur,
541 3315 590 3381 lta
606 3317 645 3381 ut
661 3318 800 3401 propter
814 3316 912 3380 unius
926 3315 1086 3400 culusquc
1100 3311 1268 3382 dlversum
1285 3320 1514 3405 argumentum

186 3417 229 3487 ab
252 3416 436 3485 editoribus
459 3417 586 3485 demum
607 3423 785 3505 separatae
800 3419 935 3505 suisque
949 3418 1056 3485 titulis
1070 3419 1253 3487 instructae
1267 3419 1350 3503 sint,
1372 3416 1515 3486 Codices

187 3523 291 3590 ceteri
318 3522 400 3588 mira
429 3525 636 3590 contumacia
664 3523 797 3591 easdem
818 3523 1036 3613 coniungunt.
1079 3521 1256 3610 Complura
1279 3523 1350 3589 elus
1372 3538 1516 3604 perver-

186 3627 299 3694 sitatIs
320 3644 382 3712 per
402 3630 507 3695 totum
529 3628 686 3694 volumen
707 3631 844 3696 exstant
866 3627 1034 3712 exempla3
1067 3627 1191 3693 nullum
1221 3631 1332 3693 tamen
1354 3627 1516 3695 illustrius

186 3733 359 3823 magisque
378 3731 412 3796 in
426 3732 533 3797 oculis
544 3733 703 3820 positum,
727 3753 822 3821 quam
835 3731 885 3821 td,
906 3730 994 3819 quod
1009 3730 1168 3799 habemus
1184 3732 1256 3798 Idb.
1269 3730 1352 3798 xil.
1377 3732 1441 3817 Ep.
1452 3730 1516 3799 22.

187 3854 299 3924 seqq,
331 3835 374 3902 de
396 3855 461 3922 quo
484 3836 636 3922 exemplo
658 3837 776 3904 confer
796 3835 961 3903 adnotatt.
977 3838 1129 3926 nostras,
1163 3836 1303 3906 Victorii
1324 3836 1515 3904 Editionem

189 3941 329 4007 alteram
350 3943 428 4007 anni
453 3938 568 4007 1558.
591 3959 622 4025 p.
643 3935 733 4006 377.
753 3958 863 4026 seqq,
884 3938 1117 4026 Benedictum,
1140 3942 1194 4027 qui
1209 3942 1242 4007 ln
1258 3942 1381 4008 tallbus
1401 3940 1515 4028 sperni

189 4045 322 4131 nequit,
344 4045 409 4110 nial
427 4048 586 4111 accurate
601 4044 786 4129 refutetur,
806 4042 844 4109 Τ.
859 4042 906 4109 11.
923 4040 1060 4129 pitito·
1102 4044 1185 4132 Cur,
1208 4064 1350 4132 quaeso,
1371 4046 1515 4114 codices

189 4148 293 4215 ceteri
316 4149 349 4212 ln
372 4145 608 4215 continuandis
628 4146 792 4233 Epistolis
818 4142 963 4215 diversis
982 4165 1090 4236 aeque
1112 4155 1226 4217 emant
1247 4170 1288 4220 ac
1310 4142 1516 4219 Mediceus‘t

188 4251 286 4321 Hanc
301 4254 430 4322 scilicet
446 4272 543 4319 unam
557 4256 697 4339 propter
710 4255 887 4340 rationem,
909 4251 998 4339 quud
1019 4271 1064 4322 cx
1085 4253 1201 4323 eodem
1223 4274 1337 4324 omnes
1360 4257 1516 4345 pendent.

275 4356 495 4447 Quamquam,
527 4361 563 4423 ut
592 4356 637 4424 ad
665 4375 780 4425 omnes
807 4360 895 4424 ictus
922 4355 1140 4444 exclplendos
1160 4363 1244 4428 satis
1266 4368 1405 4450 paratus
1426 4383 1516 4452 sum,

191 4461 372 4549 pracrldco
405 4465 610 4550 exorituros,
645 4463 700 4548 qui
729 4462 919 4547 praefracte
947 4468 1075 4550 negent
1103 4464 1187 4534 baec
1219 4466 1285 4533 duo
1318 4471 1516 4557 argumenta

192 4566 368 4654 quidquam
396 4566 556 4652 ponderis
584 4566 720 4634 habere.
774 4567 894 4635 Dicent
934 4566 1020 4632 enim
1056 4566 1161 4637 falsae
1197 4566 1280 4638 cdd.
1319 4575 1516 4660 antiquissl.

189 4691 277 4759 mos,
312 4690 331 4738 a
360 4672 477 4757 quibus
510 4672 550 4738 ll.
578 4672 675 4737 Bruti
706 4671 849 4757 epistola
888 4670 1003 4736 nescio
1037 4675 1119 4758 quot
1158 4678 1237 4742 ante
1273 4678 1388 4744 secula
1420 4679 1517 4746 exci-

192 4774 294 4862 derit,
327 4776 362 4841 ln
395 4777 577 4862 quibusque
610 4776 772 4846 confusae
801 4775 869 4843 sint
900 4774 988 4861 Epp.
1019 4775 1097 4844 illae
1126 4776 1164 4844 L.
1191 4776 1289 4867 xil,
1320 4782 1388 4850 22.
1421 4803 1515 4871 seqq.

190 4881 343 4969 altaeque
372 4881 576 4969 complures3
611 4879 690 4950 binc
718 4883 829 4949 autem
848 4879 1007 4950 saeuum
1031 4881 1210 4972 explicari,
1245 4903 1305 4954 cur
1331 4889 1356 4953 ll
1385 4907 1516 4976 quoque
