3256 5400
179 254 220 316 66
610 251 887 319 uclsrcmeuu
903 245 959 318 ¹Al)
980 254 1072 319 TAM.

179 420 272 476 tunae
291 431 361 475 esse
389 406 558 483 debebant,
595 431 667 476 cum
692 421 824 498 propter
848 431 961 476 eorum
986 410 1089 475 scelus
1109 407 1186 474 nibil
1208 408 1287 474 mibi
1309 409 1392 475 iutra
1415 430 1503 476 moos

178 507 313 591 parietes
327 515 439 575 tutum,
462 503 539 568 nibil
553 503 675 570 insidiis
689 527 822 572 vacuum
838 505 988 578 viderem,
1006 524 1160 570 novenum
1172 524 1223 569 me
1236 503 1502 569 necessitudinum

179 599 326 664 lidelitate
354 607 464 662 centra
495 608 637 664 veterum
659 599 822 685 perfidiam
847 598 1052 665 muniendum
1072 599 1191 684 putari.
1245 597 1308 663 Sed
1325 595 1366 660 de
1387 596 1504 661 nestris

178 693 274 759 rebus
296 693 370 757 satis
393 691 445 758 vel
467 692 560 757 etiarn
583 693 714 759 nimium
733 695 840 760 multa.
883 699 914 759 4.
936 698 983 758 De
1004 693 1067 758 tuis
1091 692 1186 758 velim
1206 700 1301 757 uteo
1322 691 1365 756 sis
1386 691 1503 766 eabae,

155 808 243 874 aquo
267 784 364 851 debes
388 807 476 861 csse,
499 786 614 862 idest,
647 797 683 853 ut
703 811 742 853 ne
765 789 842 876 quid
864 788 922 854 tibi
942 787 1113 874 praecipue
1132 786 1306 853 timndum
1324 794 1428 870 putes.
1471 783 1503 848 Si

178 881 262 946 euim
284 890 381 946 status
402 880 462 945 erit
483 880 597 968 aliquis
611 882 761 957 civitatis,
784 883 964 970 pneunque
978 881 1055 955 erit,
1078 890 1109 946 te
1123 880 1266 945 omnium
1286 878 1502 965 periculorum

178 975 271 1040 video
294 983 456 1058 expertem
480 972 567 1053 lore;
590 996 660 1040 narn
685 976 800 1041 alteros
823 974 881 1041 tibi
901 975 964 1040 iem
986 974 1124 1060 placatos
1152 994 1222 1038 esse
1246 972 1405 1057 intelligo,
1428 971 1502 1036 alte·

176 1090 231 1134 ros
252 1089 412 1155 nunquam
440 1068 539 1133 iratos
569 1068 676 1134 fuisse.
717 1073 860 1135 Demea
885 1078 989 1134 autern
1018 1067 1052 1131 in
1082 1077 1113 1131 te
1142 1067 1301 1132 voluntate
1333 1065 1379 1130 sic
1408 1065 1502 1130 velim

176 1162 307 1234 iudices,
329 1183 390 1236 me,
415 1161 655 1250 quibuscunque
672 1163 768 1229 rebus
783 1185 863 1250 opus
879 1185 947 1228 esse
961 1162 1142 1247 intelligam,
1162 1181 1350 1247 quamquam
1368 1158 1502 1233 videam,

141 1257 234 1344 sequi
253 1257 312 1322 sirn
333 1256 395 1322 bec
417 1264 561 1342 ternpore
584 1257 712 1344 etquid
735 1258 870 1342 possim,
904 1277 1001 1343 opere
1023 1266 1128 1321 temen
1153 1263 1185 1320 et
1210 1253 1364 1326 consilio,
1398 1251 1503 1317 studio

178 1350 305 1437 quidem
326 1362 412 1417 certe
438 1351 502 1425 rei,
524 1351 643 1424 laruae,
667 1350 758 1416 saluti
781 1359 854 1416 tuae
871 1358 999 1437 praesto
1013 1348 1165 1415 brunum.
1208 1346 1366 1414 'luvelim
1381 1345 1503 1432 etquid

178 1466 251 1531 agas
270 1454 301 1510 et
322 1445 397 1532 quid
421 1456 564 1511 acturum
589 1453 743 1531 tepulae,
766 1443 861 1510 iacies
883 1466 934 1509 mc
952 1464 1047 1528 quem
1066 1441 1304 1528 diligentissime
1323 1440 1504 1507 certiorem.

650 1586 714 1649 ru
758 1586 809 1666 (A.
835 1587 867 1650 e.
890 1588 921 1651 c.
945 1585 1031 1672 nos.)
1175 1638 1179 1648 .

536 1700 578 1763 u.
600 1699 744 1763 cineae
767 1699 799 1762 s,
820 1702 857 1763 u.
880 1702 940 1764 cu.
961 1699 1142 1764 casuue.

142 1843 168 1887 ss
264 1823 292 1885 1.
315 1818 428 1904 Accepi
450 1814 621 1903 perbreves
642 1827 710 1882 tuas
731 1817 864 1892 litteras,
895 1817 1009 1905 qrribus
1031 1816 1080 1892 id,
1103 1816 1190 1903 qued
1213 1815 1297 1882 scire
1319 1813 1503 1903 cupiebam,

177 1932 370 1997 cognoscere
393 1932 457 1974 non
483 1911 587 1997 potui,
611 1911 747 1995 cognovi
769 1921 872 1978 eutero
896 1912 945 1986 id,
968 1911 1053 1999 quod
1077 1910 1155 1977 mibi
1176 1910 1309 1977 dubium
1339 1929 1404 1974 nen
1433 1907 1503 1976 luit

176 2011 253 2070 Nam
275 2027 369 2090 quarn
396 2003 522 2068 sortiter
542 2003 642 2068 ferres
664 2026 846 2070 communes
869 2005 1029 2080 miserias,
1063 2024 1128 2070 uon
1153 2002 1308 2081 intellexi;
1338 2022 1433 2089 Qum
1452 2023 1503 2067 me

178 2120 316 2173 amares,
339 2097 431 2162 facile
458 2098 622 2183 perspexi:
646 2097 701 2162 sed
723 2098 783 2163 hoc
801 2098 953 2178 scieram;
976 2098 1054 2165 illud
1077 2099 1104 2164 si
1128 2099 1277 2170 scissem,
1301 2095 1341 2160 ad
1362 2095 1395 2160 id
1416 2116 1503 2161 mess

177 2193 296 2257 litteras
317 2191 648 2257 accommodavissem.
691 2195 722 2256 2.
745 2191 806 2257 Sed
828 2201 931 2258 temen
953 2193 1013 2259 etsi
1031 2201 1122 2258 antea
1136 2191 1264 2277 scripsi,
1292 2209 1373 2275 quae
1396 2188 1505 2254 existi-

139 2286 260 2351 somavi
283 2283 378 2349 scribi
409 2294 577 2371 opertere,
612 2294 715 2349 tamen
743 2286 803 2351 hoc
834 2295 977 2371 tempore
998 2284 1140 2352 breviter
1160 2282 1425 2351 commonendum
1446 2301 1504 2367 pu·

176 2379 257 2453 tevi,
291 2400 330 2442 ne
357 2399 421 2463 quo
447 2377 589 2464 periculo
620 2387 652 2442 te
679 2379 813 2464 propriu
837 2378 1037 2445 existimares
1059 2400 1147 2457 esse;
1178 2379 1212 2444 in
1236 2394 1352 2461 magne
1376 2394 1502 2449 omnes,

177 2471 233 2538 sed
252 2481 356 2536 lernen
378 2472 411 2537 in
430 2473 588 2538 communi
608 2493 726 2537 sumus.
770 2474 877 2550 Quare
895 2493 959 2539 nen
980 2472 1078 2539 debes
1092 2482 1146 2538 aut
1159 2471 1321 2558 propriam
1343 2468 1504 2535 lonunenr

178 2573 211 2630 et
230 2564 432 2650 praecipuam
446 2565 607 2650 postulare
629 2577 683 2630 aut
696 2584 896 2630 communem
910 2586 1070 2632 recusare.
1113 2569 1318 2652 Quapropter
1337 2581 1378 2627 ec
1398 2561 1504 2626 animo

178 2657 276 2722 simus
290 2658 373 2722 inter
394 2679 468 2730 nos,
490 2679 555 2745 quo
574 2679 703 2744 semper
717 2657 843 2725 luimus.
886 2659 983 2738 Quod
1004 2659 1044 2724 de
1066 2666 1098 2724 te
1115 2678 1264 2746 sperare,
1286 2657 1392 2723 deme
1414 2677 1506 2744 prae·

142 2759 266 2821 asstare
288 2771 427 2837 possum.

728 3095 880 3157 LIBER
908 3095 959 3157 V·

363 3283 442 3358 ΑΙ)
476 3285 520 3378 Q.
553 3285 891 3364 METELLUM
926 3288 1003 3362 ET
1036 3284 1331 3364 CETEROS.

670 3635 697 3698 1.
752 3634 790 3698 A.
816 3633 848 3698 ll.
870 3633 902 3697 C.
924 3632 997 3696 692.

204 3752 243 3828 Q.
264 3753 471 3817 METELLUS
494 3753 533 3830 Q.
554 3756 589 3818 F.
612 3631 926 3819 decederem&
947 3754 981 3818 S.
993 3631 1039 3818 b.
1060 3755 1102 3818 bl.
1121 3752 1265 3818 TULLIO
1288 3751 1485 3821 CICERONI.

185 3885 214 3946 1.
258 3861 306 3949 Si
327 3880 426 3956 veles,
449 3880 530 3947 bene
554 3891 610 3948 est.
653 3884 873 3950 Existimarem
896 3902 957 3969 pre
979 3891 1089 3948 mutuo
1110 3882 1192 3948 inter
1206 3903 1264 3947 nos
1278 3881 1385 3948 anime
1399 3889 1505 3968 etpre

184 3975 383 4040 reconciliata
412 3977 512 4060 gratia
536 3998 594 4041 nec
618 3975 779 4042 absentem
801 3996 852 4040 me
881 3975 1021 4042 ludibrio
1051 3976 1170 4042 laesum
1193 3976 1235 4041 iri
1265 3996 1324 4041 nec
1347 3973 1507 4042 Metellum

146 4067 313 4147 „trabem
337 4067 378 4132 ob
401 4069 519 4134 dietum
540 4069 641 4155 capite
662 4092 700 4135 ec
720 4069 856 4136 fortunia
876 4090 935 4157 per
956 4078 988 4135 te
1010 4080 1223 4156 oppugnatum
1248 4069 1299 4135 iri.
1353 4072 1457 4148 Qnenr
1479 4066 1507 4133 sl

183 4182 295 4247 parum
322 4160 428 4248 pudor
456 4162 555 4249 ipsius
578 4162 782 4240 defendebat,
814 4163 951 4230 debebat
973 4163 1024 4228 vel
1055 4162 1192 4228 familiae
1220 4171 1346 4228 nosuee
1372 4161 1507 4248 dignitas

184 4256 234 4320 vel
255 4276 361 4320 meum
383 4255 522 4321 studium
553 4278 629 4343 erga
658 4279 716 4324 ves
744 4277 875 4344 remque
904 4255 1061 4344 publicam
1087 4256 1161 4322 satis
1186 4254 1363 4321 sublevare.
1419 4259 1507 4320 Nunc

184 4349 277 4415 video
302 4350 390 4415 illurn
411 4350 673 4428 circumventum,
687 4353 746 4417 'me
770 4350 944 4424 desertum,
969 4370 988 4415 e
1012 4349 1127 4436 quibus
1148 4349 1276 4414 minime
1290 4345 1506 4415 conveniebat.

185 4447 215 4507 2.
238 4448 346 4530 ltaque
367 4444 400 4507 in
421 4444 507 4509 luctu
528 4453 560 4508 ct
580 4444 728 4531 squalore
749 4466 834 4521 sum,
864 4444 920 4532 qui
939 4445 1138 4532 provinciae,
1161 4445 1215 4531 qui
1238 4440 1393 4508 exercitui
1413 4460 1505 4528 pree-

255 4635 282 4684 t.
304 4637 370 4684 satta
387 4635 427 4684 oet
444 4635 525 4683 ettam
541 4635 585 4685 M:
604 4637 686 4697 setis,
705 4637 786 4686 attam
804 4635 837 4686 lt.
857 4658 889 4673 ·-
908 4637 953 4687 1⁰.
972 4637 1030 4700 puta
1048 4635 1086 4688 bl.
1106 4661 1137 4672 -
1175 4634 1219 4685 17.
1239 4633 1307 4684 Num
1325 4645 1400 4696 guam
1417 4633 1456 4684 11.
1471 4653 1506 4670 -

187 4707 229 4756 18.
248 4708 358 4756 acierum
374 4704 420 4755 M:
439 4705 549 4754 sciebam
567 4704 599 4755 E.
626 4730 658 4740 -
696 4705 741 4756 20.
761 4712 876 4769 tempora
893 4713 918 4757 ts
933 4707 1046 4756 breuiter
1068 4705 1226 4755 Lambinus.
1254 4727 1288 4740 -·
1322 4702 1367 4752 21.
1391 4704 1422 4753 ta
1436 4702 1508 4767 pest·

185 4778 242 4826 cralo
261 4777 396 4832 (Ambrae.
425 4775 482 4826 12.)
510 4775 673 4834 Lambluua,
702 4776 833 4839 probante
859 4776 968 4827 Haudlo
986 4776 1066 4826 Tura.
1087 4776 1136 4826 111.
1157 4789 1183 4838 p.
1208 4774 1271 4824 255.
1291 4797 1321 4809 -
1358 4773 1404 4823 22.
1423 4774 1508 4838 sorta·

185 4862 247 4896 nem
264 4854 311 4896 aut
327 4845 500 4908 praecipuum
516 4845 555 4894 11.
583 4871 616 4881 -
651 4846 696 4896 29.
714 4860 760 4896 uae
776 4847 909 4898 emmam
924 4859 965 4900 ma
981 4845 1119 4898 Orelllua:
1143 4859 1190 4897 aee
1207 4843 1312 4896 meante
1327 4842 1376 4905 Ι,
1400 4856 1446 4895 aar
1461 4841 1507 4893 el·

185 4924 281 4966 sentem
299 4917 339 4975 E,
358 4929 404 4965 nse
420 4928 460 4964 me
477 4915 607 4965 abacelam
625 4915 876 4981 bierunt-Lagona.
1332 4930 1335 4936 ’
