3256 5400
185 209 228 273 74
614 210 889 284 Ertsaotnnuu
910 213 963 276 hl)
984 212 1076 277 fast.

640 367 679 430 a.
700 386 730 431 a
773 363 822 450 (A.
848 370 881 432 n.
903 369 936 434 c.
957 364 1044 450 roa.)

575 479 757 543 vaanuos
779 479 964 544 ucsnont
985 480 1061 546 suo
1084 482 1116 544 s

270 601 299 665 l.
322 602 354 665 S.
375 603 413 665 V.
434 602 470 663 B.
490 599 527 662 Ε.
548 599 584 661 Ε.
607 598 646 675 Q.
662 603 711 664 1V.
752 603 800 662 De
821 597 973 687 Dionysio
993 609 1050 665 tuo
1071 598 1175 665 adbuc
1199 599 1277 666 nihil
1300 600 1439 677 extrico,
1476 610 1507 669 et

185 715 224 759 eo
245 694 362 769 minus,
385 691 471 780 qnod
492 712 542 757 me
564 691 664 777 frigus
685 690 907 767 Dalmaticum,
930 692 1016 781 qnod
1032 693 1119 759 illinc
1140 692 1247 769 eiecit,
1270 693 1363 759 etiam
1385 694 1437 759 hic
1458 717 1508 760 re·
1569 768 1572 773 y

160 785 356 872 afrigcrarit.
400 785 462 851 Sed
483 793 673 850 tamennon
694 784 858 858 desistam,
881 785 959 873 quin
979 786 1068 853 illum
1090 786 1260 874 aliquando
1282 807 1402 853 eruam.
1446 787 1507 853 Sed

183 891 286 947 tamen
308 879 413 945 omnia
434 887 478 945 mt
500 879 579 945 dura
601 878 748 965 imperas.
790 883 837 943 De
859 878 971 945 Catilio
992 880 1099 947 nescio
1122 880 1199 968 quid
1221 880 1261 946 ad
1283 903 1334 945 me
1356 880 1508 968 scripsisti

183 972 413 1060 deprecationis
433 972 699 1058 diligentissimae.
751 975 857 1057 Apage
879 981 910 1037 tc
932 994 1003 1038 cum
1025 982 1135 1039 nostro
1158 978 1231 1040 Sex.
1254 974 1411 1053 Servilio;
1435 997 1507 1041 nam

182 1067 362 1134 mehercule
383 1086 444 1151 ego
466 1086 593 1153 quoqne
614 1066 702 1132 illum
724 1085 806 1131 amo.
850 1065 911 1132 Sed
927 1065 1143 1133 huiuscemodi
1158 1089 1216 1133 vos
1231 1068 1377 1144 clientes,
1400 1069 1509 1135 huius-

183 1161 272 1227 modi
288 1181 398 1226 causas
422 1159 583 1246 recipitis?
620 1159 778 1224 hominem
802 1181 901 1225 unum
931 1160 1071 1225 omnium
1096 1160 1365 1238 crudelissimum,
1387 1162 1442 1249 qui
1461 1169 1507 1229 tot

146 1268 173 1312 ιο
183 1253 353 1340 ingenuos,
390 1252 659 1326 matresfamilias,
682 1251 768 1317 cives
789 1257 946 1319 Romanos
972 1252 1104 1330 occidit,
1126 1254 1274 1341 arripnit,
1304 1254 1505 1342 disperdidit,

181 1349 329 1434 regiones
345 1348 498 1414 vastavit?
532 1345 667 1420 Simius,
700 1366 764 1410 non
793 1343 930 1410 semissis
959 1345 1070 1421 homo,
1104 1356 1213 1413 contra
1234 1368 1285 1413 me
1306 1369 1394 1414 arma
1415 1349 1505 1423 tulit,

182 1454 214 1508 et
246 1464 318 1507 euna
351 1441 434 1507 bello
467 1440 547 1526 cepi.
589 1443 621 1504 2.
653 1437 714 1504 Sed
745 1446 864 1511 tamen,
902 1438 945 1503 mi
968 1440 1094 1516 Cicero,
1129 1439 1207 1528 qnid
1228 1440 1333 1508 facere
1355 1449 1506 1529 possum?

182 1536 294 1602 Omnia
315 1534 494 1600 mehercule
515 1532 627 1620 cupio,
660 1553 741 1619 quae
762 1539 797 1596 tu
820 1539 862 1596 mt
885 1532 1038 1618 imperas;
1074 1555 1176 1599 meam
1198 1535 1505 1605 animadversionem

182 1637 214 1694 et
235 1629 440 1716 supplicium,
477 1648 541 1714 quo
561 1646 678 1691 usurus
700 1644 787 1690 eram
809 1625 840 1689 in
863 1646 953 1699 cum,
991 1647 1086 1714 quem
1107 1628 1277 1714 cepissem,
1299 1633 1427 1699 remitto
1448 1631 1505 1699 tibi

145 1733 213 1788 aad
234 1722 391 1788 condono.
434 1720 518 1799 Quid
539 1720 600 1786 illis
620 1717 813 1805 respondere
835 1733 980 1804 possum,
1002 1720 1057 1807 qui
1079 1741 1135 1786 sua
1150 1720 1233 1788 bona
1248 1722 1387 1812 direpta,
1410 1746 1505 1791 naves

181 1827 394 1903 expugnatas,
417 1814 546 1889 fratres,
582 1812 716 1886 liberos,
748 1822 893 1898 parentes
915 1813 1055 1888 occisos,
1078 1814 1253 1896 †actiones
1283 1818 1505 1904 expostulanti

182 1911 215 1977 Si
237 1909 432 1974 mehercules
453 1907 545 1994 appii
567 1929 603 1972 os
625 1905 791 1980 haberem,
828 1905 862 1971 in
883 1905 973 1971 caius
995 1906 1100 1973 locum
1121 1908 1273 1977 suffectus
1294 1933 1378 1985 sum,
1400 1921 1505 1977 tamen

181 2004 242 2071 hoc
263 2004 418 2069 sustinere
439 2023 503 2066 non
524 2021 660 2086 possem.
704 1997 787 2077 Quid
809 2019 886 2084 ergo
909 2006 981 2065 estt
1003 2001 1126 2067 Faciam
1148 2004 1254 2070 omnia
1276 2005 1400 2080 sedulo,
1423 2025 1504 2092 quae

179 2109 211 2164 te
232 2098 327 2163 sciam
346 2095 435 2161 velle.
479 2092 664 2158 Defenditur
685 2115 705 2159 a
727 2095 766 2170 Q.
788 2092 942 2166 Volusio,
965 2102 1020 2160 tuo
1046 2094 1226 2183 discipulo:
1249 2099 1276 2164 si
1296 2099 1378 2165 forte
1400 2121 1438 2165 ea
1453 2122 1505 2166 res

143 2191 296 2278 ”poterit
317 2188 514 2253 adversarios
536 2186 662 2272 lugare;
685 2187 717 2252 in
744 2207 783 2252 eo
805 2186 941 2251 maxima
961 2208 1033 2274 spes
1053 2198 1110 2254 est.
1153 2196 1185 2256 3.
1206 2197 1289 2270 Nos,
1312 2194 1430 2281 siquid
1446 2194 1505 2260 erit

179 2284 249 2349 istic
266 2304 364 2369 opus,
387 2279 546 2347 defendes.
590 2284 705 2346 Caesar
725 2279 827 2346 adhuc
847 2289 890 2345 mt
912 2281 1061 2347 iniuriam
1083 2282 1173 2361 lacit;
1195 2285 1235 2351 de
1252 2288 1331 2354 meis
1351 2289 1505 2375 supplica-

179 2376 319 2445 tionibus
343 2386 375 2441 et
396 2373 495 2440 rebus
519 2374 615 2461 gestis
636 2374 816 2441 Dalmaticis
837 2373 938 2440 adhuc
967 2397 1031 2442 non
1062 2376 1176 2454 refert,
1214 2382 1305 2466 quasi
1334 2401 1411 2446 vero
1440 2402 1504 2446 non

180 2470 341 2538 iustissimi
363 2468 514 2555 triumphi
535 2469 568 2534 in
589 2468 741 2534 Dalmatia
762 2489 814 2534 res
835 2469 1001 2553 gesserim!
1029 2476 1108 2536 Nam
1129 2472 1155 2537 si
1177 2471 1238 2539 hoc
1259 2474 1503 2559 exspectandum

180 2575 245 2639 est,
275 2564 350 2630 dum
373 2573 473 2629 totum
494 2560 612 2627 bellum
638 2559 824 2628 conficiam:
860 2561 970 2648 viginti
993 2564 1109 2650 oppida
1132 2575 1203 2631 sunt
1227 2567 1398 2632 Dalmatiae
1425 2567 1503 2633 anti·

144 2665 261 2746 ‘tqua3
282 2678 363 2745 quae
384 2656 445 2743 ipsi
466 2655 527 2722 sibi
546 2648 745 2721 adsciverunt
765 2655 897 2743 amplius
924 2657 1107 2743 sexaginta;
1144 2658 1221 2725 haec
1238 2659 1299 2725 nisi
1321 2659 1426 2725 omnia
1447 2681 1505 2726 ex·

179 2764 304 2839 pugno,
339 2751 367 2817 si
392 2750 471 2816 mihi
491 2748 733 2858 supplicationes
758 2770 822 2815 non
850 2747 1078 2827 decernuntur,
1112 2752 1208 2838 longe
1237 2752 1297 2819 alia
1318 2753 1503 2820 condicione

179 2866 240 2932 ego
261 2867 331 2912 sum
352 2866 390 2910 ac
411 2853 509 2910 ceteri
530 2853 747 2929 smperatores.

258 3035 326 3117 Ego
361 3041 434 3120 post
473 3029 715 3118 supplicationes
752 3029 830 3096 mihi
867 3029 1008 3098 decretas
1051 3031 1084 3097 in
1119 3031 1303 3098 Dalmatiam
1342 3033 1503 3119 profectus

141 3132 264 3203 ”sum
292 3147 349 3191 sex
376 3125 492 3212 oppida
524 3125 557 3190 vi
582 3123 792 3210 oppugnando
822 3125 891 3211 ccpi
914 3173 922 3190 .
945 3173 953 3192 .
976 3173 985 3191 .
1008 3175 1017 3192 .
1039 3126 1171 3209 †unum
1204 3124 1281 3197 hooc
1314 3125 1401 3212 quod
1432 3137 1501 3195 erat

177 3219 365 3295 maximum,
387 3229 499 3308 quater
519 3241 538 3285 a
559 3240 610 3285 me
633 3217 696 3283 iam
714 3229 847 3304 captum.
892 3221 1049 3297 Quattuor
1070 3219 1153 3283 enim
1177 3227 1280 3283 turres
1301 3227 1502 3307 etquattuor

177 3333 286 3377 muros
307 3313 376 3399 cepi
398 3325 429 3379 et
450 3333 554 3378 arcem
576 3332 688 3377 eorum
710 3319 822 3383 totam
861 3333 902 3376 ex
923 3334 985 3398 qua
1006 3334 1056 3376 me
1078 3312 1183 3385 nives,
1223 3311 1361 3396 frigora.
1384 3311 1502 3379 imbres

177 3402 393 3483 detruserunt;
415 3405 618 3493 indigneque,
645 3405 690 3468 mi
713 3403 843 3479 Cicero,
880 3403 1030 3490 oppidum
1053 3415 1178 3490 captum
1201 3414 1232 3469 et
1253 3403 1371 3471 bellum
1394 3406 1501 3472 confe-

176 3506 261 3562 ctum
282 3497 461 3585 relinquere
493 3519 563 3564 sum
583 3506 720 3563 coactns.
774 3501 881 3575 Quare
904 3508 935 3563 te
956 3519 1055 3583 rogo,
1077 3498 1104 3563 si
1125 3519 1206 3585 opus
1228 3498 1307 3573 erit,
1328 3498 1368 3563 ad
1391 3504 1503 3566 Caesa·

140 3600 245 3655 ⁸⁵rem
266 3611 369 3654 meam
392 3612 516 3657 cansam
538 3613 612 3677 agas
634 3611 747 3676 meque
768 3590 825 3656 tihi
845 3592 878 3656 in
900 3613 1009 3658 omnes
1022 3601 1127 3679 partes
1145 3591 1376 3658 defendendum
1399 3604 1500 3680 putes,

140 3756 143 3762 ,
176 3684 237 3749 hoc
258 3684 454 3761 existimans,
477 3687 633 3752 neminem
654 3693 685 3748 te
707 3682 753 3749 tui
774 3686 981 3751 amantiorem
1002 3685 1132 3751 habere.
1176 3687 1261 3752 Vale.
1304 3692 1383 3752 Data
1405 3686 1501 3752 Nonis

175 3777 417 3855 Decembribus,
439 3785 572 3847 Narona.

654 3904 710 3966 sn.
754 3900 802 3985 (a,
828 3903 860 3966 o.
884 3903 916 3966 c.
939 3898 1025 3978 roa.)

562 4019 603 4081 n.
625 4015 768 4081 oceno
793 4015 952 4079 virtuto
974 4016 1054 4078 me.
1076 4015 1108 4078 a.

139 4158 168 4203 so
265 4139 292 4200 1.
323 4139 417 4201 Grata
445 4134 502 4201 tibi
523 4157 591 4200 mea
613 4156 681 4200 esse
709 4134 809 4200 officia
832 4155 895 4199 non
917 4133 1032 4210 miror;
1068 4133 1203 4217 cognovi
1225 4132 1309 4197 onim
1335 4142 1365 4197 te
1386 4132 1500 4218 gratis-

176 4229 291 4295 simum
312 4229 468 4304 omniurn,
500 4229 595 4316 idque
626 4249 785 4315 nunquam
813 4227 918 4292 destiti
946 4228 1145 4314 praedicare;
1180 4249 1238 4292 nec
1260 4227 1344 4291 enim
1367 4236 1400 4291 tu
1423 4224 1499 4289 mihi

245 4372 271 4421 o.
304 4380 393 4421 tomen
415 4373 461 4422 hl:
490 4380 520 4421 tu
542 4372 573 4422 ll.
602 4395 630 4407 -
675 4373 711 4421 mt
740 4371 789 4422 hl:
819 4372 883 4420 mus
901 4371 932 4420 Ε.
962 4395 993 4407 -
1037 4372 1068 4421 ds
1091 4372 1120 4422 G.
1145 4373 1227 4421 Atilio
1249 4371 1346 4421 Drcsd.
1372 4382 1428 4418 acc.
1467 4393 1498 4403 -

176 4440 203 4490 8.
224 4456 321 4505 qaoque
339 4442 413 4491 tuum
430 4442 477 4493 M:
502 4442 576 4491 ttlum
594 4456 690 4506 quoque
709 4441 739 4491 Ε.
760 4463 792 4475 -
811 4442 986 4490 huiuscemodi
1003 4442 1049 4492 lde
1078 4441 1226 4491 tutumods'
1243 4440 1274 4490 Ε.
1295 4462 1327 4475 -
1364 4441 1409 4490 10.
1428 4438 1500 4488 obst·

174 4512 233 4574 puis
254 4512 302 4560 Vh.
324 4538 355 4547 —
374 4512 544 4574 disperdidit,
565 4519 603 4561 tot
621 4514 737 4576 regiones
755 4510 913 4560 Lambinus.
935 4534 966 4546 -
987 4512 1030 4561 10.
1050 4511 1165 4560 actiones
1181 4510 1226 4560 bl:
1246 4513 1349 4560 actione
1367 4509 1398 4559 Ε.
1425 4510 1498 4559 Fort.

177 4583 270 4631 cedros
288 4596 305 4630 n
325 4581 421 4631 Cotttto
439 4583 606 4644 expostulent
626 4581 696 4643 (scit.
717 4584 847 4635 mecum).
877 4581 929 4631 01.
952 4605 982 4616 -
1021 4581 1063 4630 17.
1083 4580 1219 4639 meula,
1249 4586 1277 4629 ut
1297 4581 1385 4640 solet,
1407 4579 1445 4630 hl.
1467 4602 1497 4614 -

176 4652 277 4715 effectus
294 4651 331 4700 Μ.
364 4675 395 4686 -
431 4653 476 4701 21.
495 4651 593 4701 mthl:
612 4652 675 4700 ms'bs'
694 4650 725 4701 ll.
746 4677 777 4687 -
815 4652 860 4700 25.
879 4650 992 4713 ipsihl:
1012 4652 1071 4712 s'psn
1089 4650 1120 4700 Ε.
1142 4674 1172 4685 -
1209 4650 1252 4699 30.
1272 4650 1400 4700 Defectus
1419 4650 1498 4706 signs

176 4734 231 4769 om.
252 4721 288 4779 ll,
316 4722 397 4782 cept.
420 4756 427 4770 .
448 4755 455 4770 .
479 4755 486 4770 .
508 4756 515 4771 .
537 4721 687 4779 lttictnium
706 4722 753 4770 hoc
771 4721 798 4780 (a
809 4721 913 4770 Desunt
931 4720 1042 4770 nomios
1061 4720 1181 4783 quinque
1199 4719 1407 4784 oppidorum»)
1426 4719 1498 4769 hlas-

176 4789 365 4852 tyni·l.aguna.
388 4816 416 4827 ·-
437 4791 482 4842 33.
502 4793 644 4856 confectum
660 4791 705 4842 hl:
724 4793 779 4841 tom
795 4791 938 4855 confectum
956 4789 987 4840 ll.
1009 4815 1039 4826 -
1059 4789 1104 4841 34.
1122 4791 1160 4841 od
1177 4787 1323 4855 Caesarem
1343 4790 1398 4841 Cir.
1418 4789 1497 4841 llsud

176 4859 254 4910 Tura.
275 4860 297 4910 l.
318 4875 344 4923 p.
363 4859 408 4911 ss.
