3256 5400
614 216 890 283 seurotautm
909 219 962 282 AD
983 219 1075 283 thl.

611 376 753 439 xruu.
796 375 846 459 (Α.
870 377 902 439 u.
925 377 957 440 c.
979 372 1064 459 roe.)

604 489 645 550 u.
668 488 811 551 arcano
834 489 865 551 s
886 489 923 551 o.
948 487 1076 553 curuo,

271 614 300 675 1.
331 605 471 681 Memini,
502 625 572 670 cum
605 605 682 670 mihi
714 605 859 692 desipere
893 605 1057 680 videbare,
1090 606 1174 693 quod
1204 628 1275 673 cum
1306 607 1373 674 istis
1398 609 1503 695 potius

185 703 308 769 viveres
334 721 427 787 quam
457 697 637 775 nobiscum
676 700 851 764 eratenim
877 699 976 765 multo
1007 700 1199 766 domicilium
1230 701 1322 767 huius
1351 701 1439 767 urbis
1461 740 1503 751 —

161 817 256 861 scum
275 794 400 882 quidem
422 791 498 858 haec
519 792 595 857 urbs
617 827 657 839 -
680 791 781 878 aptius
808 792 991 858 humanitati
1013 803 1045 858 et
1063 794 1207 859 suavitati
1232 802 1303 859 tuae
1322 817 1416 882 quam
1438 807 1502 861 tota

184 888 433 974 Peloponnesus,
456 885 570 951 nedum
591 890 721 950 Patrae:
745 906 826 950 nunc
847 895 955 950 contra
977 896 1009 951 et
1030 885 1145 952 vidisse
1163 887 1239 953 mihi
1260 889 1393 955 multum
1416 890 1504 955 vide

183 981 245 1054 ris,
278 1002 349 1046 cum
369 1001 469 1066 prope
491 979 662 1066 desperatis
684 978 732 1042 his
763 977 858 1043 rebus
884 988 914 1043 te
941 979 973 1043 in
995 980 1157 1046 Graeciam
1176 981 1350 1056 contulisti,
1387 991 1419 1048 et
1442 983 1503 1048 hoc

183 1081 326 1159 tempore
344 1096 407 1139 non
433 1074 533 1139 solum
557 1073 696 1158 sapiens,
733 1069 787 1158 qui
808 1071 879 1135 hinc
896 1070 995 1147 absis,
1031 1072 1086 1138 sed
1108 1073 1201 1138 etiam
1224 1071 1342 1141 heatus.
1386 1079 1504 1153 Quam·

184 1190 295 1254 quam,
318 1168 403 1255 quis,
426 1166 480 1254 qui
500 1164 617 1251 aliquid
634 1164 746 1250 sapiat,
769 1184 851 1228 nuuc
872 1185 940 1229 esse
965 1163 1074 1231 heatus
1092 1174 1219 1252 potest?
1261 1172 1291 1233 2.
1314 1167 1393 1242 Sed,
1416 1167 1503 1254 quod

148 1269 239 1334 ratu,
271 1261 322 1326 cui
343 1258 469 1333 licebat,
502 1257 636 1345 pedibus
665 1278 698 1322 es
723 1267 922 1332 consecutus,
944 1269 979 1324 ut
1000 1259 1045 1325 ibi
1069 1281 1175 1336 esses,
1202 1263 1254 1325 utu·
1273 1283 1326 1325 aec
1346 1263 1502 1344 Pelopida·

183 1375 253 1417 rum
275 1399 313 1409 -
336 1353 416 1419 nosti
436 1360 540 1417 cetera
562 1390 618 1428 -,
641 1350 796 1423 nosidcm
813 1351 1042 1436 propemodum
1057 1354 1280 1441 consequimur
1294 1353 1354 1419 alia
1368 1353 1501 1419 ratione.

183 1449 260 1512 Cum
281 1445 364 1509 enim
384 1445 559 1512 salutationi
582 1467 639 1512 nos
660 1444 803 1511 dedimus
824 1445 995 1510 amicorum
1018 1482 1059 1493 —
1081 1468 1161 1533 quae
1186 1445 1220 1511 ht
1238 1437 1414 1512 hoc'etiam
1439 1445 1502 1510 sre-

183 1538 329 1626 qucutius
351 1561 445 1626 quam
470 1539 610 1614 solebat,
634 1536 719 1625 quod
737 1537 824 1624 quasi
849 1559 936 1601 avem
955 1536 1056 1601 albam
1083 1538 1229 1604 videntur
1257 1537 1337 1606 bene
1367 1540 1502 1607 sentien-

182 1639 246 1697 tem
271 1632 371 1697 civcm
404 1634 512 1699 videre
534 1670 592 1708 -,
614 1631 696 1697 abdo
721 1653 770 1696 me
796 1632 828 1696 in
857 1629 1088 1696 bibliothecam.
1120 1637 1252 1719 'ltaque
1276 1655 1373 1721 opera
1399 1632 1500 1698 allicio

147 1733 285 1799 alanta,
316 1735 428 1811 quanta
455 1726 588 1793 fortasse
617 1737 651 1792 tu
684 1725 815 1803 senties;
845 1725 984 1789 intellexi
1005 1725 1088 1790 enirn
1112 1748 1152 1791 ex
1175 1734 1230 1792 tuo
1255 1748 1400 1792 sermone
1422 1745 1502 1812 quo-

183 1818 273 1893 dam,
309 1841 379 1885 cum
410 1841 511 1885 meam
545 1819 729 1885 maestitiam
760 1827 791 1883 et
820 1817 1070 1902 desperationem
1102 1840 1265 1885 accusares
1294 1819 1380 1884 domi
1414 1828 1499 1893 tuae,

182 1910 287 1976 dicere
308 1920 338 1976 te
363 1934 404 1977 ex
425 1913 503 1977 meis
528 1912 617 1977 libris
638 1913 774 1976 animum
797 1931 901 1975 meum
930 1910 1119 1977 desiderare.
1176 1916 1205 1978 3.
1240 1911 1301 1977 Sed
1322 1910 1500 1976 mehercule

147 1992 157 2019 '
182 2012 214 2069 et
233 2011 298 2068 tum
319 2005 560 2091 rempublicam
582 2003 742 2090 lugebam,
765 2024 844 2090 quae
867 2025 929 2068 non
952 2005 1053 2069 solum
1069 2005 1133 2070 suis
1154 2025 1230 2090 erga
1245 2027 1311 2079 me,
1334 2004 1389 2069 sed
1407 2002 1500 2067 ctiam

181 2096 259 2161 meis
283 2117 357 2183 erga
382 2119 416 2162 se
444 2097 605 2164 beneficiis
640 2107 707 2162 erat
726 2096 801 2161 mihi
824 2095 944 2171 carior,
980 2106 1012 2162 et
1033 2097 1094 2162 hoc
1116 2106 1274 2184 tempore,
1311 2116 1500 2184 quamquam

144 2210 232 2255 same
254 2211 317 2256 non
338 2191 419 2257 ratio
440 2192 543 2257 solum
564 2191 763 2263 consolatur,
786 2211 865 2277 quae
887 2190 1056 2276 plurimum
1076 2189 1170 2255 debet
1188 2190 1309 2265 valere,
1331 2190 1498 2256 sedetiam

181 2282 265 2359 dies,
302 2306 382 2370 quae
404 2284 503 2350 stultis
521 2306 649 2375 quoque
668 2283 786 2348 mederi
811 2283 910 2356 solet,
947 2293 1049 2348 tamen
1072 2283 1165 2349 doleo
1193 2284 1236 2349 ita
1266 2306 1334 2349 rem
1359 2303 1498 2350 murmu-

180 2398 252 2442 nem
274 2398 342 2442 esse
368 2378 534 2465 dilapsam,
570 2388 606 2444 ut
626 2399 665 2442 ne
689 2398 760 2462 spes
779 2376 906 2464 quidem
927 2376 1038 2442 melius
1063 2376 1231 2464 aliquando
1252 2376 1321 2443 fore
1343 2376 1499 2463 relinqua-

181 2478 242 2535 tur.
295 2476 357 2536 Nec
384 2492 461 2537 vero
481 2493 562 2536 nunc
584 2470 711 2559 quidem
736 2468 824 2555 culpa
846 2474 934 2534 ineo
956 2477 1022 2545 est,
1054 2468 1087 2533 in
1107 2469 1196 2535 cuius
1222 2479 1374 2557 potestate
1393 2467 1498 2535 omnia

180 2572 254 2628 sunt
274 2600 310 2610 —
335 2563 395 2631 nisi
411 2565 493 2630 lorte
513 2565 544 2630 id
569 2565 672 2652 ipsum
689 2584 757 2629 esse
778 2583 841 2628 non
858 2561 965 2628 debuit
988 2598 1048 2637 -,
1070 2561 1124 2627 sed
1140 2563 1200 2628 alia
1219 2584 1307 2640 casu,
1330 2564 1389 2629 alia
1405 2563 1497 2627 etiarn

143 2657 401 2744 mnostra'culpa
426 2658 471 2723 sic
490 2658 686 2732 accidemnt,
718 2665 753 2722 ut
779 2656 819 2721 de
840 2655 1017 2742 praeteritis
1042 2677 1106 2723 non
1129 2656 1169 2721 sit
1191 2656 1396 2745 querendum.
1440 2661 1499 2721 lle·

180 2748 298 2835 hquam
323 2772 410 2837 spem
432 2752 548 2817 unllam
567 2751 682 2829 video;
710 2772 807 2838 quare
828 2750 866 2815 ad
894 2751 996 2836 prima
1016 2749 1129 2817 redeo:
1154 2751 1311 2838 sapienter
1331 2750 1408 2815 haec
1423 2746 1498 2813 reli·

180 2841 291 2928 quisti,
314 2843 341 2908 si
362 2842 513 2923 consili03
535 2843 684 2918 feliciter,
707 2843 734 2908 si
755 2864 838 2908 casu.

623 2986 734 3047 sarx.
778 2981 824 3067 (a.
852 2986 884 3048 u.
908 2986 940 3049 c
962 2981 1047 3055 709.)

561 3097 696 3160 cunms
718 3099 759 3160 u.
785 3099 969 3163 creauom
991 3096 1065 3162 suo
1089 3098 1120 3160 s.

140 3231 169 3274 so
265 3217 293 3278 1.
329 3216 359 3278 S.
381 3218 417 3278 V.
440 3218 475 3278 B.
511 3216 586 3278 Sum
614 3214 697 3278 eninr
721 3218 837 3300 χρήσει
864 3229 924 3300 μὲν
945 3225 1038 3291 tuus,
1076 3210 1186 3296 κτήσει
1208 3221 1243 3280 δὲ
1263 3213 1354 3279 strici
1375 3215 1495 3291 nostri;

177 3325 255 3390 crgo
277 3304 396 3370 fructus
422 3315 470 3370 est
490 3313 576 3380 tuns,
612 3307 802 3395 mancipium
829 3309 932 3375 illius:
968 3307 1208 3397 quodquidam
1240 3307 1266 3372 si
1297 3306 1380 3372 inter
1405 3329 1496 3372 senes

178 3399 419 3486 coemptionales
441 3398 550 3464 renale
570 3400 806 3487 proscripserit,
840 3403 940 3487 egerit
962 3424 1026 3467 non
1051 3401 1194 3467 multum.
1249 3404 1288 3466 st
1310 3398 1362 3463 illa
1387 3408 1495 3464 nostra

177 3492 367 3578 praedicatio
387 3492 494 3580 quanti
511 3501 574 3568 est,
596 3515 669 3568 nos,
693 3495 777 3580 quod
790 3496 903 3571 simus,
926 3495 1011 3582 quod
1034 3493 1223 3569 habeamus,
1245 3491 1330 3579 quod
1352 3491 1495 3557 homines

178 3583 408 3659 existimemur,
440 3582 473 3648 id
499 3606 592 3650 omne
616 3586 672 3651 abs
700 3597 732 3653 te
755 3588 886 3654 haberel
931 3590 1053 3665 Quare,
1091 3586 1199 3654 Cicero
1228 3586 1289 3660 mi,
1325 3606 1495 3670 persevera

140 3685 356 3742 sacoustanter
381 3699 439 3743 nos
461 3698 649 3743 conservare
682 3690 714 3745 et
744 3682 872 3768 Sulpicii
905 3680 1079 3747 successori
1107 3700 1165 3745 nos
1192 3679 1231 3744 de
1262 3678 1393 3745 meliore
1423 3688 1496 3743 nota

177 3770 381 3844 commenda,
417 3793 481 3858 quo
502 3771 623 3838 lacilius
645 3773 706 3838 tuis
729 3775 901 3860 praeceptis
925 3773 1143 3860 obtemperare
1167 3772 1323 3858 possimus
1341 3780 1435 3857 teque
1456 3769 1496 3837 ad

176 3885 234 3929 ver
272 3863 412 3929 lubentes
442 3864 549 3929 videre
591 3876 622 3931 et
657 3875 763 3931 nostra
793 3866 926 3951 refigere
961 3866 1192 3952 deportareque
1224 3873 1292 3929 tuto
1329 3864 1495 3951 possimus.

176 3960 207 4022 2.
231 3958 306 4035 Sed,
337 3958 436 4024 amice
463 3980 590 4043 magne,
612 3960 677 4026 noli
702 3960 780 4025 hanc
808 3961 971 4047 epistolam
993 3961 1095 4027 Attico
1120 3958 1307 4035 ostendere3
1330 3957 1397 4021 sine
1422 3978 1495 4022 eum

177 4070 286 4115 errare
318 4060 350 4115 et
376 4062 487 4137 putare
515 4072 565 4117 me
590 4053 693 4119 virum
717 4051 834 4119 bonurn
871 4075 940 4120 esse
973 4075 1031 4118 nec
1065 4052 1168 4119 solere
1197 4051 1260 4117 duo
1288 4049 1426 4137 parietes
1456 4049 1496 4115 de

138 4143 286 4209 academ
308 4143 410 4209 fidelia
432 4144 588 4211 dealbare.
631 4150 735 4232 Ergo,
757 4158 888 4233 patrone
904 4148 964 4223 mi,
986 4145 1149 4212 benevale
1164 4145 1373 4231 Tironemque
1391 4164 1496 4209 meum

176 4237 275 4303 saluta
296 4239 412 4304 nostris
433 4239 548 4305 verbis.
590 4244 669 4306 Data
690 4262 719 4307 a.
740 4241 771 4306 d.
794 4291 802 4307 .
826 4289 834 4306 .
857 4290 865 4307 .
886 4241 954 4306 llal.
976 4239 1144 4306 Novembr.

246 4428 288 4477 13.
309 4428 398 4479 alnam
415 4430 454 4479 Μ.
475 4456 502 4466 -
542 4432 584 4481 17.
604 4431 686 4480 dican
704 4437 814 4481 auctam
833 4430 948 4483 Graevio
967 4446 1023 4483 om.
1044 4432 1074 4483 11.
1098 4456 1129 4468 -
1166 4431 1209 4480 18.
1229 4433 1282 4480 suta
1301 4443 1365 4495 erqo
1381 4444 1421 4478 ma
1438 4442 1494 4479 om.

175 4496 213 4547 ld.
235 4521 266 4534 -
304 4499 346 4549 ts.
374 4499 415 4548 hu
438 4501 502 4548 mihi
525 4514 565 4549 ms
588 4501 699 4549 cariori
724 4501 775 4552 On.
795 4526 829 4535 -
864 4503 908 4552 20.
934 4503 1005 4552 debet
1030 4502 1129 4552 volarat
1153 4501 1190 4551 hl.
1218 4526 1245 4536 -
1285 4499 1329 4549 34.
1361 4501 1441 4549 alam
1466 4501 1497 4548 io

175 4574 269 4617 nostro
293 4568 330 4619 Μ.
361 4594 388 4604 -
427 4570 471 4618 25.
491 4570 521 4618 da
539 4583 593 4619 om.
614 4570 652 4620 Μ.
671 4595 703 4607 -
739 4572 783 4621 31).
810 4571 838 4621 3.
861 4572 891 4622 V.
911 4574 943 4622 B.
962 4573 1089 4624 Sambi:
1121 4571 1148 4620 St
1166 4570 1251 4623 notes.
1280 4570 1341 4619 bras
1358 4577 1413 4619 ast:
1439 4583 1496 4618 sum

175 4635 206 4685 11.
228 4660 258 4672 -
290 4638 332 4688 31.
352 4634 385 4700 si]
403 4640 456 4688 atat
475 4639 592 4689 malebat
609 4639 758 4690 Ernesttns.
781 4666 810 4678 -
830 4654 900 4692 asnar
918 4648 944 4692 at
961 4642 1051 4692 oannis
1069 4640 1178 4691 seclusit
1197 4640 1228 4689 B.
1254 4662 1276 4672 -
1306 4640 1351 4688 33.
1371 4640 1496 4700 comptio-

173 4706 244 4756 acls's
262 4708 300 4757 Μ.
320 4731 351 4743 -
367 4709 545 4770 psiscrlpssrs't
564 4709 600 4760 Μ.
620 4733 654 4747 -
690 4710 734 4761 33.
752 4712 871 4774 quantia
895 4711 934 4762 Μ.
955 4735 986 4749 -
1023 4711 1067 4761 dh.
1084 4712 1211 4774 possimus
1238 4708 1266 4757 h.
1291 4707 1310 4758 1.
1338 4707 1393 4758 del.
1417 4708 1496 4757 bam·

175 4775 264 4827 binus.
291 4801 316 4813 -
353 4777 398 4827 37.
416 4779 524 4842 deppam
541 4779 578 4829 Μ.
600 4805 632 4816 —
667 4779 712 4830 33.
731 4777 795 4843 sins]
813 4781 892 4831 sill.
911 4781 1004 4833 -41,
1025 4795 1053 4831 a.
1073 4781 1101 4831 d.
1122 4813 1130 4831 .
1150 4813 1159 4830 .
1180 4813 1187 4829 .
1207 4774 1281 4840 unt]
1300 4791 1328 4827 u.
1347 4778 1375 4828 d.
1394 4778 1429 4828 11.
1448 4778 1494 4839 1,

174 4858 203 4896 o.
222 4848 249 4897 d.
269 4860 325 4896 uu.
343 4848 406 4898 Καὶ.
425 4860 457 4898 ar
473 4853 563 4899 setara
580 4848 767 4914 supplemento
786 4850 817 4902 ll.
