3256 5400
609 257 684 320 tm.
705 257 773 321 vll.
816 257 875 319 ΕΡ.
899 256 930 318 3.
952 257 983 318 l.
1402 259 1461 320 109

142 415 219 483 dore
235 413 373 488 institui,
404 422 441 478 ut
457 411 574 476 bellum
595 411 732 477 duceret.
775 415 843 476 Hoc
869 411 1026 476 interdum
1049 411 1201 495 probabat
1221 422 1252 476 et
1278 416 1310 478 in
1333 437 1370 481 ea
1394 439 1463 482 sen·

143 511 240 577 untia
266 507 431 574 videbatur
455 507 524 571 iore
557 517 588 571 et
608 507 718 571 fuisset
739 507 887 579 tortasse,
911 506 969 569 nisi
993 506 1125 590 quadam
1150 528 1315 593 expugna
1341 513 1457 596 coepis-

143 604 267 670 setsuis
294 600 443 667 militibus
463 600 632 665 confidere.
675 606 721 665 Ex
741 620 780 665 eo
806 611 947 685 tempore
970 599 1019 662 vir
1037 600 1088 664 ille
1112 624 1250 665 summus
1278 606 1378 669 nullus
1406 607 1464 670 im·

143 707 271 785 perator
302 695 370 761 luit.
428 695 544 778 Signa,
578 695 680 758 tirone
711 704 742 758 et
776 694 947 758 collecticio
986 695 1146 768 exercitu,
1184 717 1254 759 cunr
1289 699 1463 782 legionibus

143 789 367 857 robustissimis
391 789 540 864 contulit;
563 788 662 853 victus
683 789 860 872 turpissime
879 787 999 850 amissis
1018 788 1109 851 etiam
1140 791 1248 853 castris
1268 793 1353 857 solus
1373 794 1486 878 lugit5

144 889 174 951 3.
200 889 291 949 llunc
318 903 378 967 ego
409 882 485 946 mibi
504 880 584 945 belli
610 880 702 946 finem
732 880 807 955 leci,
831 902 889 944 nec
913 881 1033 965 putavi,
1066 902 1137 945 cum
1158 884 1268 963 integri
1290 907 1380 971 pares
1401 910 1462 952 non

144 977 326 1048 fuissemus,
349 975 464 1040 lractos
486 974 666 1060 superiores
689 975 768 1040 lore.
812 975 945 1039 Discessi
965 973 1003 1037 ab
1030 996 1068 1038 eo
1094 975 1197 1050 bello,
1221 979 1251 1041 in
1274 1002 1336 1064 quo
1357 993 1408 1045 aut
1431 982 1463 1046 in

144 1072 210 1137 acie
229 1069 403 1136 cadendum
424 1068 483 1132 luit
511 1079 563 1133 aut
589 1069 620 1132 in
643 1068 763 1156 aliquas
786 1069 914 1133 insidias
942 1068 1139 1133 incidendum
1161 1080 1213 1135 aut
1235 1072 1463 1138 deveniendum

145 1165 177 1230 in
201 1164 330 1230 victoris
358 1183 467 1226 manus
489 1172 541 1227 ant
570 1161 609 1226 ad
635 1161 742 1226 lubam
766 1161 1008 1246 confugiendum
1039 1173 1092 1227 aut
1118 1164 1284 1248 capiendus
1307 1179 1463 1254 tamquam

145 1259 256 1325 exsilio
282 1258 370 1322 locus
393 1265 446 1320 aut
477 1255 696 1320 consciscenda
720 1276 805 1320 mors
828 1256 1013 1320 voluntaria.
1072 1261 1162 1322 Certe
1194 1259 1269 1323 nibil
1293 1260 1351 1325 suit
1373 1283 1501 1346 prae-10

146 1363 249 1426 terea,
287 1352 313 1416 si
339 1361 370 1414 te
400 1349 512 1414 victori
540 1349 638 1413 nolles
668 1358 807 1415 autnon
833 1349 965 1414 auderes
995 1351 1198 1415 committere.
1243 1357 1289 1416 Ex
1318 1354 1463 1419 omnibus

146 1445 329 1518 autentis,
366 1463 447 1528 quae
476 1442 558 1512 dixi,
592 1444 796 1507 incommodis
816 1443 893 1507 nibil
913 1443 1106 1507 tolerabilius
1126 1445 1256 1516 exsilio,
1279 1447 1462 1529 pracsertim

145 1536 326 1611 innocenti,
348 1535 403 1600 ubi
429 1536 512 1600 nulla
530 1535 673 1600 adiuncta
701 1546 748 1599 est
772 1537 948 1621 turpitudo;
986 1537 1067 1601 addo
1090 1537 1204 1612 ctiam,
1227 1560 1298 1603 cum
1321 1561 1356 1603 ea
1383 1540 1462 1605 urbe

146 1652 267 1706 careas,
304 1630 337 1694 in
365 1651 426 1716 qua
455 1629 530 1692 nibil
561 1629 614 1700 sit,
652 1629 736 1715 quod
766 1630 874 1695 videre
895 1631 997 1717 possis
1023 1631 1089 1694 sine
1120 1630 1241 1696 dolore.
1298 1638 1364 1718 Ego
1393 1656 1463 1699 cum

145 1725 285 1791 meis-
308 1724 334 1788 si
350 1722 520 1808 quidquam
542 1743 624 1786 nunc
645 1723 826 1809 cuiusquam
849 1728 897 1788 'est
928 1762 969 1771 -
999 1725 1090 1789 etiam
1114 1725 1147 1788 in
1167 1727 1245 1789 meis
1268 1748 1336 1791 esse
1358 1729 1501 1805 malain

147 1821 234 1897 Quae
253 1817 447 1889 acciderunt,
477 1815 581 1880 omnia
602 1816 667 1881 dixi
692 1817 806 1882 lutura.
864 1822 894 1882 4.
915 1818 994 1881 Veni
1015 1818 1160 1891 dom'um,
1184 1841 1246 1883 non
1266 1841 1329 1906 qno
1346 1823 1461 1905 optima

145 1910 272 1977 vivendi
298 1908 440 1974 condicio
467 1917 567 1981 esset,
605 1908 660 1973 sed
683 1919 803 1983 tamen,
830 1911 857 1974 si
883 1922 963 1974 essct
984 1911 1086 1996 aliqua
1106 1910 1207 1976 forma
1232 1913 1278 1976 rei
1304 1913 1462 1998 publicae,

147 2014 303 2090 tamquam
322 2004 354 2068 in
370 2002 469 2088 patria
485 2012 519 2066 ut
540 2024 658 2076 essem,
681 2004 708 2067 si
726 2003 825 2077 nulla,
847 2013 1003 2090 tamquam
1020 2005 1051 2069 in
1069 2005 1191 2070 exsilio.
1234 2012 1366 2071 Mortem
1387 2009 1464 2074 mibi

146 2118 203 2163 cnr
225 2096 468 2168 consciscerem,
505 2116 596 2159 causa
626 2116 688 2160 non
715 2096 782 2160 visa
811 2107 874 2174 est;
918 2119 975 2161 cur
1001 2107 1162 2181 optarem,
1200 2101 1315 2165 multae
1342 2122 1463 2167 causae.

146 2196 244 2258 Vetus
265 2199 313 2254 est
327 2190 430 2254 enim:
455 2187 533 2261 „Ubi
547 2210 611 2254 non
626 2189 668 2253 sis
689 2190 743 2274 qui
759 2189 872 2262 fueris,
895 2212 958 2255 non
972 2212 1040 2255 esse
1059 2212 1116 2256 cur
1137 2193 1214 2256 velis
1235 2194 1369 2259 vivere.”
1403 2196 1463 2261 Sed
1473 2226 1501 2269 ιο

146 2293 250 2349 tamen
276 2303 389 2347 vacare
410 2283 499 2368 culpa
521 2303 665 2366 magnum
690 2291 736 2346 est
755 2283 916 2355 solatium,
939 2285 1123 2369 praesertim
1149 2307 1220 2349 cum
1240 2286 1367 2352 babeam
1387 2289 1463 2354 duas

147 2398 213 2452 res,
237 2376 351 2464 quibus
373 2397 422 2440 me
446 2385 636 2448 sustentem,
673 2376 862 2461 optimarum
884 2378 998 2442 artium
1024 2379 1182 2442 scientiam
1204 2389 1235 2443 et
1255 2382 1463 2447 maximarum

147 2493 254 2538 rerum
275 2470 423 2555 gloriam;
458 2491 590 2556 quarum
614 2470 710 2533 altera
733 2469 810 2533 mibi
832 2474 905 2534 vivo
930 2492 1088 2557 nunquam
1113 2473 1280 2558 eripietur,
1303 2477 1400 2540 altera
1424 2498 1463 2540 ne

147 2575 273 2631 mortuo
295 2563 432 2650 quidem.
481 2568 510 2628 5.
533 2566 616 2626 Haec
642 2563 680 2626 ad
704 2574 734 2627 te
757 2563 868 2648 scripsi
901 2563 1065 2629 verbosius
1088 2575 1118 2629 et
1142 2565 1199 2631 tibi
1226 2568 1374 2633 molestus
1401 2568 1462 2642 tui,

149 2658 233 2747 qnod
255 2667 285 2721 te
307 2678 377 2721 cum
401 2656 479 2730 mei,
501 2668 567 2720 tum
585 2656 632 2720 rei
651 2655 792 2741 publicae
822 2657 957 2739 cognovi
978 2659 1233 2724 amantissimum.
1276 2667 1388 2726 Notum
1408 2662 1502 2738 tibia

148 2773 240 2819 omne
262 2771 368 2814 meum
386 2750 549 2815 consilium
564 2771 632 2813 esse
654 2749 752 2822 volui,
775 2760 808 2814 ut
823 2751 958 2835 primum
973 2752 1068 2816 scires
1084 2773 1134 2815 me
1154 2773 1312 2839 nunquam
1328 2756 1464 2820 voluisse

149 2847 216 2933 plns
228 2865 417 2932 quemqnam
430 2863 522 2928 posse
537 2865 630 2929 quam
652 2843 829 2907 universam
847 2865 915 2907 rem
930 2843 1106 2928 publicam;
1128 2855 1235 2930 postea
1250 2856 1354 2913 autem
1372 2870 1465 2935 quam

149 2939 278 3005 alicuius
299 2939 389 3023 culpa
419 2944 537 3002 tantum
565 2937 683 3000 valeret
704 2958 799 3011 nnus,
830 2948 863 3002 ut
885 2936 994 3002 obsisti
1016 2960 1078 3002 non
1101 2949 1222 3022 posset,
1256 2961 1306 3003 me
1329 2941 1465 3007 voluisse

150 3054 275 3121 pacem;
297 3032 413 3097 amisso
435 3030 576 3094 exercitu
599 3039 631 3094 et
652 3052 691 3095 eo
713 3030 805 3103 duce,
829 3031 861 3094 in
879 3053 942 3117 quo
957 3052 1028 3116 spes
1044 3032 1145 3096 luerat
1162 3055 1242 3108 uno,
1266 3056 1315 3098 me
1327 3036 1464 3100 voluisse

150 3127 243 3191 etiam
267 3125 396 3211 reliquis
418 3122 579 3193 omnibus:
602 3133 767 3210 postquam
789 3145 851 3188 non
875 3125 1051 3209 potuerim,
1074 3125 1150 3189 mihi
1172 3126 1231 3212 ipsi
1248 3127 1502 3203 linemlecissew

150 3219 242 3299 belli;
271 3239 353 3284 nunc
373 3226 494 3292 autem,
524 3218 551 3282 si
575 3217 651 3280 baec
676 3217 783 3282 civitas
805 3226 865 3293 est,
901 3219 1001 3282 civem
1027 3239 1094 3282 esse
1121 3241 1185 3297 me;
1222 3220 1248 3284 si
1272 3243 1349 3296 non,
1372 3243 1465 3287 exsu-

150 3314 211 3379 lem
243 3332 394 3377 essenon
416 3311 664 3376 incommodiore
687 3311 774 3385 loco,
804 3333 897 3398 quam
927 3311 954 3376 si
975 3311 1118 3377 Rhodum
1147 3335 1197 3377 me
1230 3324 1283 3378 aut
1304 3316 1465 3403 Mytilenas

150 3406 359 3471 contulissem.
417 3410 446 3469 6.
469 3409 561 3469 Haec.
574 3414 674 3468 tecum
697 3425 803 3469 coram
821 3406 1008 3482 malueram;
1031 3406 1084 3470 sed
1107 3407 1181 3492 quia
1206 3408 1329 3491 longius
1355 3408 1464 3485 fiebat,

151 3499 235 3565 volui
254 3520 311 3584 per
333 3498 451 3563 litteras
475 3497 600 3573 eadem,
616 3507 650 3562 ut
671 3497 826 3571 haberes,
850 3499 925 3585 quid
954 3500 1088 3572 diceres,
1112 3500 1276 3588 siquando
1292 3501 1324 3565 in
1346 3502 1465 3587 vitupe-

151 3602 271 3658 ratores
297 3612 385 3656 meos
407 3591 581 3656 incidisses.
625 3595 702 3655 Sunt
721 3593 820 3666 enim,
844 3593 913 3679 qui,
936 3614 1006 3658 cnm
1024 3614 1112 3657 meus
1137 3592 1279 3658 interitus
1304 3594 1379 3658 nibil
1399 3594 1502 3666 sue-ss

151 3687 193 3752 rit
211 3686 258 3750 rei
289 3684 433 3772 publicae
470 3685 670 3770 profuturus,
707 3686 846 3751 criminis
878 3687 948 3753 loco
978 3696 1085 3772 putent
1121 3709 1204 3763 esse,
1236 3687 1320 3773 quod
1350 3689 1464 3752 vivam.

152 3779 274 3858 Quibus
293 3800 353 3864 ego
376 3789 462 3844 certo
477 3780 551 3843 scio
573 3800 637 3843 non
656 3778 757 3843 videri
783 3780 856 3844 satis
884 3781 998 3845 multos
1017 3781 1155 3865 perisse:
1184 3780 1262 3868 qui,
1285 3782 1310 3844 si
1332 3802 1382 3844 me
1411 3803 1466 3848 au-

152 3872 281 3948 dissent,
303 3872 446 3958 quamvis
464 3873 570 3958 iniqua
591 3893 682 3958 pace,
705 3871 834 3936 honeste
856 3882 959 3936 tamen
983 3873 1141 3951 viverent;
1163 3873 1258 3938 armis
1281 3874 1364 3937 enim
1388 3874 1465 3940 inle-

152 3966 269 4039 riores,
292 3989 356 4032 non
377 3986 469 4030 causa
486 3966 623 4030 fuissent.
667 3964 771 4029 lIabes
793 3965 955 4049 epistolam
975 3965 1190 4031 verbosiorem
1207 3965 1349 4041 sortasse,
1371 3990 1465 4054 quam

154 4060 256 4125 velles.
301 4059 394 4138 Quod
416 4059 473 4124 tibi
489 4059 531 4123 ita
549 4058 649 4124 videri
668 4057 799 4144 putabo,
821 4059 880 4122 nisi
903 4058 979 4122 mihi
994 4059 1168 4144 longiorem
1191 4061 1359 4127 remiseris.
1387 4067 1503 4148 Egon

154 4152 194 4229 si,
216 4174 296 4239 qnae
317 4153 408 4228 volo,
430 4152 617 4239 expediero,
640 4151 730 4216 brevi
752 4163 893 4238 tempore
915 4162 960 4226 te,
983 4162 1017 4217 ut
1036 4175 1149 4239 spero,
1171 4154 1295 4220 videbo.

625 4277 676 4338 1v.
720 4273 769 4357 (l.
795 4276 826 4338 v.
849 4276 881 4339 c.
904 4271 989 4357 vos.)

539 4381 579 4441 n.
602 4378 743 4442 crcnno
768 4379 798 4441 s
820 4381 857 4440 n.
880 4381 920 4441 n.
942 4379 1079 4442 nanto.

234 4493 271 4556 A.
294 4488 324 4554 d.
347 4510 395 4554 rx.
416 4488 484 4553 Kal.
502 4487 534 4552 in
557 4492 727 4554 Cumanum
749 4487 821 4553 veni
841 4509 913 4552 cum
933 4487 1053 4553 Libone
1068 4500 1122 4555 tuo
1142 4490 1191 4555 vel
1211 4500 1320 4557 nostro
1344 4493 1464 4577 potins;

154 4582 427 4668 inPompeianum
455 4581 558 4646 statim
586 4582 700 4666 cogito,
731 4581 786 4647 sed
807 4581 919 4646 faciam
946 4592 1017 4648 ante
1039 4593 1068 4647 tc
1090 4583 1267 4650 certiorem.
1326 4590 1369 4649 Tc
1391 4607 1462 4650 cum
1475 4616 1502 4658 aa

221 4746 249 4796 d.
267 4746 331 4794 mibi
348 4745 406 4794 belli
424 4745 468 4794 ti:
488 4745 548 4794 aaut
565 4746 628 4794 mitt
647 4745 676 4794 E.
695 4769 728 4781 -
764 4746 807 4794 ll).
826 4746 996 4795 cmucidcadu
1014 4745 1050 4795 Μ.
1073 4770 1103 4781 -·
1123 4747 1164 4794 12.
1184 4748 1224 4795 bis
1240 4746 1278 4796 Μ.
1299 4773 1330 4782 -
1352 4749 1393 4797 19.
1412 4761 1466 4797 noo

153 4815 192 4867 li:
214 4815 288 4864 nullu
308 4815 337 4863 ll.
357 4840 389 4850 -
407 4816 490 4863 vivon
507 4815 544 4865 Μ.
564 4839 594 4850 -
612 4815 709 4864 multoc
726 4829 819 4865 causae
836 4815 882 4865 bl:
903 4816 1000 4865 multae
1019 4814 1085 4877 (om.
1105 4816 1209 4873 caueae)
1228 4816 1258 4865 Β.
1277 4843 1309 4852 -
1328 4817 1372 4866 32.
1399 4818 1466 4866 Rbu-

154 4887 214 4936 dam
230 4899 269 4936 me
286 4891 334 4935 aut
352 4884 417 4935 Cod.
438 4884 678 4948 Guelferbytanus:
699 4886 816 4936 Rhodam
833 4892 881 4936 out
900 4884 959 4935 ΜΒ.
977 4908 1009 4918 -
1047 4884 1091 4935 34.
1110 4887 1173 4950 quid
1189 4885 1234 4937 lit
1253 4887 1322 4949 quod
1340 4886 1371 4936 Ε.
