<?xml version="1.0" encoding="UTF-8"?>
<!DOCTYPE html PUBLIC "-//W3C//DTD XHTML 1.0 Transitional//EN"
    "http://www.w3.org/TR/xhtml1/DTD/xhtml1-transitional.dtd">
<html xmlns="http://www.w3.org/1999/xhtml" xml:lang="en" lang="en">
 <head>
  <title>
</title>
<meta http-equiv="Content-Type" content="text/html;charset=utf-8" />
  <meta name='ocr-system' content='tesseract 3.04.00' />
  <meta name='ocr-capabilities' content='ocr_page ocr_carea ocr_par ocr_line ocrx_word'/>
</head>
<body>
  <div class='ocr_page' id='page_1' title='image "./operaquaesupers06halmgoog_0770.png"; bbox 0 0 3216 5408; ppageno 0'>
   <div class='ocr_carea' id='block_1_1' title="bbox 171 211 1011 313">
    <p class='ocr_par' dir='ltr' id='par_1_1' title="bbox 171 211 1011 313">
     <span class='ocr_line' id='line_1_1' title="bbox 171 211 1011 313; baseline 0.004 -41"><span class='ocrx_word' id='word_1_1' title='bbox 171 226 235 288; x_wconf 71' lang='lat'>700</span> <span class='ocrx_word' id='word_1_2' title='bbox 682 214 741 276; x_wconf 80' lang='lat' dir='ltr'>ne.</span> <span class='ocrx_word' id='word_1_3' title='bbox 763 215 815 277; x_wconf 82' lang='lat' dir='ltr'>in</span> <span class='ocrx_word' id='word_1_4' title='bbox 837 211 1011 313; x_wconf 76' lang='lat' dir='ltr'>arricnu</span> 
     </span>
    </p>
   </div>
   <div class='ocr_carea' id='block_1_2' title="bbox 138 367 1540 1676">
    <p class='ocr_par' dir='ltr' id='par_1_2' title="bbox 152 367 1540 1210">
     <span class='ocr_line' id='line_1_2' title="bbox 172 367 1540 458; baseline -0.005 -16"><span class='ocrx_word' id='word_1_5' title='bbox 172 385 202 446; x_wconf 76' lang='lat' dir='ltr'>i.</span> <span class='ocrx_word' id='word_1_6' title='bbox 225 383 301 444; x_wconf 85' lang='lat' dir='ltr'>Nam</span> <span class='ocrx_word' id='word_1_7' title='bbox 323 374 362 440; x_wconf 95' lang='lat' dir='ltr'>de</span> <span class='ocrx_word' id='word_1_8' title='bbox 383 392 483 458; x_wconf 90' lang='lat' dir='ltr'>puero</span> <span class='ocrx_word' id='word_1_9' title='bbox 506 368 615 436; x_wconf 86' lang='lat' dir='ltr'>Clodio</span> <span class='ocrx_word' id='word_1_10' title='bbox 638 378 705 434; x_wconf 88' lang='lat' dir='ltr'>tuas</span> <span class='ocrx_word' id='word_1_11' title='bbox 727 380 832 456; x_wconf 89' lang='lat' dir='ltr'>partes</span> <span class='ocrx_word' id='word_1_12' title='bbox 847 390 917 434; x_wconf 89' lang='lat' dir='ltr'>esse</span> <span class='ocrx_word' id='word_1_13' title='bbox 932 367 1087 443; x_wconf 79' lang='lat' dir='ltr'>arbitror,</span> <span class='ocrx_word' id='word_1_14' title='bbox 1109 378 1147 435; x_wconf 92' lang='lat' dir='ltr'>ut</span> <span class='ocrx_word' id='word_1_15' title='bbox 1171 369 1249 435; x_wconf 89' lang='lat' dir='ltr'>eius</span> <span class='ocrx_word' id='word_1_16' title='bbox 1274 370 1433 435; x_wconf 87' lang='lat' dir='ltr'>animum</span> <span class='ocrx_word' id='word_1_17' title='bbox 1455 379 1540 436; x_wconf 87' lang='lat' dir='ltr'>tena-</span> 
     </span>
     <span class='ocr_line' id='line_1_3' title="bbox 173 460 1540 555; baseline -0.004 -20"><span class='ocrx_word' id='word_1_18' title='bbox 173 494 261 544; x_wconf 89' lang='lat' dir='ltr'>rum,</span> <span class='ocrx_word' id='word_1_19' title='bbox 284 464 546 555; x_wconf 85' lang='lat' dir='ltr'><strong>quemadmodum</strong></span> <span class='ocrx_word' id='word_1_20' title='bbox 569 462 695 538; x_wconf 88' lang='lat' dir='ltr'>scribis.</span> <span class='ocrx_word' id='word_1_21' title='bbox 734 464 772 528; x_wconf 91' lang='lat' dir='ltr'>iis</span> <span class='ocrx_word' id='word_1_22' title='bbox 794 460 997 549; x_wconf 79' lang='lat' dir='ltr'><strong>opinionibus</strong></span> <span class='ocrx_word' id='word_1_23' title='bbox 1013 462 1156 536; x_wconf 80' lang='lat' dir='ltr'><strong>imbuas,</strong></span> <span class='ocrx_word' id='word_1_24' title='bbox 1189 472 1229 528; x_wconf 92' lang='lat' dir='ltr'>ut</span> <span class='ocrx_word' id='word_1_25' title='bbox 1254 485 1303 528; x_wconf 92' lang='lat' dir='ltr'>ne</span> <span class='ocrx_word' id='word_1_26' title='bbox 1328 486 1416 550; x_wconf 88' lang='lat' dir='ltr'>quas</span> <span class='ocrx_word' id='word_1_27' title='bbox 1438 463 1540 530; x_wconf 90' lang='lat' dir='ltr'>inimi-</span> 
     </span>
     <span class='ocr_line' id='line_1_4' title="bbox 174 555 1537 633; baseline -0.006 -2"><span class='ocrx_word' id='word_1_28' title='bbox 174 566 262 631; x_wconf 88' lang='lat' dir='ltr'>citias</span> <span class='ocrx_word' id='word_1_29' title='bbox 290 562 430 627; x_wconf 90' lang='lat' dir='ltr'>residere</span> <span class='ocrx_word' id='word_1_30' title='bbox 461 559 493 622; x_wconf 91' lang='lat' dir='ltr'>in</span> <span class='ocrx_word' id='word_1_31' title='bbox 524 558 648 622; x_wconf 79' lang='lat' dir='ltr'>familiis</span> <span class='ocrx_word' id='word_1_32' title='bbox 677 556 794 622; x_wconf 93' lang='lat' dir='ltr'>nostris</span> <span class='ocrx_word' id='word_1_33' title='bbox 816 555 997 626; x_wconf 72' lang='lat' dir='ltr'>arbitretur.</span> <span class='ocrx_word' id='word_1_34' title='bbox 1042 556 1203 622; x_wconf 88' lang='lat' dir='ltr'>Contendi</span> <span class='ocrx_word' id='word_1_35' title='bbox 1227 577 1314 622; x_wconf 89' lang='lat' dir='ltr'>cum</span> <span class='ocrx_word' id='word_1_36' title='bbox 1340 561 1378 622; x_wconf 91' lang='lat' dir='ltr'>P.</span> <span class='ocrx_word' id='word_1_37' title='bbox 1404 556 1537 633; x_wconf 89' lang='lat' dir='ltr'>Clodio,</span> 
     </span>
     <span class='ocr_line' id='line_1_5' title="bbox 174 649 1539 740; baseline -0.005 -16"><span class='ocrx_word' id='word_1_38' title='bbox 174 680 246 724; x_wconf 91' lang='lat' dir='ltr'>cum</span> <span class='ocrx_word' id='word_1_39' title='bbox 280 676 338 740; x_wconf 82' lang='lat' dir='ltr'>ego</span> <span class='ocrx_word' id='word_1_40' title='bbox 367 652 523 738; x_wconf 89' lang='lat' dir='ltr'>publicam</span> <span class='ocrx_word' id='word_1_41' title='bbox 552 672 693 726; x_wconf 89' lang='lat' dir='ltr'>causam,</span> <span class='ocrx_word' id='word_1_42' title='bbox 726 651 778 715; x_wconf 89' lang='lat' dir='ltr'>ille</span> <span class='ocrx_word' id='word_1_43' title='bbox 800 671 888 714; x_wconf 86' lang='lat' dir='ltr'>suam</span> <span class='ocrx_word' id='word_1_44' title='bbox 910 649 1103 716; x_wconf 85' lang='lat' dir='ltr'>defenderet.</span> <span class='ocrx_word' id='word_1_45' title='bbox 1148 655 1295 715; x_wconf 81' lang='lat' dir='ltr'>Nostros</span> <span class='ocrx_word' id='word_1_46' title='bbox 1320 653 1539 717; x_wconf 88' lang='lat' dir='ltr'>concertatio·</span> 
     </span>
     <span class='ocr_line' id='line_1_6' title="bbox 152 744 1537 834; baseline -0.005 -16"><span class='ocrx_word' id='word_1_47' title='bbox 152 773 231 820; x_wconf 88' lang='lat' dir='ltr'>sues</span> <span class='ocrx_word' id='word_1_48' title='bbox 260 771 311 815; x_wconf 89' lang='lat' dir='ltr'>res</span> <span class='ocrx_word' id='word_1_49' title='bbox 339 746 462 834; x_wconf 93' lang='lat' dir='ltr'>publica</span> <span class='ocrx_word' id='word_1_50' title='bbox 492 744 685 811; x_wconf 79' lang='lat' dir='ltr'>diiudicarit.</span> <span class='ocrx_word' id='word_1_51' title='bbox 744 744 777 808; x_wconf 91' lang='lat' dir='ltr'>Si</span> <span class='ocrx_word' id='word_1_52' title='bbox 800 745 935 817; x_wconf 87' lang='lat' dir='ltr'>viveret,</span> <span class='ocrx_word' id='word_1_53' title='bbox 969 744 1046 809; x_wconf 92' lang='lat' dir='ltr'>mihi</span> <span class='ocrx_word' id='word_1_54' title='bbox 1067 765 1138 809; x_wconf 91' lang='lat' dir='ltr'>cum</span> <span class='ocrx_word' id='word_1_55' title='bbox 1164 744 1223 809; x_wconf 93' lang='lat' dir='ltr'>illo</span> <span class='ocrx_word' id='word_1_56' title='bbox 1251 744 1350 810; x_wconf 88' lang='lat' dir='ltr'>nulla</span> <span class='ocrx_word' id='word_1_57' title='bbox 1374 748 1537 811; x_wconf 88' lang='lat' dir='ltr'>contentio</span> 
     </span>
     <span class='ocr_line' id='line_1_7' title="bbox 174 839 1536 925; baseline -0.004 -14"><span class='ocrx_word' id='word_1_58' title='bbox 174 846 236 911; x_wconf 91' lang='lat' dir='ltr'>iam</span> <span class='ocrx_word' id='word_1_59' title='bbox 258 850 410 907; x_wconf 88' lang='lat' dir='ltr'>maneret.</span> <span class='ocrx_word' id='word_1_60' title='bbox 467 844 497 908; x_wconf 82' lang='lat'>5.</span> <span class='ocrx_word' id='word_1_61' title='bbox 528 844 650 917; x_wconf 80' lang='lat' dir='ltr'><strong>Quare,</strong></span> <span class='ocrx_word' id='word_1_62' title='bbox 688 839 835 924; x_wconf 91' lang='lat' dir='ltr'>quoniam</span> <span class='ocrx_word' id='word_1_63' title='bbox 857 839 918 904; x_wconf 93' lang='lat' dir='ltr'>hoc</span> <span class='ocrx_word' id='word_1_64' title='bbox 940 860 959 902; x_wconf 92' lang='lat' dir='ltr'>a</span> <span class='ocrx_word' id='word_1_65' title='bbox 979 860 1031 903; x_wconf 87' lang='lat' dir='ltr'>ma</span> <span class='ocrx_word' id='word_1_66' title='bbox 1053 839 1099 903; x_wconf 92' lang='lat' dir='ltr'>sic</span> <span class='ocrx_word' id='word_1_67' title='bbox 1120 839 1234 921; x_wconf 91' lang='lat' dir='ltr'>petis,</span> <span class='ocrx_word' id='word_1_68' title='bbox 1279 850 1337 912; x_wconf 90' lang='lat' dir='ltr'>ut,</span> <span class='ocrx_word' id='word_1_69' title='bbox 1379 861 1466 925; x_wconf 89' lang='lat' dir='ltr'>quae</span> <span class='ocrx_word' id='word_1_70' title='bbox 1488 852 1536 905; x_wconf 85' lang='lat' dir='ltr'>tua</span> 
     </span>
     <span class='ocr_line' id='line_1_8' title="bbox 175 933 1535 1026; baseline -0.003 -24"><span class='ocrx_word' id='word_1_71' title='bbox 175 948 311 1026; x_wconf 88' lang='lat' dir='ltr'>potestas</span> <span class='ocrx_word' id='word_1_72' title='bbox 334 948 395 1009; x_wconf 90' lang='lat' dir='ltr'>est,</span> <span class='ocrx_word' id='word_1_73' title='bbox 433 957 469 999; x_wconf 88' lang='lat' dir='ltr'>ea</span> <span class='ocrx_word' id='word_1_74' title='bbox 490 956 586 1018; x_wconf 78' lang='lat' dir='ltr'>neges</span> <span class='ocrx_word' id='word_1_75' title='bbox 608 944 638 998; x_wconf 90' lang='lat' dir='ltr'>te</span> <span class='ocrx_word' id='word_1_76' title='bbox 661 954 712 997; x_wconf 90' lang='lat' dir='ltr'>me</span> <span class='ocrx_word' id='word_1_77' title='bbox 734 933 833 997; x_wconf 79' lang='lat' dir='ltr'>invito</span> <span class='ocrx_word' id='word_1_78' title='bbox 856 954 1005 1007; x_wconf 91' lang='lat' dir='ltr'>usurum.</span> <span class='ocrx_word' id='word_1_79' title='bbox 1042 953 1143 1019; x_wconf 88' lang='lat' dir='ltr'>puero</span> <span class='ocrx_word' id='word_1_80' title='bbox 1178 954 1326 1019; x_wconf 87' lang='lat' dir='ltr'>quoque</span> <span class='ocrx_word' id='word_1_81' title='bbox 1358 934 1535 999; x_wconf 85' lang='lat' dir='ltr'>became</span> 
     </span>
     <span class='ocr_line' id='line_1_9' title="bbox 176 1025 1536 1114; baseline -0.003 -17"><span class='ocrx_word' id='word_1_82' title='bbox 176 1031 279 1103; x_wconf 88' lang='lat' dir='ltr'>dabis.</span> <span class='ocrx_word' id='word_1_83' title='bbox 302 1031 329 1095; x_wconf 92' lang='lat' dir='ltr'>si</span> <span class='ocrx_word' id='word_1_84' title='bbox 352 1027 407 1093; x_wconf 92' lang='lat' dir='ltr'>tibi</span> <span class='ocrx_word' id='word_1_85' title='bbox 429 1027 604 1092; x_wconf 89' lang='lat' dir='ltr'>videbitur:</span> <span class='ocrx_word' id='word_1_86' title='bbox 636 1048 699 1091; x_wconf 94' lang='lat' dir='ltr'>non</span> <span class='ocrx_word' id='word_1_87' title='bbox 722 1049 785 1112; x_wconf 92' lang='lat' dir='ltr'>quo</span> <span class='ocrx_word' id='word_1_88' title='bbox 808 1034 862 1091; x_wconf 90' lang='lat' dir='ltr'>aut</span> <span class='ocrx_word' id='word_1_89' title='bbox 883 1036 969 1091; x_wconf 86' lang='lat' dir='ltr'>aetas</span> <span class='ocrx_word' id='word_1_90' title='bbox 991 1038 1097 1092; x_wconf 91' lang='lat' dir='ltr'>nostra</span> <span class='ocrx_word' id='word_1_91' title='bbox 1120 1025 1162 1090; x_wconf 94' lang='lat' dir='ltr'>ab</span> <span class='ocrx_word' id='word_1_92' title='bbox 1187 1027 1284 1092; x_wconf 89' lang='lat' dir='ltr'>illius</span> <span class='ocrx_word' id='word_1_93' title='bbox 1310 1038 1426 1093; x_wconf 86' lang='lat' dir='ltr'>aetate</span> <span class='ocrx_word' id='word_1_94' title='bbox 1449 1029 1536 1114; x_wconf 79' lang='lat' dir='ltr'>quid</span> 
     </span>
     <span class='ocr_line' id='line_1_10' title="bbox 176 1118 1534 1210; baseline -0.001 -21"><span class='ocrx_word' id='word_1_95' title='bbox 176 1147 269 1210; x_wconf 85' lang='lat' dir='ltr'>quam</span> <span class='ocrx_word' id='word_1_96' title='bbox 300 1122 412 1189; x_wconf 88' lang='lat' dir='ltr'>debeat</span> <span class='ocrx_word' id='word_1_97' title='bbox 440 1121 572 1207; x_wconf 88' lang='lat' dir='ltr'>periculi</span> <span class='ocrx_word' id='word_1_98' title='bbox 605 1121 759 1206; x_wconf 90' lang='lat' dir='ltr'>suspicari</span> <span class='ocrx_word' id='word_1_99' title='bbox 787 1130 841 1185; x_wconf 89' lang='lat' dir='ltr'>aut</span> <span class='ocrx_word' id='word_1_100' title='bbox 874 1118 1007 1203; x_wconf 78' lang='lat' dir='ltr'>dignitas</span> <span class='ocrx_word' id='word_1_101' title='bbox 1043 1141 1113 1184; x_wconf 91' lang='lat' dir='ltr'>mea</span> <span class='ocrx_word' id='word_1_102' title='bbox 1142 1119 1249 1185; x_wconf 89' lang='lat' dir='ltr'>ullam</span> <span class='ocrx_word' id='word_1_103' title='bbox 1288 1123 1534 1188; x_wconf 85' lang='lat' dir='ltr'>contentionem</span> 
     </span>
    </p>

    <p class='ocr_par' dir='ltr' id='par_1_3' title="bbox 138 1214 1535 1676">
     <span class='ocr_line' id='line_1_11' title="bbox 138 1214 1535 1301; baseline -0.001 -19"><span class='ocrx_word' id='word_1_104' title='bbox 138 1249 164 1291; x_wconf 74' lang='grc' dir='ltr'><strong>ω</strong></span> <span class='ocrx_word' id='word_1_105' title='bbox 176 1218 371 1286; x_wconf 82' lang='lat' dir='ltr'>extimescat,</span> <span class='ocrx_word' id='word_1_106' title='bbox 394 1215 450 1280; x_wconf 91' lang='lat' dir='ltr'>sed</span> <span class='ocrx_word' id='word_1_107' title='bbox 471 1224 506 1280; x_wconf 93' lang='lat' dir='ltr'>ut</span> <span class='ocrx_word' id='word_1_108' title='bbox 526 1225 648 1279; x_wconf 91' lang='lat' dir='ltr'>nosmet</span> <span class='ocrx_word' id='word_1_109' title='bbox 669 1215 729 1300; x_wconf 93' lang='lat' dir='ltr'>ipsi</span> <span class='ocrx_word' id='word_1_110' title='bbox 751 1215 832 1278; x_wconf 90' lang='lat' dir='ltr'>inter</span> <span class='ocrx_word' id='word_1_111' title='bbox 854 1235 911 1278; x_wconf 90' lang='lat' dir='ltr'>nos</span> <span class='ocrx_word' id='word_1_112' title='bbox 934 1214 1166 1279; x_wconf 92' lang='lat' dir='ltr'>coniunctiores</span> <span class='ocrx_word' id='word_1_113' title='bbox 1189 1216 1324 1288; x_wconf 89' lang='lat' dir='ltr'>simus,</span> <span class='ocrx_word' id='word_1_114' title='bbox 1359 1237 1464 1301; x_wconf 83' lang='lat' dir='ltr'>quam</span> <span class='ocrx_word' id='word_1_115' title='bbox 1486 1216 1535 1281; x_wconf 85' lang='lat' dir='ltr'>ad-</span> 
     </span>
     <span class='ocr_line' id='line_1_12' title="bbox 176 1306 1533 1395; baseline 0 -20"><span class='ocrx_word' id='word_1_116' title='bbox 176 1310 237 1375; x_wconf 91' lang='lat' dir='ltr'>buc</span> <span class='ocrx_word' id='word_1_117' title='bbox 264 1310 389 1374; x_wconf 85' lang='lat' dir='ltr'>luimus.</span> <span class='ocrx_word' id='word_1_118' title='bbox 433 1306 703 1393; x_wconf 88' lang='lat' dir='ltr'>Interpellantibns</span> <span class='ocrx_word' id='word_1_119' title='bbox 732 1308 815 1371; x_wconf 93' lang='lat' dir='ltr'>enim</span> <span class='ocrx_word' id='word_1_120' title='bbox 844 1307 890 1373; x_wconf 89' lang='lat' dir='ltr'>bis</span> <span class='ocrx_word' id='word_1_121' title='bbox 923 1308 1114 1381; x_wconf 88' lang='lat' dir='ltr'>inimicitiis,</span> <span class='ocrx_word' id='word_1_122' title='bbox 1153 1309 1293 1374; x_wconf 91' lang='lat' dir='ltr'>animus</span> <span class='ocrx_word' id='word_1_123' title='bbox 1324 1318 1408 1375; x_wconf 92' lang='lat' dir='ltr'>tuus</span> <span class='ocrx_word' id='word_1_124' title='bbox 1441 1311 1533 1395; x_wconf 80' lang='lat' dir='ltr'>magis</span> 
     </span>
     <span class='ocr_line' id='line_1_13' title="bbox 176 1400 1533 1490; baseline 0.001 -22"><span class='ocrx_word' id='word_1_125' title='bbox 176 1403 275 1490; x_wconf 91' lang='lat' dir='ltr'>patuit</span> <span class='ocrx_word' id='word_1_126' title='bbox 297 1423 389 1488; x_wconf 89' lang='lat' dir='ltr'>quam</span> <span class='ocrx_word' id='word_1_127' title='bbox 412 1402 533 1466; x_wconf 91' lang='lat' dir='ltr'>domus.</span> <span class='ocrx_word' id='word_1_128' title='bbox 591 1402 651 1466; x_wconf 85' lang='lat' dir='ltr'>Sed</span> <span class='ocrx_word' id='word_1_129' title='bbox 674 1401 751 1466; x_wconf 91' lang='lat' dir='ltr'>baec</span> <span class='ocrx_word' id='word_1_130' title='bbox 772 1402 929 1467; x_wconf 89' lang='lat' dir='ltr'>hactenus.</span> <span class='ocrx_word' id='word_1_131' title='bbox 985 1400 1064 1467; x_wconf 94' lang='lat' dir='ltr'>lllud</span> <span class='ocrx_word' id='word_1_132' title='bbox 1086 1411 1297 1468; x_wconf 82' lang='lat' dir='ltr'>extremum:</span> <span class='ocrx_word' id='word_1_133' title='bbox 1341 1424 1429 1489; x_wconf 82' lang='lat' dir='ltr'>ego,</span> <span class='ocrx_word' id='word_1_134' title='bbox 1458 1427 1533 1489; x_wconf 85' lang='lat' dir='ltr'>quae</span> 
     </span>
     <span class='ocr_line' id='line_1_14' title="bbox 176 1494 1533 1581; baseline 0.002 -20"><span class='ocrx_word' id='word_1_135' title='bbox 176 1506 207 1562; x_wconf 92' lang='lat' dir='ltr'>te</span> <span class='ocrx_word' id='word_1_136' title='bbox 231 1496 309 1560; x_wconf 86' lang='lat' dir='ltr'>velle</span> <span class='ocrx_word' id='word_1_137' title='bbox 340 1517 482 1581; x_wconf 90' lang='lat' dir='ltr'>quaeque</span> <span class='ocrx_word' id='word_1_138' title='bbox 511 1495 549 1560; x_wconf 88' lang='lat' dir='ltr'>ad</span> <span class='ocrx_word' id='word_1_139' title='bbox 579 1506 609 1560; x_wconf 92' lang='lat' dir='ltr'>te</span> <span class='ocrx_word' id='word_1_140' title='bbox 637 1496 795 1581; x_wconf 90' lang='lat' dir='ltr'>pertinere</span> <span class='ocrx_word' id='word_1_141' title='bbox 824 1494 1024 1569; x_wconf 89' lang='lat' dir='ltr'>arbitrabor.</span> <span class='ocrx_word' id='word_1_142' title='bbox 1060 1516 1189 1581; x_wconf 83' lang='lat' dir='ltr'>semper</span> <span class='ocrx_word' id='word_1_143' title='bbox 1211 1497 1291 1562; x_wconf 89' lang='lat' dir='ltr'>sine</span> <span class='ocrx_word' id='word_1_144' title='bbox 1316 1498 1390 1563; x_wconf 90' lang='lat' dir='ltr'>ulla</span> <span class='ocrx_word' id='word_1_145' title='bbox 1413 1498 1533 1564; x_wconf 84' lang='lat' dir='ltr'>dubita·</span> 
     </span>
     <span class='ocr_line' id='line_1_15' title="bbox 177 1587 1374 1676; baseline 0.003 -20"><span class='ocrx_word' id='word_1_146' title='bbox 177 1591 263 1656; x_wconf 92' lang='lat' dir='ltr'>tione</span> <span class='ocrx_word' id='word_1_147' title='bbox 284 1610 407 1655; x_wconf 93' lang='lat' dir='ltr'>summo</span> <span class='ocrx_word' id='word_1_148' title='bbox 429 1589 534 1654; x_wconf 91' lang='lat' dir='ltr'>studio</span> <span class='ocrx_word' id='word_1_149' title='bbox 556 1587 677 1654; x_wconf 85' lang='lat' dir='ltr'>faciam.</span> <span class='ocrx_word' id='word_1_150' title='bbox 720 1594 788 1654; x_wconf 89' lang='lat' dir='ltr'>lloc</span> <span class='ocrx_word' id='word_1_151' title='bbox 809 1590 901 1654; x_wconf 89' lang='lat' dir='ltr'>velim</span> <span class='ocrx_word' id='word_1_152' title='bbox 924 1588 981 1654; x_wconf 93' lang='lat' dir='ltr'>tibi</span> <span class='ocrx_word' id='word_1_153' title='bbox 1002 1589 1125 1676; x_wconf 92' lang='lat' dir='ltr'>penitus</span> <span class='ocrx_word' id='word_1_154' title='bbox 1145 1591 1374 1675; x_wconf 82' lang='lat' dir='ltr'>persuadeas.</span> 
     </span>
    </p>
   </div>
   <div class='ocr_carea' id='block_1_3' title="bbox 145 1760 1038 1947">
    <p class='ocr_par' dir='ltr' id='par_1_4' title="bbox 145 1760 1038 1947">
     <span class='ocr_line' id='line_1_16' title="bbox 145 1760 1038 1840; baseline 0.003 -21"><span class='ocrx_word' id='word_1_155' title='bbox 145 1771 171 1808; x_wconf 77' lang='grc' dir='ltr'>ιι</span> <span class='ocrx_word' id='word_1_156' title='bbox 640 1763 721 1825; x_wconf 76' lang='lat' dir='ltr'>mr.</span> <span class='ocrx_word' id='word_1_157' title='bbox 763 1760 814 1840; x_wconf 76' lang='lat' dir='ltr'>(A.</span> <span class='ocrx_word' id='word_1_158' title='bbox 840 1762 872 1824; x_wconf 85' lang='lat' dir='ltr'>u</span> <span class='ocrx_word' id='word_1_159' title='bbox 895 1762 926 1824; x_wconf 82' lang='lat' dir='ltr'>c,</span> <span class='ocrx_word' id='word_1_160' title='bbox 949 1763 1038 1838; x_wconf 87' lang='lat'>710.)</span> 
     </span>
     <span class='ocr_line' id='line_1_17' title="bbox 662 1883 1024 1947; baseline -0.006 0"><span class='ocrx_word' id='word_1_161' title='bbox 662 1883 804 1947; x_wconf 81' lang='lat' dir='ltr'>cremo</span> <span class='ocrx_word' id='word_1_162' title='bbox 827 1883 970 1946; x_wconf 77' lang='lat' dir='ltr'>arrico</span> <span class='ocrx_word' id='word_1_163' title='bbox 994 1884 1024 1945; x_wconf 84' lang='lat' dir='ltr'>s</span> 
     </span>
    </p>
   </div>
   <div class='ocr_carea' id='block_1_4' title="bbox 141 2001 1529 3874">
    <p class='ocr_par' dir='ltr' id='par_1_5' title="bbox 178 2001 1529 2283">
     <span class='ocr_line' id='line_1_18' title="bbox 264 2001 1529 2078; baseline 0.005 -10"><span class='ocrx_word' id='word_1_164' title='bbox 264 2010 292 2069; x_wconf 89' lang='lat'>1.</span> <span class='ocrx_word' id='word_1_165' title='bbox 315 2005 467 2068; x_wconf 81' lang='lat' dir='ltr'>Iteradum</span> <span class='ocrx_word' id='word_1_166' title='bbox 488 2005 588 2066; x_wconf 89' lang='lat' dir='ltr'>eadem</span> <span class='ocrx_word' id='word_1_167' title='bbox 609 2007 669 2066; x_wconf 87' lang='lat' dir='ltr'>isia</span> <span class='ocrx_word' id='word_1_168' title='bbox 697 2006 781 2070; x_wconf 81' lang='lat' dir='ltr'>milii.</span> <span class='ocrx_word' id='word_1_169' title='bbox 840 2007 1014 2067; x_wconf 87' lang='lat' dir='ltr'>Coronatus</span> <span class='ocrx_word' id='word_1_170' title='bbox 1041 2001 1174 2078; x_wconf 83' lang='lat' dir='ltr'>Quintus</span> <span class='ocrx_word' id='word_1_171' title='bbox 1196 2015 1319 2070; x_wconf 88' lang='lat' dir='ltr'>noster</span> <span class='ocrx_word' id='word_1_172' title='bbox 1343 2008 1529 2076; x_wconf 76' lang='lat' dir='ltr'>Parilibus?</span> 
     </span>
     <span class='ocr_line' id='line_1_19' title="bbox 178 2094 1528 2188; baseline 0.003 -24"><span class='ocrx_word' id='word_1_173' title='bbox 178 2097 340 2165; x_wconf 84' lang='lat' dir='ltr'>Parilibus.</span> <span class='ocrx_word' id='word_1_174' title='bbox 385 2096 536 2162; x_wconf 76' lang='lat' dir='ltr'>solusne?</span> <span class='ocrx_word' id='word_1_175' title='bbox 559 2097 661 2161; x_wconf 88' lang='lat' dir='ltr'>Solus.</span> <span class='ocrx_word' id='word_1_176' title='bbox 704 2097 769 2161; x_wconf 87' lang='lat' dir='ltr'>Etsi</span> <span class='ocrx_word' id='word_1_177' title='bbox 791 2094 877 2160; x_wconf 91' lang='lat' dir='ltr'>addis</span> <span class='ocrx_word' id='word_1_178' title='bbox 894 2095 1048 2175; x_wconf 88' lang='lat' dir='ltr'>Lamiam;</span> <span class='ocrx_word' id='word_1_179' title='bbox 1071 2096 1155 2180; x_wconf 93' lang='lat' dir='ltr'>quod</span> <span class='ocrx_word' id='word_1_180' title='bbox 1179 2096 1337 2164; x_wconf 87' lang='lat' dir='ltr'>demiror</span> <span class='ocrx_word' id='word_1_181' title='bbox 1361 2102 1528 2188; x_wconf 68' lang='lat' dir='ltr'>equidem</span> 
     </span>
     <span class='ocr_line' id='line_1_20' title="bbox 179 2189 1526 2283; baseline 0.005 -26"><span class='ocrx_word' id='word_1_182' title='bbox 179 2193 233 2258; x_wconf 90' lang='lat' dir='ltr'>sed</span> <span class='ocrx_word' id='word_1_183' title='bbox 261 2193 342 2256; x_wconf 90' lang='lat' dir='ltr'>scire</span> <span class='ocrx_word' id='word_1_184' title='bbox 369 2191 479 2276; x_wconf 87' lang='lat' dir='ltr'>cupio.</span> <span class='ocrx_word' id='word_1_185' title='bbox 516 2191 569 2276; x_wconf 91' lang='lat' dir='ltr'>qui</span> <span class='ocrx_word' id='word_1_186' title='bbox 593 2189 709 2253; x_wconf 87' lang='lat' dir='ltr'>suerint</span> <span class='ocrx_word' id='word_1_187' title='bbox 738 2190 809 2254; x_wconf 91' lang='lat' dir='ltr'>alii:</span> <span class='ocrx_word' id='word_1_188' title='bbox 845 2211 1033 2275; x_wconf 84' lang='lat' dir='ltr'>quamquam</span> <span class='ocrx_word' id='word_1_189' title='bbox 1056 2190 1128 2254; x_wconf 89' lang='lat' dir='ltr'>satis</span> <span class='ocrx_word' id='word_1_190' title='bbox 1151 2191 1218 2256; x_wconf 91' lang='lat' dir='ltr'>scio</span> <span class='ocrx_word' id='word_1_191' title='bbox 1245 2193 1312 2258; x_wconf 91' lang='lat' dir='ltr'>nisi</span> <span class='ocrx_word' id='word_1_192' title='bbox 1338 2196 1526 2283; x_wconf 89' lang='lat' dir='ltr'>improbum</span> 
     </span>
    </p>

    <p class='ocr_par' dir='ltr' id='par_1_6' title="bbox 141 2282 1527 3874">
     <span class='ocr_line' id='line_1_21' title="bbox 141 2282 1527 2370; baseline 0.006 -21"><span class='ocrx_word' id='word_1_193' title='bbox 141 2286 344 2351; x_wconf 78' lang='lat' dir='ltr'>saneminem.</span> <span class='ocrx_word' id='word_1_194' title='bbox 401 2283 590 2370; x_wconf 83' lang='lat' dir='ltr'>Explambis</span> <span class='ocrx_word' id='word_1_195' title='bbox 613 2284 709 2368; x_wconf 83' lang='lat' dir='ltr'>igitur</span> <span class='ocrx_word' id='word_1_196' title='bbox 731 2283 789 2346; x_wconf 90' lang='lat' dir='ltr'>boc</span> <span class='ocrx_word' id='word_1_197' title='bbox 811 2282 997 2365; x_wconf 81' lang='lat' dir='ltr'>diligentius.</span> <span class='ocrx_word' id='word_1_198' title='bbox 1041 2287 1107 2367; x_wconf 78' lang='lat' dir='ltr'>Ego</span> <span class='ocrx_word' id='word_1_199' title='bbox 1129 2295 1237 2349; x_wconf 91' lang='lat' dir='ltr'>autem</span> <span class='ocrx_word' id='word_1_200' title='bbox 1263 2307 1349 2354; x_wconf 90' lang='lat' dir='ltr'>casu</span> <span class='ocrx_word' id='word_1_201' title='bbox 1377 2312 1457 2356; x_wconf 91' lang='lat' dir='ltr'>cum</span> <span class='ocrx_word' id='word_1_202' title='bbox 1478 2293 1527 2356; x_wconf 91' lang='lat' dir='ltr'>de·</span> 
     </span>
     <span class='ocr_line' id='line_1_22' title="bbox 178 2376 1527 2452; baseline 0.007 -8"><span class='ocrx_word' id='word_1_203' title='bbox 178 2380 292 2445; x_wconf 83' lang='lat' dir='ltr'>dissum</span> <span class='ocrx_word' id='word_1_204' title='bbox 326 2378 364 2443; x_wconf 91' lang='lat' dir='ltr'>ad</span> <span class='ocrx_word' id='word_1_205' title='bbox 395 2389 424 2442; x_wconf 88' lang='lat' dir='ltr'>ie</span> <span class='ocrx_word' id='word_1_206' title='bbox 456 2378 577 2443; x_wconf 87' lang='lat' dir='ltr'>litteras</span> <span class='ocrx_word' id='word_1_207' title='bbox 602 2398 647 2442; x_wconf 84' lang='lat' dir='ltr'>vr.</span> <span class='ocrx_word' id='word_1_208' title='bbox 669 2376 797 2442; x_wconf 86' lang='lat' dir='ltr'>Kalend.</span> <span class='ocrx_word' id='word_1_209' title='bbox 821 2377 894 2440; x_wconf 90' lang='lat' dir='ltr'>sotis</span> <span class='ocrx_word' id='word_1_210' title='bbox 916 2377 1021 2441; x_wconf 91' lang='lat' dir='ltr'>multis</span> <span class='ocrx_word' id='word_1_211' title='bbox 1043 2376 1169 2450; x_wconf 88' lang='lat' dir='ltr'>verbis,</span> <span class='ocrx_word' id='word_1_212' title='bbox 1205 2379 1317 2447; x_wconf 89' lang='lat' dir='ltr'>tribus</span> <span class='ocrx_word' id='word_1_213' title='bbox 1343 2383 1527 2452; x_wconf 80' lang='lat' dir='ltr'>ferebaris</span> 
     </span>
     <span class='ocr_line' id='line_1_23' title="bbox 178 2470 1526 2560; baseline 0.004 -21"><span class='ocrx_word' id='word_1_214' title='bbox 178 2482 249 2559; x_wconf 91' lang='lat' dir='ltr'>post</span> <span class='ocrx_word' id='word_1_215' title='bbox 271 2473 375 2558; x_wconf 92' lang='lat' dir='ltr'>accepi</span> <span class='ocrx_word' id='word_1_216' title='bbox 399 2483 467 2537; x_wconf 91' lang='lat' dir='ltr'>tuas</span> <span class='ocrx_word' id='word_1_217' title='bbox 489 2483 520 2536; x_wconf 91' lang='lat' dir='ltr'>et</span> <span class='ocrx_word' id='word_1_218' title='bbox 540 2472 645 2556; x_wconf 84' lang='lat' dir='ltr'>magni</span> <span class='ocrx_word' id='word_1_219' title='bbox 668 2470 794 2557; x_wconf 91' lang='lat' dir='ltr'>quidem</span> <span class='ocrx_word' id='word_1_220' title='bbox 810 2470 968 2556; x_wconf 90' lang='lat' dir='ltr'>ponderis.</span> <span class='ocrx_word' id='word_1_221' title='bbox 1010 2475 1118 2557; x_wconf 89' lang='lat' dir='ltr'>Itaque</span> <span class='ocrx_word' id='word_1_222' title='bbox 1141 2476 1211 2536; x_wconf 92' lang='lat' dir='ltr'>ioca</span> <span class='ocrx_word' id='word_1_223' title='bbox 1236 2484 1294 2539; x_wconf 89' lang='lat' dir='ltr'>tua</span> <span class='ocrx_word' id='word_1_224' title='bbox 1319 2476 1426 2560; x_wconf 88' lang='lat' dir='ltr'>plena</span> <span class='ocrx_word' id='word_1_225' title='bbox 1448 2480 1526 2544; x_wconf 84' lang='lat' dir='ltr'>lace-</span> 
     </span>
     <span class='ocr_line' id='line_1_24' title="bbox 179 2562 1526 2638; baseline 0.007 -9"><span class='ocrx_word' id='word_1_226' title='bbox 179 2567 292 2631; x_wconf 85' lang='lat' dir='ltr'>tiorum</span> <span class='ocrx_word' id='word_1_227' title='bbox 321 2567 359 2631; x_wconf 92' lang='lat' dir='ltr'>de</span> <span class='ocrx_word' id='word_1_228' title='bbox 390 2567 510 2631; x_wconf 89' lang='lat' dir='ltr'>haeresi</span> <span class='ocrx_word' id='word_1_229' title='bbox 540 2567 725 2631; x_wconf 81' lang='lat' dir='ltr'>Vestorium</span> <span class='ocrx_word' id='word_1_230' title='bbox 755 2574 785 2628; x_wconf 90' lang='lat' dir='ltr'>et</span> <span class='ocrx_word' id='word_1_231' title='bbox 813 2564 851 2628; x_wconf 88' lang='lat' dir='ltr'>do</span> <span class='ocrx_word' id='word_1_232' title='bbox 879 2562 1067 2629; x_wconf 85' lang='lat' dir='ltr'>Pberionum</span> <span class='ocrx_word' id='word_1_233' title='bbox 1090 2585 1179 2628; x_wconf 90' lang='lat' dir='ltr'>more</span> <span class='ocrx_word' id='word_1_234' title='bbox 1201 2569 1395 2637; x_wconf 87' lang='lat' dir='ltr'>Puteolano</span> <span class='ocrx_word' id='word_1_235' title='bbox 1420 2572 1526 2638; x_wconf 87' lang='lat' dir='ltr'>risisse</span> 
     </span>
     <span class='ocr_line' id='line_1_25' title="bbox 179 2660 1523 2743; baseline 0.002 -20"><span class='ocrx_word' id='word_1_236' title='bbox 179 2681 229 2723; x_wconf 93' lang='lat' dir='ltr'>me</span> <span class='ocrx_word' id='word_1_237' title='bbox 268 2661 343 2724; x_wconf 88' lang='lat' dir='ltr'>satis</span> <span class='ocrx_word' id='word_1_238' title='bbox 377 2661 452 2725; x_wconf 90' lang='lat' dir='ltr'>nihil</span> <span class='ocrx_word' id='word_1_239' title='bbox 486 2669 533 2724; x_wconf 90' lang='lat' dir='ltr'>est</span> <span class='ocrx_word' id='word_1_240' title='bbox 565 2681 691 2724; x_wconf 89' lang='lat' dir='ltr'>necesse</span> <span class='ocrx_word' id='word_1_241' title='bbox 725 2660 910 2725; x_wconf 84' lang='lat' dir='ltr'>rescribere.</span> <span class='ocrx_word' id='word_1_242' title='bbox 969 2661 1217 2743; x_wconf 76' lang='grc' dir='ltr'><em>Πολιτικῶτερα</em></span> <span class='ocrx_word' id='word_1_243' title='bbox 1251 2661 1307 2726; x_wconf 87' lang='lat' dir='ltr'>illa</span> <span class='ocrx_word' id='word_1_244' title='bbox 1345 2664 1523 2732; x_wconf 85' lang='lat' dir='ltr'>videamus.</span> 
     </span>
     <span class='ocr_line' id='line_1_26' title="bbox 141 2752 1524 2848; baseline 0.009 -33"><span class='ocrx_word' id='word_1_245' title='bbox 141 2757 209 2817; x_wconf 73' lang='lat'>2⁶2.</span> <span class='ocrx_word' id='word_1_246' title='bbox 232 2757 277 2819; x_wconf 90' lang='lat' dir='ltr'>lta</span> <span class='ocrx_word' id='word_1_247' title='bbox 299 2759 412 2818; x_wconf 90' lang='lat' dir='ltr'>Brutos</span> <span class='ocrx_word' id='word_1_248' title='bbox 435 2754 637 2838; x_wconf 82' lang='lat' dir='ltr'>Cassiumque</span> <span class='ocrx_word' id='word_1_249' title='bbox 668 2752 825 2827; x_wconf 81' lang='lat' dir='ltr'>defendis,</span> <span class='ocrx_word' id='word_1_250' title='bbox 857 2761 944 2841; x_wconf 88' lang='lat' dir='ltr'>quasi</span> <span class='ocrx_word' id='word_1_251' title='bbox 976 2776 1030 2820; x_wconf 91' lang='lat' dir='ltr'>eos</span> <span class='ocrx_word' id='word_1_252' title='bbox 1059 2776 1117 2839; x_wconf 82' lang='lat' dir='ltr'>ego</span> <span class='ocrx_word' id='word_1_253' title='bbox 1140 2755 1412 2840; x_wconf 86' lang='lat' dir='ltr'>reprehendam,</span> <span class='ocrx_word' id='word_1_254' title='bbox 1447 2782 1524 2848; x_wconf 88' lang='lat' dir='ltr'>quos</span> 
     </span>
     <span class='ocr_line' id='line_1_27' title="bbox 178 2846 1523 2934; baseline 0.007 -24"><span class='ocrx_word' id='word_1_255' title='bbox 178 2846 252 2910; x_wconf 90' lang='lat' dir='ltr'>satis</span> <span class='ocrx_word' id='word_1_256' title='bbox 281 2847 408 2911; x_wconf 88' lang='lat' dir='ltr'>laudare</span> <span class='ocrx_word' id='word_1_257' title='bbox 438 2869 501 2911; x_wconf 93' lang='lat' dir='ltr'>non</span> <span class='ocrx_word' id='word_1_258' title='bbox 532 2868 669 2932; x_wconf 88' lang='lat' dir='ltr'>possum.</span> <span class='ocrx_word' id='word_1_259' title='bbox 726 2854 842 2913; x_wconf 87' lang='lat' dir='ltr'>Rerum</span> <span class='ocrx_word' id='word_1_260' title='bbox 871 2871 930 2933; x_wconf 79' lang='lat' dir='ltr'>ego</span> <span class='ocrx_word' id='word_1_261' title='bbox 959 2849 1032 2913; x_wconf 87' lang='lat' dir='ltr'>vitia</span> <span class='ocrx_word' id='word_1_262' title='bbox 1059 2849 1194 2934; x_wconf 81' lang='lat' dir='ltr'>collegi,</span> <span class='ocrx_word' id='word_1_263' title='bbox 1232 2871 1301 2915; x_wconf 93' lang='lat' dir='ltr'>non</span> <span class='ocrx_word' id='word_1_264' title='bbox 1340 2852 1523 2921; x_wconf 84' lang='lat' dir='ltr'>bominum.</span> 
     </span>
     <span class='ocr_line' id='line_1_28' title="bbox 180 2939 1524 3028; baseline 0.01 -24"><span class='ocrx_word' id='word_1_265' title='bbox 180 2939 309 3004; x_wconf 87' lang='lat' dir='ltr'>Sublato</span> <span class='ocrx_word' id='word_1_266' title='bbox 332 2941 415 3005; x_wconf 92' lang='lat' dir='ltr'>enim</span> <span class='ocrx_word' id='word_1_267' title='bbox 439 2951 570 3028; x_wconf 72' lang='lat' dir='ltr'>tyranno</span> <span class='ocrx_word' id='word_1_268' title='bbox 594 2942 756 3027; x_wconf 71' lang='lat' dir='ltr'>tyrannide</span> <span class='ocrx_word' id='word_1_269' title='bbox 779 2965 906 3008; x_wconf 79' lang='lat' dir='ltr'>orauere</span> <span class='ocrx_word' id='word_1_270' title='bbox 923 2943 1025 3008; x_wconf 80' lang='lat' dir='ltr'>video.</span> <span class='ocrx_word' id='word_1_271' title='bbox 1069 2948 1165 3015; x_wconf 90' lang='lat' dir='ltr'>Nam,</span> <span class='ocrx_word' id='word_1_272' title='bbox 1189 2965 1273 3028; x_wconf 87' lang='lat' dir='ltr'>quoe</span> <span class='ocrx_word' id='word_1_273' title='bbox 1296 2945 1357 3011; x_wconf 87' lang='lat' dir='ltr'>ille</span> <span class='ocrx_word' id='word_1_274' title='bbox 1383 2949 1524 3016; x_wconf 80' lang='lat' dir='ltr'>facturus</span> 
     </span>
     <span class='ocr_line' id='line_1_29' title="bbox 180 3034 1524 3123; baseline 0.008 -26"><span class='ocrx_word' id='word_1_275' title='bbox 180 3055 242 3098; x_wconf 92' lang='lat' dir='ltr'>uon</span> <span class='ocrx_word' id='word_1_276' title='bbox 267 3035 339 3108; x_wconf 83' lang='lat' dir='ltr'>luit.</span> <span class='ocrx_word' id='word_1_277' title='bbox 363 3057 398 3099; x_wconf 90' lang='lat' dir='ltr'>oa</span> <span class='ocrx_word' id='word_1_278' title='bbox 422 3034 513 3107; x_wconf 85' lang='lat' dir='ltr'>siunt,</span> <span class='ocrx_word' id='word_1_279' title='bbox 538 3044 571 3098; x_wconf 94' lang='lat' dir='ltr'>ut</span> <span class='ocrx_word' id='word_1_280' title='bbox 593 3035 632 3098; x_wconf 92' lang='lat' dir='ltr'>de</span> <span class='ocrx_word' id='word_1_281' title='bbox 656 3035 779 3114; x_wconf 80' lang='lat' dir='ltr'>Clodi03</span> <span class='ocrx_word' id='word_1_282' title='bbox 803 3037 928 3123; x_wconf 90' lang='lat' dir='ltr'>dequo</span> <span class='ocrx_word' id='word_1_283' title='bbox 952 3038 1027 3101; x_wconf 92' lang='lat' dir='ltr'>mihi</span> <span class='ocrx_word' id='word_1_284' title='bbox 1042 3038 1243 3123; x_wconf 84' lang='lat' dir='ltr'>exploratum</span> <span class='ocrx_word' id='word_1_285' title='bbox 1269 3050 1320 3103; x_wconf 88' lang='lat' dir='ltr'>esi</span> <span class='ocrx_word' id='word_1_286' title='bbox 1347 3043 1443 3108; x_wconf 91' lang='lat' dir='ltr'>illum</span> <span class='ocrx_word' id='word_1_287' title='bbox 1464 3067 1524 3110; x_wconf 91' lang='lat' dir='ltr'>uon</span> 
     </span>
     <span class='ocr_line' id='line_1_30' title="bbox 179 3128 1525 3219; baseline 0.008 -28"><span class='ocrx_word' id='word_1_288' title='bbox 179 3128 274 3193; x_wconf 92' lang='lat' dir='ltr'>modo</span> <span class='ocrx_word' id='word_1_289' title='bbox 300 3150 362 3193; x_wconf 93' lang='lat' dir='ltr'>non</span> <span class='ocrx_word' id='word_1_290' title='bbox 385 3129 539 3193; x_wconf 82' lang='lat' dir='ltr'>iacturum</span> <span class='ocrx_word' id='word_1_291' title='bbox 558 3129 721 3192; x_wconf 86' lang='lat' dir='ltr'>sedetiam</span> <span class='ocrx_word' id='word_1_292' title='bbox 745 3152 783 3193; x_wconf 92' lang='lat' dir='ltr'>nc</span> <span class='ocrx_word' id='word_1_293' title='bbox 799 3152 963 3216; x_wconf 88' lang='lat' dir='ltr'>passurum</span> <span class='ocrx_word' id='word_1_294' title='bbox 980 3131 1104 3217; x_wconf 90' lang='lat' dir='ltr'>quidem</span> <span class='ocrx_word' id='word_1_295' title='bbox 1117 3130 1223 3195; x_wconf 88' lang='lat' dir='ltr'>luisse.</span> <span class='ocrx_word' id='word_1_296' title='bbox 1249 3135 1423 3219; x_wconf 88' lang='lat' dir='ltr'>Sequetur</span> <span class='ocrx_word' id='word_1_297' title='bbox 1436 3139 1525 3205; x_wconf 79' lang='lat' dir='ltr'>Rusio</span> 
     </span>
     <span class='ocr_line' id='line_1_31' title="bbox 143 3223 1523 3310; baseline 0.009 -26"><span class='ocrx_word' id='word_1_298' title='bbox 143 3223 398 3296; x_wconf 87' lang='lat' dir='ltr'>anestorianus‚</span> <span class='ocrx_word' id='word_1_299' title='bbox 423 3224 549 3296; x_wconf 82' lang='lat' dir='ltr'>Victor,</span> <span class='ocrx_word' id='word_1_300' title='bbox 579 3245 736 3307; x_wconf 88' lang='lat' dir='ltr'>nunquam</span> <span class='ocrx_word' id='word_1_301' title='bbox 760 3225 914 3310; x_wconf 89' lang='lat' dir='ltr'>scriptus,</span> <span class='ocrx_word' id='word_1_302' title='bbox 945 3227 1058 3300; x_wconf 87' lang='lat' dir='ltr'>ceteri,</span> <span class='ocrx_word' id='word_1_303' title='bbox 1086 3225 1156 3310; x_wconf 90' lang='lat' dir='ltr'>quis</span> <span class='ocrx_word' id='word_1_304' title='bbox 1179 3231 1269 3289; x_wconf 77' lang='lat' dir='ltr'>uon?</span> <span class='ocrx_word' id='word_1_305' title='bbox 1308 3231 1376 3294; x_wconf 88' lang='lat' dir='ltr'>Cui</span> <span class='ocrx_word' id='word_1_306' title='bbox 1401 3233 1523 3296; x_wconf 83' lang='lat' dir='ltr'>servire</span> 
     </span>
     <span class='ocr_line' id='line_1_32' title="bbox 178 3315 1524 3410; baseline 0.007 -30"><span class='ocrx_word' id='word_1_307' title='bbox 178 3315 237 3400; x_wconf 91' lang='lat' dir='ltr'>ipsi</span> <span class='ocrx_word' id='word_1_308' title='bbox 260 3338 322 3380; x_wconf 92' lang='lat' dir='ltr'>non</span> <span class='ocrx_word' id='word_1_309' title='bbox 345 3317 517 3401; x_wconf 90' lang='lat' dir='ltr'>potuimus,</span> <span class='ocrx_word' id='word_1_310' title='bbox 557 3317 623 3381; x_wconf 88' lang='lat' dir='ltr'>eius</span> <span class='ocrx_word' id='word_1_311' title='bbox 645 3317 758 3381; x_wconf 91' lang='lat' dir='ltr'>libellis</span> <span class='ocrx_word' id='word_1_312' title='bbox 781 3339 934 3403; x_wconf 85' lang='lat' dir='ltr'>paremus.</span> <span class='ocrx_word' id='word_1_313' title='bbox 990 3325 1065 3383; x_wconf 80' lang='lat' dir='ltr'>Nam</span> <span class='ocrx_word' id='word_1_314' title='bbox 1088 3316 1287 3383; x_wconf 86' lang='lat' dir='ltr'>Liberalibus</span> <span class='ocrx_word' id='word_1_315' title='bbox 1315 3325 1397 3407; x_wconf 91' lang='lat' dir='ltr'>quis</span> <span class='ocrx_word' id='word_1_316' title='bbox 1421 3328 1524 3410; x_wconf 91' lang='lat' dir='ltr'>potuit</span> 
     </span>
     <span class='ocr_line' id='line_1_33' title="bbox 177 3409 1524 3499; baseline 0.01 -27"><span class='ocrx_word' id='word_1_317' title='bbox 177 3409 209 3473; x_wconf 93' lang='lat' dir='ltr'>in</span> <span class='ocrx_word' id='word_1_318' title='bbox 232 3422 372 3474; x_wconf 87' lang='lat' dir='ltr'>senatum</span> <span class='ocrx_word' id='word_1_319' title='bbox 395 3432 457 3474; x_wconf 93' lang='lat' dir='ltr'>non</span> <span class='ocrx_word' id='word_1_320' title='bbox 480 3410 609 3474; x_wconf 82' lang='lat' dir='ltr'>venire?</span> <span class='ocrx_word' id='word_1_321' title='bbox 638 3416 698 3474; x_wconf 88' lang='lat' dir='ltr'>Fac</span> <span class='ocrx_word' id='word_1_322' title='bbox 720 3411 751 3475; x_wconf 94' lang='lat' dir='ltr'>id</span> <span class='ocrx_word' id='word_1_323' title='bbox 775 3413 911 3496; x_wconf 90' lang='lat' dir='ltr'>potuisse</span> <span class='ocrx_word' id='word_1_324' title='bbox 935 3413 1040 3499; x_wconf 87' lang='lat' dir='ltr'>aliquo</span> <span class='ocrx_word' id='word_1_325' title='bbox 1068 3412 1174 3477; x_wconf 92' lang='lat' dir='ltr'>modo:</span> <span class='ocrx_word' id='word_1_326' title='bbox 1203 3435 1298 3486; x_wconf 91' lang='lat' dir='ltr'>num,</span> <span class='ocrx_word' id='word_1_327' title='bbox 1324 3419 1430 3483; x_wconf 91' lang='lat' dir='ltr'>etiam</span> <span class='ocrx_word' id='word_1_328' title='bbox 1454 3443 1524 3485; x_wconf 92' lang='lat' dir='ltr'>cum</span> 
     </span>
     <span class='ocr_line' id='line_1_34' title="bbox 180 3503 1524 3589; baseline 0.013 -25"><span class='ocrx_word' id='word_1_329' title='bbox 180 3503 387 3575; x_wconf 86' lang='lat' dir='ltr'>venissemus,</span> <span class='ocrx_word' id='word_1_330' title='bbox 422 3504 520 3568; x_wconf 89' lang='lat' dir='ltr'>libere</span> <span class='ocrx_word' id='word_1_331' title='bbox 548 3506 705 3589; x_wconf 87' lang='lat' dir='ltr'>potuimus</span> <span class='ocrx_word' id='word_1_332' title='bbox 743 3507 924 3569; x_wconf 87' lang='lat' dir='ltr'>sententiam</span> <span class='ocrx_word' id='word_1_333' title='bbox 954 3507 1082 3571; x_wconf 78' lang='lat' dir='ltr'>dicere?</span> <span class='ocrx_word' id='word_1_334' title='bbox 1116 3511 1225 3570; x_wconf 87' lang='lat' dir='ltr'>Nonne</span> <span class='ocrx_word' id='word_1_335' title='bbox 1261 3511 1357 3574; x_wconf 93' lang='lat' dir='ltr'>omni</span> <span class='ocrx_word' id='word_1_336' title='bbox 1399 3521 1524 3580; x_wconf 87' lang='lat' dir='ltr'>ratione</span> 
     </span>
     <span class='ocr_line' id='line_1_35' title="bbox 179 3597 1525 3684; baseline 0.013 -28"><span class='ocrx_word' id='word_1_337' title='bbox 179 3597 333 3668; x_wconf 85' lang='lat' dir='ltr'>veterani.</span> <span class='ocrx_word' id='word_1_338' title='bbox 357 3603 408 3682; x_wconf 88' lang='lat' dir='ltr'>qui</span> <span class='ocrx_word' id='word_1_339' title='bbox 432 3599 542 3662; x_wconf 88' lang='lat' dir='ltr'>armati</span> <span class='ocrx_word' id='word_1_340' title='bbox 566 3599 709 3672; x_wconf 89' lang='lat' dir='ltr'>aderaut.</span> <span class='ocrx_word' id='word_1_341' title='bbox 734 3622 803 3663; x_wconf 95' lang='lat' dir='ltr'>cum</span> <span class='ocrx_word' id='word_1_342' title='bbox 829 3600 976 3684; x_wconf 88' lang='lat' dir='ltr'>praesidii</span> <span class='ocrx_word' id='word_1_343' title='bbox 999 3622 1056 3665; x_wconf 92' lang='lat' dir='ltr'>nos</span> <span class='ocrx_word' id='word_1_344' title='bbox 1078 3599 1153 3664; x_wconf 87' lang='lat' dir='ltr'>nibil</span> <span class='ocrx_word' id='word_1_345' title='bbox 1170 3598 1390 3679; x_wconf 89' lang='lat' dir='ltr'>haberemus,</span> <span class='ocrx_word' id='word_1_346' title='bbox 1417 3609 1525 3673; x_wconf 87' lang='lat' dir='ltr'>delen-</span> 
     </span>
     <span class='ocr_line' id='line_1_36' title="bbox 144 3687 1525 3778; baseline 0.014 -30"><span class='ocrx_word' id='word_1_347' title='bbox 144 3687 271 3752; x_wconf 76' lang='lat' dir='ltr'>:edendi</span> <span class='ocrx_word' id='word_1_348' title='bbox 294 3689 441 3755; x_wconf 76' lang='lat' dir='ltr'>luerunt?</span> <span class='ocrx_word' id='word_1_349' title='bbox 475 3692 560 3755; x_wconf 91' lang='lat' dir='ltr'>lllam</span> <span class='ocrx_word' id='word_1_350' title='bbox 584 3694 754 3757; x_wconf 89' lang='lat' dir='ltr'>sessionem</span> <span class='ocrx_word' id='word_1_351' title='bbox 779 3695 982 3777; x_wconf 83' lang='lat' dir='ltr'>Capitolinam</span> <span class='ocrx_word' id='word_1_352' title='bbox 1006 3695 1081 3758; x_wconf 92' lang='lat' dir='ltr'>mihi</span> <span class='ocrx_word' id='word_1_353' title='bbox 1104 3714 1167 3757; x_wconf 92' lang='lat' dir='ltr'>non</span> <span class='ocrx_word' id='word_1_354' title='bbox 1189 3693 1356 3778; x_wconf 88' lang='lat' dir='ltr'>placuisse</span> <span class='ocrx_word' id='word_1_355' title='bbox 1383 3711 1421 3767; x_wconf 87' lang='lat' dir='ltr'>tu</span> <span class='ocrx_word' id='word_1_356' title='bbox 1437 3703 1525 3767; x_wconf 87' lang='lat' dir='ltr'>testis</span> 
     </span>
     <span class='ocr_line' id='line_1_37' title="bbox 179 3784 1526 3874; baseline 0.013 -29"><span class='ocrx_word' id='word_1_357' title='bbox 179 3802 222 3846; x_wconf 87' lang='lat' dir='ltr'>os.</span> <span class='ocrx_word' id='word_1_358' title='bbox 278 3784 361 3859; x_wconf 85' lang='lat' dir='ltr'>Quid</span> <span class='ocrx_word' id='word_1_359' title='bbox 392 3792 495 3869; x_wconf 79' lang='lat' dir='ltr'>orgo?</span> <span class='ocrx_word' id='word_1_360' title='bbox 524 3789 584 3849; x_wconf 85' lang='lat' dir='ltr'>Ista</span> <span class='ocrx_word' id='word_1_361' title='bbox 613 3787 702 3872; x_wconf 90' lang='lat' dir='ltr'>culpa</span> <span class='ocrx_word' id='word_1_362' title='bbox 731 3793 921 3852; x_wconf 79' lang='lat' dir='ltr'>Brutorum?</span> <span class='ocrx_word' id='word_1_363' title='bbox 958 3789 1085 3853; x_wconf 84' lang='lat' dir='ltr'>Minime</span> <span class='ocrx_word' id='word_1_364' title='bbox 1115 3787 1241 3851; x_wconf 93' lang='lat' dir='ltr'>illorum</span> <span class='ocrx_word' id='word_1_365' title='bbox 1277 3791 1438 3874; x_wconf 90' lang='lat' dir='ltr'>quidem;</span> <span class='ocrx_word' id='word_1_366' title='bbox 1471 3797 1526 3862; x_wconf 89' lang='lat' dir='ltr'>sed</span> 
     </span>
    </p>
   </div>
   <div class='ocr_carea' id='block_1_5' title="bbox 182 3922 616 3934">
    <p class='ocr_par' dir='ltr' id='par_1_7' title="bbox 182 3922 616 3934">
     <span class='ocr_line' id='line_1_38' title="bbox 182 3922 616 3934; baseline 0.014 -6"><span class='ocrx_word' id='word_1_367' title='bbox 182 3922 226 3929; x_wconf 78' lang='lat'>.—</span> <span class='ocrx_word' id='word_1_368' title='bbox 233 3924 264 3929; x_wconf 51' lang='lat' dir='ltr'>u..</span> <span class='ocrx_word' id='word_1_369' title='bbox 276 3924 382 3932; x_wconf 68' lang='lat'><em>——---</em></span> <span class='ocrx_word' id='word_1_370' title='bbox 577 3928 616 3934; x_wconf 79' lang='lat'><em>...-</em></span> 
     </span>
    </p>
   </div>
   <div class='ocr_carea' id='block_1_6' title="bbox 174 4005 1530 4912">
    <p class='ocr_par' dir='ltr' id='par_1_8' title="bbox 174 4005 1530 4912">
     <span class='ocr_line' id='line_1_39' title="bbox 248 4005 1524 4067; baseline 0.005 -16"><span class='ocrx_word' id='word_1_371' title='bbox 248 4005 272 4051; x_wconf 82' lang='lat'>1.</span> <span class='ocrx_word' id='word_1_372' title='bbox 293 4017 346 4052; x_wconf 87' lang='lat' dir='ltr'>esse</span> <span class='ocrx_word' id='word_1_373' title='bbox 364 4015 418 4054; x_wconf 91' lang='lat' dir='ltr'>om.</span> <span class='ocrx_word' id='word_1_374' title='bbox 440 4006 471 4055; x_wconf 81' lang='lat' dir='ltr'>R.</span> <span class='ocrx_word' id='word_1_375' title='bbox 494 4031 524 4040; x_wconf 96' lang='lat'><em>-</em></span> <span class='ocrx_word' id='word_1_376' title='bbox 561 4007 587 4054; x_wconf 75' lang='lat'>2.</span> <span class='ocrx_word' id='word_1_377' title='bbox 608 4007 642 4054; x_wconf 83' lang='lat' dir='ltr'>iis</span> <span class='ocrx_word' id='word_1_378' title='bbox 663 4008 705 4056; x_wconf 85' lang='lat' dir='ltr'>B:</span> <span class='ocrx_word' id='word_1_379' title='bbox 726 4008 765 4055; x_wconf 77' lang='lat' dir='ltr'>bis</span> <span class='ocrx_word' id='word_1_380' title='bbox 783 4008 857 4057; x_wconf 86' lang='lat' dir='ltr'>llllB.</span> <span class='ocrx_word' id='word_1_381' title='bbox 888 4034 918 4043; x_wconf 97' lang='lat'><em>—</em></span> <span class='ocrx_word' id='word_1_382' title='bbox 956 4009 982 4058; x_wconf 75' lang='lat' dir='ltr'>d.</span> <span class='ocrx_word' id='word_1_383' title='bbox 1004 4010 1182 4057; x_wconf 82' lang='lat' dir='ltr'>contentiones</span> <span class='ocrx_word' id='word_1_384' title='bbox 1202 4008 1246 4056; x_wconf 87' lang='lat' dir='ltr'>Bi.</span> <span class='ocrx_word' id='word_1_385' title='bbox 1270 4032 1301 4042; x_wconf 93' lang='lat'><em>-</em></span> <span class='ocrx_word' id='word_1_386' title='bbox 1345 4013 1375 4062; x_wconf 79' lang='grc'>6.</span> <span class='ocrx_word' id='word_1_387' title='bbox 1399 4015 1449 4065; x_wconf 68' lang='lat' dir='ltr'>hoc</span> <span class='ocrx_word' id='word_1_388' title='bbox 1468 4032 1524 4067; x_wconf 71' lang='lat' dir='ltr'>om,</span> 
     </span>
     <span class='ocr_line' id='line_1_40' title="bbox 180 4071 1526 4135; baseline 0.013 -16"><span class='ocrx_word' id='word_1_389' title='bbox 180 4071 209 4119; x_wconf 85' lang='lat' dir='ltr'>B.</span> <span class='ocrx_word' id='word_1_390' title='bbox 232 4097 262 4106; x_wconf 95' lang='lat'>-</span> <span class='ocrx_word' id='word_1_391' title='bbox 300 4074 326 4122; x_wconf 80' lang='grc'>8.</span> <span class='ocrx_word' id='word_1_392' title='bbox 345 4076 497 4135; x_wconf 84' lang='lat' dir='ltr'>uidebitur,</span> <span class='ocrx_word' id='word_1_393' title='bbox 529 4083 558 4124; x_wconf 83' lang='lat' dir='ltr'>ut</span> <span class='ocrx_word' id='word_1_394' title='bbox 578 4079 697 4125; x_wconf 87' lang='lat' dir='ltr'>animum</span> <span class='ocrx_word' id='word_1_395' title='bbox 716 4080 772 4125; x_wconf 86' lang='lat' dir='ltr'>eius</span> <span class='ocrx_word' id='word_1_396' title='bbox 791 4079 960 4127; x_wconf 81' lang='lat' dir='ltr'>conciliatam</span> <span class='ocrx_word' id='word_1_397' title='bbox 979 4080 1097 4127; x_wconf 87' lang='lat' dir='ltr'>reddas:</span> <span class='ocrx_word' id='word_1_398' title='bbox 1116 4091 1171 4127; x_wconf 81' lang='lat' dir='ltr'>aon</span> <span class='ocrx_word' id='word_1_399' title='bbox 1191 4078 1212 4125; x_wconf 91' lang='lat'>1.</span> <span class='ocrx_word' id='word_1_400' title='bbox 1235 4102 1267 4112; x_wconf 93' lang='lat'><em>-</em></span> <span class='ocrx_word' id='word_1_401' title='bbox 1309 4081 1358 4131; x_wconf 82' lang='lat'>11.</span> <span class='ocrx_word' id='word_1_402' title='bbox 1383 4085 1419 4134; x_wconf 84' lang='lat' dir='ltr'>iis</span> <span class='ocrx_word' id='word_1_403' title='bbox 1439 4087 1472 4135; x_wconf 84' lang='lat' dir='ltr'>R.</span> <span class='ocrx_word' id='word_1_404' title='bbox 1495 4112 1526 4123; x_wconf 94' lang='lat'>-</span> 
     </span>
     <span class='ocr_line' id='line_1_41' title="bbox 178 4146 1524 4210; baseline 0.012 -22"><span class='ocrx_word' id='word_1_405' title='bbox 178 4146 239 4189; x_wconf 78' lang='lat' dir='ltr'>iaris</span> <span class='ocrx_word' id='word_1_406' title='bbox 256 4147 339 4206; x_wconf 76' lang='lat' dir='ltr'>mapis</span> <span class='ocrx_word' id='word_1_407' title='bbox 356 4146 423 4194; x_wconf 83' lang='lat' dir='ltr'>lilR:</span> <span class='ocrx_word' id='word_1_408' title='bbox 444 4152 506 4194; x_wconf 82' lang='lat' dir='ltr'>tuas</span> <span class='ocrx_word' id='word_1_409' title='bbox 524 4147 587 4194; x_wconf 79' lang='lat' dir='ltr'>milii</span> <span class='ocrx_word' id='word_1_410' title='bbox 604 4148 690 4210; x_wconf 80' lang='lat' dir='ltr'>mapis</span> <span class='ocrx_word' id='word_1_411' title='bbox 709 4148 752 4196; x_wconf 85' lang='lat' dir='ltr'>lE.</span> <span class='ocrx_word' id='word_1_412' title='bbox 775 4174 805 4183; x_wconf 91' lang='lat'>-</span> <span class='ocrx_word' id='word_1_413' title='bbox 845 4149 886 4198; x_wconf 83' lang='lat'>13.</span> <span class='ocrx_word' id='word_1_414' title='bbox 908 4151 1022 4197; x_wconf 82' lang='lat' dir='ltr'>attinere</span> <span class='ocrx_word' id='word_1_415' title='bbox 1042 4151 1071 4197; x_wconf 85' lang='lat' dir='ltr'>B.</span> <span class='ocrx_word' id='word_1_416' title='bbox 1095 4172 1122 4182; x_wconf 90' lang='lat'>-</span> <span class='ocrx_word' id='word_1_417' title='bbox 1161 4149 1204 4196; x_wconf 85' lang='lat'>17.</span> <span class='ocrx_word' id='word_1_418' title='bbox 1226 4149 1403 4202; x_wconf 80' lang='lat' dir='ltr'>iterandum</span> <span class='ocrx_word' id='word_1_419' title='bbox 1423 4157 1472 4206; x_wconf 84' lang='lat' dir='ltr'>lll.</span> <span class='ocrx_word' id='word_1_420' title='bbox 1497 4183 1524 4192; x_wconf 96' lang='lat'>-</span> 
     </span>
     <span class='ocr_line' id='line_1_42' title="bbox 178 4210 1526 4287; baseline 0.013 -29"><span class='ocrx_word' id='word_1_421' title='bbox 178 4210 220 4259; x_wconf 79' lang='lat'>18.</span> <span class='ocrx_word' id='word_1_422' title='bbox 253 4211 383 4261; x_wconf 79' lang='lat' dir='ltr'>solusne?</span> <span class='ocrx_word' id='word_1_423' title='bbox 414 4215 491 4264; x_wconf 87' lang='lat' dir='ltr'>Solus</span> <span class='ocrx_word' id='word_1_424' title='bbox 509 4216 673 4266; x_wconf 87' lang='lat' dir='ltr'>Lambinus:</span> <span class='ocrx_word' id='word_1_425' title='bbox 711 4217 839 4266; x_wconf 85' lang='lat' dir='ltr'>Solume?</span> <span class='ocrx_word' id='word_1_426' title='bbox 870 4220 966 4269; x_wconf 74' lang='lat' dir='ltr'>lllllli.</span> <span class='ocrx_word' id='word_1_427' title='bbox 1012 4219 1066 4268; x_wconf 85' lang='lat' dir='ltr'>Cir.</span> <span class='ocrx_word' id='word_1_428' title='bbox 1093 4218 1202 4267; x_wconf 88' lang='lat' dir='ltr'>Terent.</span> <span class='ocrx_word' id='word_1_429' title='bbox 1232 4218 1395 4273; x_wconf 83' lang='lat' dir='ltr'>Heautont.</span> <span class='ocrx_word' id='word_1_430' title='bbox 1426 4229 1462 4282; x_wconf 84' lang='lat'>5,</span> <span class='ocrx_word' id='word_1_431' title='bbox 1495 4231 1526 4287; x_wconf 83' lang='lat'>1,</span> 
     </span>
     <span class='ocr_line' id='line_1_43' title="bbox 178 4281 1529 4350; baseline 0.01 -20"><span class='ocrx_word' id='word_1_432' title='bbox 178 4281 222 4330; x_wconf 76' lang='lat'>32.</span> <span class='ocrx_word' id='word_1_433' title='bbox 249 4304 282 4316; x_wconf 90' lang='lat'>-</span> <span class='ocrx_word' id='word_1_434' title='bbox 319 4284 360 4332; x_wconf 79' lang='grc'>19.</span> <span class='ocrx_word' id='word_1_435' title='bbox 381 4283 490 4344; x_wconf 75' lang='lat' dir='ltr'>fuerumt</span> <span class='ocrx_word' id='word_1_436' title='bbox 510 4287 530 4334; x_wconf 90' lang='lat'>1.</span> <span class='ocrx_word' id='word_1_437' title='bbox 566 4313 596 4321; x_wconf 92' lang='lat'>-</span> <span class='ocrx_word' id='word_1_438' title='bbox 634 4288 859 4349; x_wconf 67' lang='lat' dir='ltr'>BBErpiorabis</span> <span class='ocrx_word' id='word_1_439' title='bbox 886 4289 984 4350; x_wconf 86' lang='lat' dir='ltr'>«prisci</span> <span class='ocrx_word' id='word_1_440' title='bbox 1014 4291 1153 4338; x_wconf 76' lang='lat' dir='ltr'>Codices.»</span> <span class='ocrx_word' id='word_1_441' title='bbox 1174 4288 1246 4337; x_wconf 84' lang='lat' dir='ltr'>Prns.</span> <span class='ocrx_word' id='word_1_442' title='bbox 1284 4315 1313 4325; x_wconf 91' lang='lat'>—</span> <span class='ocrx_word' id='word_1_443' title='bbox 1359 4295 1410 4345; x_wconf 78' lang='lat'>23.</span> <span class='ocrx_word' id='word_1_444' title='bbox 1437 4297 1529 4348; x_wconf 70' lang='lat' dir='ltr'>l&#39;esro-</span> 
     </span>
     <span class='ocr_line' id='line_1_44' title="bbox 178 4351 1527 4424; baseline 0.015 -26"><span class='ocrx_word' id='word_1_445' title='bbox 178 4352 239 4399; x_wconf 81' lang='lat' dir='ltr'>rina</span> <span class='ocrx_word' id='word_1_446' title='bbox 258 4351 269 4399; x_wconf 93' lang='lat' dir='ltr'>l</span> <span class='ocrx_word' id='word_1_447' title='bbox 290 4358 316 4401; x_wconf 88' lang='lat' dir='ltr'>ot</span> <span class='ocrx_word' id='word_1_448' title='bbox 334 4352 399 4401; x_wconf 87' lang='lat' dir='ltr'>Cod.</span> <span class='ocrx_word' id='word_1_449' title='bbox 421 4357 448 4403; x_wconf 89' lang='lat' dir='ltr'>in</span> <span class='ocrx_word' id='word_1_450' title='bbox 470 4370 522 4416; x_wconf 73' lang='lat' dir='ltr'>mg·</span> <span class='ocrx_word' id='word_1_451' title='bbox 552 4357 656 4419; x_wconf 84' lang='lat' dir='ltr'>Bopett.</span> <span class='ocrx_word' id='word_1_452' title='bbox 683 4359 777 4407; x_wconf 83' lang='lat' dir='ltr'>Lamb.</span> <span class='ocrx_word' id='word_1_453' title='bbox 808 4384 838 4393; x_wconf 94' lang='lat'>—</span> <span class='ocrx_word' id='word_1_454' title='bbox 875 4359 1044 4422; x_wconf 77' lang='lat' dir='ltr'>Pieriamim}</span> <span class='ocrx_word' id='word_1_455' title='bbox 1070 4361 1231 4419; x_wconf 73' lang='lat' dir='ltr'>phasianum</span> <span class='ocrx_word' id='word_1_456' title='bbox 1250 4359 1312 4409; x_wconf 85' lang='lat' dir='ltr'>sive</span> <span class='ocrx_word' id='word_1_457' title='bbox 1333 4361 1489 4424; x_wconf 70' lang='lat' dir='ltr'>farianum</span> <span class='ocrx_word' id='word_1_458' title='bbox 1508 4369 1527 4418; x_wconf 88' lang='grc' dir='ltr'>Ι.</span> 
     </span>
     <span class='ocr_line' id='line_1_45' title="bbox 178 4420 1530 4488; baseline 0.011 -19"><span class='ocrx_word' id='word_1_459' title='bbox 178 4421 206 4470; x_wconf 76' lang='lat' dir='ltr'>F.</span> <span class='ocrx_word' id='word_1_460' title='bbox 227 4420 398 4479; x_wconf 88' lang='lat' dir='ltr'>Gronovius.</span> <span class='ocrx_word' id='word_1_461' title='bbox 429 4425 598 4474; x_wconf 78' lang='lat' dir='ltr'>Paetriomum</span> <span class='ocrx_word' id='word_1_462' title='bbox 618 4428 670 4476; x_wconf 91' lang='lat' dir='ltr'>lac.</span> <span class='ocrx_word' id='word_1_463' title='bbox 690 4429 851 4478; x_wconf 72' lang='lat' dir='ltr'>Gronovius·</span> <span class='ocrx_word' id='word_1_464' title='bbox 874 4430 917 4487; x_wconf 87' lang='lat' dir='ltr'>(Ut</span> <span class='ocrx_word' id='word_1_465' title='bbox 938 4444 1003 4486; x_wconf 82' lang='lat' dir='ltr'>nos,</span> <span class='ocrx_word' id='word_1_466' title='bbox 1030 4431 1091 4478; x_wconf 88' lang='lat' dir='ltr'>libri</span> <span class='ocrx_word' id='word_1_467' title='bbox 1110 4431 1197 4477; x_wconf 86' lang='lat' dir='ltr'>adliuc</span> <span class='ocrx_word' id='word_1_468' title='bbox 1218 4430 1313 4482; x_wconf 71' lang='lat' dir='ltr'>noli)-</span> <span class='ocrx_word' id='word_1_469' title='bbox 1339 4459 1373 4470; x_wconf 88' lang='lat'><em>-</em></span> <span class='ocrx_word' id='word_1_470' title='bbox 1417 4439 1466 4488; x_wconf 67' lang='lat'>24.</span> <span class='ocrx_word' id='word_1_471' title='bbox 1486 4454 1530 4488; x_wconf 71' lang='lat' dir='ltr'>aa·</span> 
     </span>
     <span class='ocr_line' id='line_1_46' title="bbox 176 4494 1530 4571; baseline 0.014 -33"><span class='ocrx_word' id='word_1_472' title='bbox 176 4503 245 4539; x_wconf 86' lang='lat' dir='ltr'>cesse</span> <span class='ocrx_word' id='word_1_473' title='bbox 269 4494 410 4542; x_wconf 82' lang='lat' dir='ltr'>rescribere</span> <span class='ocrx_word' id='word_1_474' title='bbox 434 4494 502 4543; x_wconf 80' lang='lat' dir='ltr'>blB:</span> <span class='ocrx_word' id='word_1_475' title='bbox 534 4510 634 4544; x_wconf 79' lang='lat' dir='ltr'>necesse</span> <span class='ocrx_word' id='word_1_476' title='bbox 657 4511 697 4546; x_wconf 84' lang='lat' dir='ltr'>ms</span> <span class='ocrx_word' id='word_1_477' title='bbox 716 4499 857 4549; x_wconf 82' lang='lat' dir='ltr'>rescribere</span> <span class='ocrx_word' id='word_1_478' title='bbox 877 4500 906 4558; x_wconf 90' lang='lat'>1,</span> <span class='ocrx_word' id='word_1_479' title='bbox 935 4513 1037 4550; x_wconf 84' lang='lat' dir='ltr'>necesse</span> <span class='ocrx_word' id='word_1_480' title='bbox 1056 4514 1096 4549; x_wconf 87' lang='lat' dir='ltr'>me</span> <span class='ocrx_word' id='word_1_481' title='bbox 1121 4500 1233 4548; x_wconf 80' lang='lat' dir='ltr'>scribere</span> <span class='ocrx_word' id='word_1_482' title='bbox 1252 4513 1319 4549; x_wconf 91' lang='lat' dir='ltr'>cum</span> <span class='ocrx_word' id='word_1_483' title='bbox 1342 4504 1416 4555; x_wconf 78' lang='lat' dir='ltr'>Asc.</span> <span class='ocrx_word' id='word_1_484' title='bbox 1439 4523 1483 4571; x_wconf 84' lang='lat' dir='ltr'>pr.</span> <span class='ocrx_word' id='word_1_485' title='bbox 1504 4516 1530 4559; x_wconf 81' lang='lat' dir='ltr'>et</span> 
     </span>
     <span class='ocr_line' id='line_1_47' title="bbox 176 4560 1530 4633; baseline 0.012 -23"><span class='ocrx_word' id='word_1_486' title='bbox 176 4560 291 4612; x_wconf 84' lang='lat' dir='ltr'>Grutero</span> <span class='ocrx_word' id='word_1_487' title='bbox 306 4564 334 4612; x_wconf 84' lang='lat' dir='ltr'>E.</span> <span class='ocrx_word' id='word_1_488' title='bbox 353 4588 382 4598; x_wconf 90' lang='lat'><em>-</em></span> <span class='ocrx_word' id='word_1_489' title='bbox 404 4565 447 4612; x_wconf 80' lang='lat'>25.</span> <span class='ocrx_word' id='word_1_490' title='bbox 470 4565 610 4629; x_wconf 78' lang='lat' dir='ltr'>Curiosque</span> <span class='ocrx_word' id='word_1_491' title='bbox 626 4568 646 4616; x_wconf 94' lang='lat' dir='ltr'>l.</span> <span class='ocrx_word' id='word_1_492' title='bbox 666 4592 691 4601; x_wconf 96' lang='lat'>-</span> <span class='ocrx_word' id='word_1_493' title='bbox 707 4582 754 4632; x_wconf 78' lang='lat' dir='ltr'>epa</span> <span class='ocrx_word' id='word_1_494' title='bbox 773 4583 815 4618; x_wconf 87' lang='lat' dir='ltr'>eas</span> <span class='ocrx_word' id='word_1_495' title='bbox 834 4570 865 4618; x_wconf 84' lang='lat' dir='ltr'>B.</span> <span class='ocrx_word' id='word_1_496' title='bbox 882 4595 912 4604; x_wconf 86' lang='lat'><em>—</em></span> <span class='ocrx_word' id='word_1_497' title='bbox 931 4571 976 4617; x_wconf 77' lang='lat'>28.</span> <span class='ocrx_word' id='word_1_498' title='bbox 993 4569 1094 4633; x_wconf 83' lang='lat' dir='ltr'>Clodia}</span> <span class='ocrx_word' id='word_1_499' title='bbox 1116 4570 1192 4619; x_wconf 76' lang='lat' dir='ltr'>stelio</span> <span class='ocrx_word' id='word_1_500' title='bbox 1207 4583 1246 4630; x_wconf 91' lang='lat' dir='ltr'>pr.</span> <span class='ocrx_word' id='word_1_501' title='bbox 1264 4569 1304 4618; x_wconf 76' lang='lat' dir='ltr'>m.</span> <span class='ocrx_word' id='word_1_502' title='bbox 1320 4596 1358 4606; x_wconf 91' lang='lat'>-·</span> <span class='ocrx_word' id='word_1_503' title='bbox 1380 4577 1430 4628; x_wconf 73' lang='lat'>29.</span> <span class='ocrx_word' id='word_1_504' title='bbox 1447 4581 1530 4629; x_wconf 65' lang='lat' dir='ltr'>etiarn</span> 
     </span>
     <span class='ocr_line' id='line_1_48' title="bbox 176 4631 1525 4712; baseline 0.015 -32"><span class='ocrx_word' id='word_1_505' title='bbox 176 4631 294 4682; x_wconf 87' lang='lat' dir='ltr'>deletum</span> <span class='ocrx_word' id='word_1_506' title='bbox 308 4635 409 4683; x_wconf 83' lang='lat' dir='ltr'>mavolt</span> <span class='ocrx_word' id='word_1_507' title='bbox 428 4635 507 4682; x_wconf 89' lang='lat' dir='ltr'>Beier</span> <span class='ocrx_word' id='word_1_508' title='bbox 526 4636 558 4683; x_wconf 91' lang='lat' dir='ltr'>ad</span> <span class='ocrx_word' id='word_1_509' title='bbox 578 4636 656 4687; x_wconf 80' lang='lat' dir='ltr'>usuc.</span> <span class='ocrx_word' id='word_1_510' title='bbox 678 4639 713 4686; x_wconf 90' lang='lat' dir='ltr'>ll.</span> <span class='ocrx_word' id='word_1_511' title='bbox 735 4654 759 4702; x_wconf 88' lang='lat' dir='ltr'>p.</span> <span class='ocrx_word' id='word_1_512' title='bbox 781 4640 840 4688; x_wconf 69' lang='lat'>322.</span> <span class='ocrx_word' id='word_1_513' title='bbox 864 4665 891 4675; x_wconf 94' lang='lat'>-</span> <span class='ocrx_word' id='word_1_514' title='bbox 914 4639 1056 4700; x_wconf 75' lang='lat' dir='ltr'>Rusobll‚</span> <span class='ocrx_word' id='word_1_515' title='bbox 1072 4638 1525 4712; x_wconf 75' lang='lat' dir='ltr'>Ruposs.ic0rr.1tlanuuus.)-</span> 
     </span>
     <span class='ocr_line' id='line_1_49' title="bbox 175 4700 1529 4772; baseline 0.01 -23"><span class='ocrx_word' id='word_1_516' title='bbox 175 4700 217 4749; x_wconf 86' lang='grc'>30.</span> <span class='ocrx_word' id='word_1_517' title='bbox 245 4702 367 4766; x_wconf 86' lang='lat' dir='ltr'>scriptus]</span> <span class='ocrx_word' id='word_1_518' title='bbox 396 4706 467 4753; x_wconf 84' lang='lat' dir='ltr'>Fort.</span> <span class='ocrx_word' id='word_1_519' title='bbox 497 4711 636 4765; x_wconf 80' lang='lat' dir='ltr'>spectatus.</span> <span class='ocrx_word' id='word_1_520' title='bbox 674 4708 728 4758; x_wconf 80' lang='lat' dir='ltr'>Cir.</span> <span class='ocrx_word' id='word_1_521' title='bbox 754 4710 890 4770; x_wconf 85' lang='lat' dir='ltr'>Inscripti.</span> <span class='ocrx_word' id='word_1_522' title='bbox 919 4710 988 4760; x_wconf 86' lang='lat' dir='ltr'>Latt.</span> <span class='ocrx_word' id='word_1_523' title='bbox 1017 4711 1051 4759; x_wconf 89' lang='lat' dir='ltr'>ll.</span> <span class='ocrx_word' id='word_1_524' title='bbox 1083 4726 1108 4772; x_wconf 91' lang='lat' dir='ltr'>p.</span> <span class='ocrx_word' id='word_1_525' title='bbox 1137 4709 1197 4758; x_wconf 75' lang='lat'>377.</span> <span class='ocrx_word' id='word_1_526' title='bbox 1219 4709 1272 4760; x_wconf 83' lang='lat' dir='ltr'>On.</span> <span class='ocrx_word' id='word_1_527' title='bbox 1298 4735 1328 4746; x_wconf 89' lang='lat'><em>-</em></span> <span class='ocrx_word' id='word_1_528' title='bbox 1373 4717 1424 4768; x_wconf 75' lang='lat'>32.</span> <span class='ocrx_word' id='word_1_529' title='bbox 1445 4721 1529 4769; x_wconf 73' lang='lat' dir='ltr'>moda</span> 
     </span>
     <span class='ocr_line' id='line_1_50' title="bbox 174 4769 1529 4850; baseline 0.02 -34"><span class='ocrx_word' id='word_1_530' title='bbox 174 4769 247 4832; x_wconf 78' lang='lat' dir='ltr'>fieri:</span> <span class='ocrx_word' id='word_1_531' title='bbox 279 4787 342 4822; x_wconf 81' lang='lat' dir='ltr'>num</span> <span class='ocrx_word' id='word_1_532' title='bbox 363 4776 384 4824; x_wconf 92' lang='lat' dir='ltr'>l.</span> <span class='ocrx_word' id='word_1_533' title='bbox 420 4799 448 4809; x_wconf 98' lang='lat'>-</span> <span class='ocrx_word' id='word_1_534' title='bbox 487 4775 530 4823; x_wconf 83' lang='lat'>35.</span> <span class='ocrx_word' id='word_1_535' title='bbox 550 4778 715 4825; x_wconf 84' lang='lat' dir='ltr'>secessionem</span> <span class='ocrx_word' id='word_1_536' title='bbox 735 4779 892 4829; x_wconf 87' lang='lat' dir='ltr'>Beroaldus.</span> <span class='ocrx_word' id='word_1_537' title='bbox 921 4805 950 4815; x_wconf 98' lang='lat'>-</span> <span class='ocrx_word' id='word_1_538' title='bbox 990 4780 1034 4831; x_wconf 79' lang='grc'>36.</span> <span class='ocrx_word' id='word_1_539' title='bbox 1064 4780 1133 4842; x_wconf 83' lang='lat' dir='ltr'>Quid</span> <span class='ocrx_word' id='word_1_540' title='bbox 1162 4792 1227 4842; x_wconf 76' lang='lat' dir='ltr'>erpo</span> <span class='ocrx_word' id='word_1_541' title='bbox 1252 4783 1312 4830; x_wconf 85' lang='lat' dir='ltr'>istu</span> <span class='ocrx_word' id='word_1_542' title='bbox 1338 4787 1433 4850; x_wconf 77' lang='lat' dir='ltr'>calpa</span> <span class='ocrx_word' id='word_1_543' title='bbox 1457 4792 1529 4842; x_wconf 79' lang='lat' dir='ltr'>Bru·</span> 
     </span>
     <span class='ocr_line' id='line_1_51' title="bbox 175 4844 959 4912; baseline 0.014 -25"><span class='ocrx_word' id='word_1_544' title='bbox 175 4844 285 4890; x_wconf 83' lang='lat' dir='ltr'>taram?</span> <span class='ocrx_word' id='word_1_545' title='bbox 311 4845 390 4894; x_wconf 86' lang='lat' dir='ltr'>Hand</span> <span class='ocrx_word' id='word_1_546' title='bbox 411 4846 491 4894; x_wconf 87' lang='lat' dir='ltr'>Turs.</span> <span class='ocrx_word' id='word_1_547' title='bbox 512 4846 548 4894; x_wconf 90' lang='lat' dir='ltr'>ll.</span> <span class='ocrx_word' id='word_1_548' title='bbox 569 4861 596 4909; x_wconf 84' lang='lat' dir='ltr'>p.</span> <span class='ocrx_word' id='word_1_549' title='bbox 616 4846 678 4896; x_wconf 71' lang='grc'><strong>459.</strong></span> <span class='ocrx_word' id='word_1_550' title='bbox 700 4874 731 4882; x_wconf 92' lang='grc'>-</span> <span class='ocrx_word' id='word_1_551' title='bbox 769 4850 848 4912; x_wconf 82' lang='lat' dir='ltr'>crrlpa</span> <span class='ocrx_word' id='word_1_552' title='bbox 867 4851 918 4897; x_wconf 82' lang='lat' dir='ltr'>isia</span> <span class='ocrx_word' id='word_1_553' title='bbox 937 4850 959 4898; x_wconf 93' lang='grc'>1.</span> 
     </span>
    </p>
   </div>
   <div class='ocr_carea' id='block_1_7' title="bbox 0 0 1612 5408">
    <p class='ocr_par' dir='ltr' id='par_1_9' title="bbox 0 0 1612 5408">
     <span class='ocr_line' id='line_1_52' title="bbox 0 0 1612 5408; baseline 0 4"><span class='ocrx_word' id='word_1_554' title='bbox 0 0 1612 5408; x_wconf 95' lang='lat' dir='ltr'> </span> 
     </span>
    </p>
   </div>
  </div>
 </body>
</html>
