3256 5400
693 245 766 310 1111.
787 245 828 309 Χ.
870 245 929 309 111).
950 246 1001 310 118.
1421 249 1486 314 187

165 420 316 475 manere,
343 409 467 474 tamen,
502 398 577 485 quia
603 399 697 466 video
728 401 781 468 tali
803 411 944 488 tempore
965 402 1064 469 multo
1085 403 1185 489 magis
1205 404 1382 490 legionibus
1403 426 1484 494 opus

166 515 234 560 esse
256 514 349 580 33333
369 493 556 578 provinciis,
578 514 658 579 quae
681 494 864 578 praesertim
885 496 1055 582 reciperari
1076 497 1162 562 nullo
1184 499 1312 583 negotio
1332 512 1483 585 possunt,

165 587 328 661 constitui,
350 594 385 652 ut
406 607 488 651 nunc
508 596 570 659 est,
592 607 663 651 cum
686 589 828 654 exercitu
841 589 1007 675 proficisci.
1048 589 1169 655 Deinde
1190 611 1232 656 ex
1253 591 1379 670 litteris,
1402 615 1480 682 quas

165 687 282 747 Pansae
303 681 391 754 misi,
428 701 597 766 cognosces
619 682 743 760 omuia;
776 704 847 747 nam
866 682 923 748 tibi
944 705 1053 749 earum
1074 686 1236 771 exemplar
1262 686 1344 753 misi.
1392 706 1479 759 xvu.

165 776 233 842 1131.
253 776 352 862 April.
375 774 531 842 Corduba.
1486 791 1501 834 s

604 920 732 981 3333.
775 918 824 1001 (s.
849 921 882 983 u.
904 920 936 983 3.
957 916 1043 1002 711.)

528 1031 562 1095 c
583 1033 733 1095 333333
755 1031 900 1096 nomio
923 1030 1117 1095 ucanoru.

250 1155 278 1214 1.
300 1148 414 1215 Balbus
441 1157 589 1236 quaestor
609 1169 720 1235 magna
740 1160 902 1217 numerata
923 1150 1072 1235 pecunia,
1094 1170 1207 1235 magno
1228 1153 1369 1238 pondere
1391 1156 1479 1234 auri,

165 1244 285 1308 maiore
317 1244 438 1329 argenti
465 1253 573 1310 coacto
601 1243 641 1309 de
668 1244 801 1331 publicis
836 1242 1072 1319 exactionibus,
1109 1266 1149 1309 33
1180 1245 1336 1332 stipendio
1358 1251 1483 1335 quidem

166 1337 316 1403 militibus
336 1337 477 1414 reddito,
499 1337 590 1403 duxit
610 1359 643 1403 se
672 1359 690 1402 a
714 1336 850 1404 Gadibus
872 1346 903 1402 et
923 1337 1060 1402 triduum
1082 1347 1264 1424 tempestate
1285 1350 1424 1408 retentus
1445 1343 1485 1409 ad
1498 1370 1525 1411 m

167 1431 292 1516 Calpem
312 1431 379 1496 ltal.
401 1431 498 1496 laniis
519 1431 640 1496 traiecit
660 1451 728 1496 sese
749 1431 782 1495 ia
802 1451 933 1515 regnum
955 1431 1109 1516 Bogudis,
1131 1432 1222 1518 plane
1245 1432 1325 1499 bene
1346 1435 1483 1520 peculia·

167 1535 225 1590 tus.
282 1525 337 1589 His
363 1523 544 1589 munoribus
575 1535 680 1589 utrum
712 1525 812 1590 Gades
833 1524 988 1589 referatur
1009 1546 1048 1590 an
1070 1531 1200 1592 Romam
1224 1563 1264 1574 -
1286 1526 1325 1592 ad
1346 1528 1485 1613 singulos

166 1619 249 1683 enim
271 1617 397 1683 nuutios
418 1617 596 1703 turpissime
617 1619 746 1683 consilia
768 1627 866 1683 mutat
893 1653 950 1693 -,
979 1618 1119 1685 nondum
1140 1621 1216 1686 scio.
1259 1624 1289 1687 2.
1312 1620 1373 1686 Sed
1394 1641 1485 1706 prae-

166 1722 215 1776 ter
242 1711 325 1777 lauta
358 1721 390 1777 et
420 1712 545 1797 rapinas
566 1721 598 1776 et
622 1712 719 1796 virgis
754 1733 861 1777 caesos
882 1712 1001 1788 socios,
1037 1712 1115 1778 baec
1144 1735 1270 1801 quoque
1294 1714 1428 1780 lecit-
1449 1722 1486 1781 ut

167 1807 234 1891 ipse
255 1805 385 1890 gloriari
407 1806 496 1881 solet,
520 1805 644 1882 eadem,
661 1826 740 1893 quae
762 1807 796 1871 C.
818 1809 1002 1871 Caesar-t
1024 1806 1116 1880 ludis,
1139 1828 1218 1894 quos
1241 1808 1379 1874 Gadibus
1400 1808 1524 1885 133113

166 1898 359 1964 Herennium
379 1898 518 1973 Gallum,
540 1898 742 1974 histrionem,
764 1920 887 1965 summo
908 1899 1054 1965 ludorum
1081 1900 1133 1965 die
1154 1902 1247 1967 anulo
1269 1923 1366 1967 aureo
1388 1901 1486 1968 dona·

166 2001 248 2067 turn,
281 1991 313 2055 in
342 2010 436 2058 333.
464 2012 585 2057 sessum
611 1991 741 2058 deduxit
768 2026 800 2039 ··
839 2000 885 2059 tot
920 1992 1003 2058 enim
1032 1992 1149 2059 lecerat
1176 1993 1304 2060 ordines
1332 1995 1486 2082 equestris

166 2085 227 2151 loci
248 2107 304 2163 -;
326 2085 607 2172 quattuorviratum
629 2084 689 2150 sibi
718 2086 919 2173 prorogavit;
951 2086 1077 2151 comitia
1098 2086 1217 2152 biennii
1239 2086 1336 2153 biduo
1358 2087 1486 2165 babuit,

166 2176 229 2243 boc
251 2186 311 2253 est,
333 2178 542 2251 renuntiavit,
578 2200 658 2265 quos
679 2179 710 2244 ei
731 2179 834 2245 risum
862 2189 925 2258 est;
961 2180 1086 2245 exsules
1108 2179 1250 2255 reduxit,
1286 2202 1349 2247 non
1370 2181 1485 2247 borum

166 2281 363 2357 temporum,
396 2271 452 2337 sed
476 2271 620 2344 illorum,
657 2271 771 2359 quibus
798 2295 815 2338 a
839 2273 995 2339 seditiosis
1017 2281 1142 2339 senatus
1163 2273 1334 2340 trucidatus
1356 2283 1409 2340 aut
1430 2295 1524 2344 emo

166 2366 274 2452 pulsus
296 2375 358 2441 est,
381 2369 454 2431 Sex.
475 2371 561 2432 Varo
582 2366 781 2452 proconsule.
824 2372 853 2432 3.
875 2365 931 2432 Illa
951 2387 1030 2432 vero
1051 2367 1114 2432 iam
1136 2387 1176 2433 ne
1193 2372 1334 2433 Caesaris
1355 2366 1484 2454 quidem

167 2461 328 2546 exemplo,
357 2459 443 2547 quod
464 2460 546 2526 ludis
567 2469 759 2547 praetextam
782 2459 821 2525 de
842 2481 900 2526 suo
922 2460 1033 2525 itinere
1055 2459 1094 2525 ad
1115 2464 1149 2525 L.
1166 2461 1332 2526 Lentulum
1354 2481 1480 2547 procos.

166 2552 394 2619 sollicitandum
414 2555 529 2640 posuit.
587 2559 626 2619 Et
645 2552 772 2641 quidem
793 2574 865 2618 cum
886 2561 1047 2638 ageretur,
1073 2551 1173 2628 licvit,
1202 2553 1355 2618 memoria
1375 2571 1484 2618 rerum

166 2656 324 2732 gestarum
352 2656 536 2713 commotus.
594 2645 823 2714 Gladiatoribus
851 2658 970 2722 autem,
1003 2646 1134 2713 Fadium
1156 2646 1326 2732 quendam,
1357 2645 1487 2710 militem

165 2740 405 2826 Pompeianum,
442 2746 530 2827 quia,
566 2762 637 2805 cum
664 2739 831 2826 depressus
861 2743 895 2804 in
921 2738 1030 2804 ludum
1057 2736 1107 2804 bis
1134 2738 1231 2823 gratis
1259 2737 1526 2824 depugnasset,ss

166 2833 325 2899 auctorari
345 2852 414 2899 sese
435 2831 560 2901 nolebat
582 2843 613 2899 et
634 2832 672 2899 ad
689 2833 841 2920 populum
856 2831 1056 2918 confugerat,
1078 2832 1215 2918 primum
1237 2830 1342 2897 Gallos
1364 2830 1486 2918 equites

166 2926 296 2992 immisit
317 2926 349 2991 iu
370 2927 523 3015 populum
545 2963 583 2974 -
607 2926 739 2991 coniecti
760 2926 841 2991 enim
863 2925 982 3013 lapides
1003 2935 1075 2992 sunt
1095 2925 1128 2991 in
1150 2944 1239 2999 eum,
1272 2944 1343 2989 3333
1365 2925 1488 3012 arripe-

165 3027 255 3085 retur
275 3019 389 3086 Fadius
410 3044 469 3102 -;
492 3020 603 3087 deinde
625 3019 814 3086 abstractum
835 3019 957 3085 defodit
976 3020 1010 3086 in
1030 3018 1107 3085 ludo
1129 3029 1160 3085 et
1178 3018 1285 3084 sivum
1300 3015 1486 3098 combussit:

166 3132 237 3178 cum
258 3113 385 3201 quidem
406 3135 552 3201 pransus,
584 3113 674 3180 nudis
696 3111 848 3200 pedibus,
878 3111 981 3178 tunica
1003 3106 1118 3187 soluta,
1141 3109 1283 3177 manibus
1304 3112 1343 3178 ad
1361 3118 1485 3198 tergum

166 3207 307 3282 reiectis,
342 3206 551 3274 inambularet
572 3216 603 3273 et
623 3206 668 3272 illi
688 3206 807 3271 misero
828 3206 1006 3292 quiritanti,
1044 3210 1077 3272 G.
1099 3211 1135 3272 R.
1156 3202 1284 3271 uluvs
1307 3209 1405 3280 SVM,
1433 3208 1526 3275 13-33

166 3299 348 3386 sponderet:
373 3301 457 3378 ..lbi
480 3323 576 3376 nunc,
602 3299 711 3387 populi
724 3298 817 3364 fidem
831 3300 994 3386 implora.”
1036 3299 1148 3366 Bestiis
1168 3319 1247 3365 vero
1267 3298 1351 3363 cives
1373 3298 1486 3364 nous-

166 3414 240 3470 nos,
279 3394 312 3460 in
347 3394 386 3459 iis
418 3392 638 3460 circulatorem
666 3393 822 3479 quendam
857 3394 1062 3470 auctionum,
1094 3392 1292 3459 notissimum
1327 3390 1487 3456 hominem

165 3486 303 3573 Hispali,
325 3487 398 3574 quia
421 3487 571 3553 deformis
586 3495 670 3561 erat,
692 3484 818 3551 obiecit.
861 3490 939 3553 Cum
953 3486 1168 3553 huiuscemodi
1184 3493 1328 3572 portento
1343 3492 1395 3550 'res
1409 3484 1488 3550 mibi

165 3578 234 3645 luit
277 3579 339 3645 Sed
361 3580 400 3646 de
421 3581 476 3647 illo
497 3580 588 3668 plura
609 3600 727 3646 coram.
784 3584 816 3645 1.
838 3582 941 3654 Nunc,
964 3579 1049 3668 quod
1069 3587 1223 3667 praestat,
1245 3576 1488 3664 3311331311-

166 3673 206 3739 tis
226 3674 347 3751 faeere,
368 3675 556 3741 constituite.
600 3680 677 3740 Tres
701 3672 840 3757 legiones
862 3671 967 3738 firmas
987 3671 1105 3749 babeo,
1128 3691 1262 3759 quarum
1276 3692 1385 3745 unam,
1408 3664 1526 3743 133-33

166 3767 414 3844 detricesimam,
450 3789 521 3834 cum
551 3767 589 3833 ad
611 3766 758 3833 33131113
780 3765 854 3831 belli
876 3766 1057 3833 arcessisset
1084 3766 1237 3833 Antonius
1258 3765 1316 3830 bac
1336 3765 1488 3852 pollicita-

167 3861 272 3937 tione,
299 3883 363 3948 quo
385 3861 437 3927 die
458 3863 492 3927 in
512 3871 613 3928 castra
633 3862 793 3936 venisset,
823 3859 969 3927 denarios
991 3861 1165 3948 quingenos
1188 3859 1316 3944 siugulis
1338 3850 1487 3925 militibus

167 3953 328 4031 daturum,
350 3955 384 4020 in
402 3955 534 4021 victoria
553 3976 630 4021 vero
652 3953 762 4021 eadem
783 3954 937 4041 praemia,
962 3975 1042 4042 quae
1064 3955 1128 4020 suis
1149 3952 1325 4040 legionibus
1346 3985 1387 3998 -
1408 3956 1488 4040 quo·

167 4069 238 4113 rum
259 4047 329 4135 quis
364 4047 460 4113 ullam
487 4046 580 4113 finem
609 4058 662 4114 aut
682 4046 811 4114 modam
832 4046 972 4113 futurum
993 4046 1136 4135 putabit?
1162 4078 1194 4091 -
1212 4096 1220 4123 ,
1241 4044 1488 4112 incitatissimam

166 4140 298 4217 retinui,
321 4160 415 4227 aegre
437 4140 647 4220 mehercules:
669 4162 727 4206 nec
747 4141 965 4215 retinuissem,
997 4145 1023 4206 si
1044 4162 1109 4207 uno
1129 4141 1202 4206 loco
1223 4138 1414 4214 habuissem,
1437 4142 1526 4210 'ut-so

167 4243 241 4322 pote
263 4254 334 4300 cum
355 4233 495 4318 singulae
518 4233 669 4321 quaedam
684 4234 829 4300 cobortes
850 4233 1035 4300 seditionem
1056 4233 1199 4301 iecerint.
1241 4234 1387 4319 lleliquas
1409 4234 1489 4319 quc·

167 4348 229 4414 que
250 4327 390 4412 legiones
411 4348 475 4393 non
508 4326 626 4393 destitit
651 4327 761 4394 litteris
782 4337 874 4413 atque
895 4327 1021 4393 infinitis
1048 4325 1325 4415 pollicitationibus
1347 4325 1487 4390 incitare.

236 4537 263 4588 3.
292 4537 421 4602 praedece·
445 4536 515 4587 inde.
551 4537 594 4587 113
618 4537 735 4587 malebat
753 4535 901 4587 Ernestius.
926 4561 959 4570 -
995 4535 1021 4585 11.
1047 4534 1167 4586 corduba
1185 4535 1229 4585 ltl:
1250 4532 1487 4586 0331313311.-

169 4607 212 4658 tt.
232 4606 336 4669 Calpem
354 4607 383 4657 11
396 4621 403 4656 3
423 4606 521 4670 Calpen
529 4600 560 4657 ll.
571 4631 602 4643 -
622 4607 723 4671 bogutts
736 4606 773 4657 bl.
792 4632 826 4642 -·
844 4608 887 4656 11.
901 4606 994 4657 btrlim
1005 4612 1202 4668 mammetem
1213 4606 1257 4655 bie
1269 4611 1295 4655 et
1306 4602 1336 4667 1.
1351 4604 1377 4654 5.
1389 4601 1440 4652 01.
1455 4625 1487 4637 -

167 4676 212 4727 21.
231 4678 369 4727 auctorare·
387 4678 523 4726 Romana:
550 4683 657 4727 erectore
674 4676 733 4726 1111.
762 4701 791 4712 -
828 4677 872 4726 27.
891 4677 999 4725 33313311
1016 4676 1181 4726 Cratander:
1201 4675 1308 4725 33313311
1327 4673 1370 4734 bl,
1388 4671 1488 4722 33113311

169 4747 251 4798 11.-
287 4748 451 4810 arriperetur
469 4746 515 4797 bl:
539 4746 703 4809 abriperetur
720 4746 750 4795 li.
772 4771 800 4783 -
839 4746 882 4795 31.
901 4747 980 4795 13113
997 4744 1292 4796 1133113331311311.
1313 4767 1344 4779 -
1379 4743 1488 4791 cimmo·

169 4816 280 4866 13133333
298 4816 336 4867 Μ.
369 4839 396 4852 -
433 4815 477 4866 et.
505 4816 626 4866 13333133
650 4829 677 4866 se
694 4817 888 4880 quinquagenos
906 4814 1063 4864 Lambinus.
1094 4841 1127 4852 -
1158 4812 1352 4865 3131133311.
1381 4834 1413 4850 ·-
1437 4822 1488 4875 μ·

169 4885 240 4936 tabit
254 4885 429 4937 Gulielmius:
446 4886 551 4949 3313311
570 4885 630 4936 bill.
650 4909 684 4919 -
719 4884 764 4936 tu.
783 4891 874 4947 313313
892 4897 932 4947 pr.
950 4884 996 4946 11,
1014 4891 1044 4935 ut
1059 4891 1127 4948 pato
1144 4897 1216 4934 corr.
1235 4882 1274 4934 11.
