3256 5400
176 229 238 289 750
684 221 740 279 ΕΡ.
764 220 815 279 ιιι)
839 217 1009 279 ATTICUM

177 404 245 448 eam
277 400 344 444 reru
373 389 407 443 tu
438 377 617 449 adiuvares,
643 375 847 481 'Atticumque
875 384 1032 447 nostrum,
1065 374 1154 438 cuius
1182 385 1213 438 te
1242 375 1422 442 studiosum
1455 397 1510 441 co·

178 474 289 562 gnovi,
312 483 343 538 et
364 492 431 544 me,
439 469 508 554 qui
530 489 592 533 non
608 467 711 532 minus
742 467 869 541 laboro,
892 468 1032 532 molestia
1051 466 1212 534 liberares.
1249 468 1402 534 Omnibus
1425 470 1510 534 euim

184 566 280 633 rebus
302 585 411 649 magua
434 583 526 634 cura,
556 562 651 626 multa
675 582 770 647 opera
794 573 824 627 et
846 561 954 626 labore
976 559 1143 635 conlectis,
1173 567 1204 626 in
1227 572 1258 627 te
1282 565 1422 648 positum
1444 575 1508 638 est,

179 673 214 728 ut
229 671 352 725 nostrae
367 655 584 721 sollicitudinis
607 654 698 719 finem
721 657 965 750 quamprimum
988 654 1089 720 lacere
1109 659 1276 741 possimus.
1310 659 1508 744 Quamquam

157 752 378 836 sintelligimus
408 771 443 812 ca
473 757 503 813 te
533 770 602 813 esse
630 736 812 834 prudentia,
843 759 877 814 ut
902 749 1024 822 videas,
1061 749 1087 812 si
1115 770 1152 814 ea
1175 749 1299 815 decreta
1327 751 1507 824 consulum,

178 868 258 933 quae
280 845 319 908 do
341 843 482 908 Caesaris
503 843 579 907 actis
600 843 783 928 interposita
806 855 892 916 sunt
922 864 984 907 uon
1015 851 1194 916 serventur,
1220 864 1362 929 maguam
1384 858 1509 931 pertur-

178 941 336 1004 bationem
359 959 466 1001 rerum
489 935 569 1000 lore.
612 940 643 1002 9.
666 937 835 1022 Equidem,
858 959 929 1001 cum
953 937 1049 1001 multa
1065 936 1208 1022 -quod
1232 958 1360 1003 necesse
1385 941 1509 1005 eratin

179 1043 259 1098 tauta
290 1031 555 1115 occupatione-
578 1051 642 1094 non
673 1030 861 1115 probentur,
890 1051 969 1116 quae
992 1034 1105 1095 Caesar
1131 1031 1290 1105 statuerit,
1321 1042 1429 1098 tamen
1451 1034 1508 1098 otii

178 1126 326 1213 pacisque
356 1146 447 1188 eausa
475 1124 629 1189 acerrime
661 1124 712 1189 illa
741 1125 829 1188 soleo
858 1123 1045 1202 defendere;
1082 1124 1165 1210 quod
1195 1125 1251 1190 tibi
1279 1126 1363 1191 idom
1392 1148 1509 1212 magno

145 1239 168 1276 ιι
178 1239 275 1304 opere
297 1217 474 1283 laciendum
496 1238 626 1294 cense0;
657 1239 844 1304 quamquam
874 1219 950 1283 boec
972 1218 1102 1304 epistola
1126 1241 1188 1284 nou
1211 1220 1352 1285 suasoris
1374 1231 1423 1286 ost
1451 1220 1507 1285 sed

179 1314 346 1398 rogatoris.
389 1313 504 1397 igitur,
527 1313 571 1376 mi
586 1311 715 1385 Plance,
738 1333 817 1396 rogo
840 1322 869 1376 te
891 1322 923 1376 et
944 1312 1036 1376 etiam
1059 1333 1133 1386 oro,
1156 1314 1201 1378 sic
1225 1313 1452 1386 mediusfidius,
1475 1323 1510 1379 ut

179 1409 300 1473 maiore
323 1406 426 1472 studio
448 1405 610 1490 magisque
632 1427 672 1470 ex
695 1405 799 1471 auimo
822 1426 914 1489 agere
937 1427 998 1471 nou
1021 1407 1156 1492 possim,
1190 1417 1224 1471 ut
1248 1418 1345 1472 totum
1369 1407 1431 1470 boc
1454 1428 1511 1470 ne·

179 1501 298 1586 gotium
321 1501 363 1565 ita
386 1520 473 1583 agas,
495 1498 538 1563 ita
561 1507 689 1571 tractes,
712 1499 754 1562 ita
770 1497 931 1568 conficias.
953 1510 1003 1573 ut,
1027 1500 1112 1584 quod
1135 1500 1202 1565 siue
1225 1501 1287 1567 ulla
1310 1499 1509 1565 dubitatione

179 1595 261 1682 apud
284 1595 428 1660 consules
449 1593 642 1659 obtinuimus
664 1602 794 1678 propter
810 1614 961 1658 summam
984 1593 1154 1659 bonitatem
1178 1604 1209 1658 et
1224 1596 1413 1681 aequitatem
1436 1616 1510 1659 cau·

148 1709 248 1760 issae,
277 1687 308 1751 id
332 1702 365 1752 tu
395 1709 452 1753 nos
476 1686 648 1751 obtinuisse
677 1708 739 1750 non
762 1686 858 1752 modo
880 1687 970 1753 facile
992 1689 1127 1773 patiare,
1157 1687 1211 1752 sed
1240 1690 1333 1754 etiam
1360 1688 1508 1774 gaudeas.

181 1784 249 1858 Qua
273 1780 399 1867 quidem
422 1780 580 1845 voluntate
602 1789 632 1844 te
659 1801 727 1844 esse
751 1800 824 1865 erga
846 1781 979 1845 Atticum
1002 1803 1095 1867 saepe
1115 1803 1262 1867 praesens
1284 1783 1380 1850 etilli
1403 1792 1508 1846 osteu-

180 1874 253 1938 disti
282 1882 313 1938 et
334 1895 412 1939 vero
442 1875 535 1939 etiam
556 1874 643 1937 mibi.
688 1873 782 1950 Quod
804 1878 829 1938 si
854 1874 980 1946 loceris,
1010 1896 1077 1949 me,
1104 1897 1197 1961 quem
1220 1876 1379 1941 voluntate
1401 1885 1433 1940 et
1454 1896 1509 1960 pa-

181 1979 268 2033 terna
290 1968 518 2033 necessitudine
537 1968 737 2032 coniunctum
755 1990 879 2053 semper
897 1968 1046 2043 habuisti,
1069 1970 1209 2035 maximo
1224 1968 1376 2035 benelicio
1400 1969 1507 2033 devin-

180 2073 264 2126 ctum
286 2060 429 2138 babebis;
452 2060 546 2148 idque
568 2071 604 2127 ut
624 2061 734 2134 iacias,
757 2070 786 2126 te
818 2061 1018 2127 vehementer
1039 2064 1132 2128 etiam
1155 2075 1248 2150 atque
1269 2065 1363 2129 etiam
1385 2085 1476 2147 rogo.

142 2223 171 2265 tu
832 2205 864 2268 C.

591 2327 734 2390 CICERO
761 2326 942 2390 CAPITONl
964 2326 1038 2390 SUO
1062 2328 1092 2389 S.

270 2451 318 2511 to.
347 2451 509 2531 Nunquam
539 2444 645 2529 putavi
667 2445 752 2520 sore,
783 2456 817 2511 ut
838 2445 970 2531 supplex
998 2445 1037 2509 ad
1060 2456 1090 2510 te
1112 2446 1269 2525 venirem;
1300 2448 1355 2512 sed
1377 2447 1507 2512 berrulo

180 2540 269 2604 facile
296 2540 399 2625 patior
426 2538 530 2602 datum
560 2549 696 2623 tempus,
727 2539 844 2624 inquo
874 2559 1014 2603 amorem
1040 2541 1205 2625 experirer
1228 2551 1325 2606 tuum.
1369 2543 1505 2605 Atticum

181 2635 287 2720 quanti
309 2635 436 2706 faciam,
459 2634 529 2697 scis.
572 2632 692 2697 Amabo
715 2642 760 2706 te,
784 2633 822 2697 da
845 2632 920 2696 mibi
943 2642 974 2695 et
997 2631 1070 2696 boe:
1094 2631 1280 2697 obliviscere
1303 2655 1372 2698 mea
1396 2655 1505 2707 causa,

141 2728 266 2791 mittum
289 2727 455 2813 aliquando
477 2747 535 2819 sup
557 2725 718 2798 familiari,
746 2726 927 2790 adversario
950 2735 1021 2795 tuo,
1051 2725 1188 2789 voluisse
1216 2728 1407 2801 consultum,
1435 2749 1506 2792 curu

181 2820 262 2885 illius
286 2821 473 2885 existimatio
496 2829 652 2905 ageretur.
697 2825 764 2884 Hoc
787 2820 922 2904 primurn
946 2819 1109 2904 ignoscere
1132 2829 1179 2882 est
1201 2819 1398 2884 humanitatis
1414 2830 1505 2896 tuae;

127 2969 129 2972 ⁴
180 2934 254 2977 suos
276 2914 358 2978 enim
374 2915 506 3000 quisque
522 2913 615 2978 debet
636 2919 736 2989 tueri;
759 2912 886 2984 deinde,
910 2911 936 2976 si
958 2933 1008 2976 me
1030 2933 1114 2976 auras
1129 2949 1168 2959 -—
1185 2914 1292 2978 omitte
1308 2914 1506 2985 Atticurn-,

180 3007 323 3072 Ciceroni
346 3019 416 3081 tuo,
445 3029 538 3093 quem
567 3012 671 3093 quanti
702 3008 812 3080 lacias,
843 3028 918 3091 prae
946 3015 976 3069 te
998 3006 1080 3070 soles
1108 3006 1209 3080 lerre,
1240 3017 1339 3072 toturn
1367 3008 1506 3081 boeda,

179 3110 229 3174 ut,
256 3101 341 3187 quod
368 3123 492 3186 semper
522 3102 713 3174 existimavi,
743 3122 825 3165 nunc
851 3101 943 3185 plane
972 3099 1157 3184 intelligam,
1188 3123 1239 3166 me
1266 3123 1284 3165 a
1311 3113 1344 3166 te
1373 3104 1506 3168 multum

143 3223 169 3262 ιιι
181 3195 288 3258 amari.
328 3199 376 3258 tt.
400 3195 580 3259 buthrotios
604 3216 674 3259 curn
691 3200 804 3259 Caesar
827 3193 954 3258 decreto
976 3215 1049 3267 suo,
1072 3192 1156 3278 quod
1179 3215 1240 3278 ego
1256 3195 1419 3282 obsignavi
1434 3219 1506 3261 cum

181 3285 285 3351 multis
300 3288 497 3372 amplissimis
517 3289 605 3363 viris,
629 3288 825 3353 liberavisset
839 3285 1087 3372 ostendissetque
1101 3286 1206 3362 nobis,
1230 3311 1279 3362 se,
1302 3312 1371 3356 eum
1388 3292 1506 3376 agrarii

181 3400 267 3443 mare
290 3382 488 3454 transissent,
520 3382 638 3445 litteras
661 3383 846 3454 missurum,
876 3402 969 3467 quom
991 3381 1023 3444 in
1045 3401 1155 3463 agroru
1178 3382 1424 3457 deducerentur,
1455 3405 1509 3448 ac-

180 3473 270 3547 cidit,
300 3484 334 3537 ut
356 3472 459 3538 subito
481 3475 533 3538 ille
556 3475 708 3539 interiret.
751 3475 885 3548 Deinde,
918 3475 1181 3560 quemadmodum
1207 3480 1323 3543 tuscis
1346 3517 1384 3526 —
1408 3482 1506 3544 inter-

181 3563 266 3630 luisti
288 3567 370 3630 enirn
388 3603 444 3638 -,
468 3588 538 3631 cum
562 3569 706 3632 consules
728 3579 889 3654 oporteret
911 3589 951 3631 ex
967 3582 1090 3633 senatus
1113 3572 1255 3635 consulto
1278 3570 1317 3636 de
1339 3574 1414 3637 actis
1430 3578 1506 3637 Cae·

142 3658 259 3730 issaris
281 3680 487 3742 cognoscere,
519 3683 569 3725 res
590 3661 629 3725 ab
652 3662 689 3726 iis
713 3662 744 3725 in
767 3662 832 3726 Kal.
856 3666 923 3725 lun.
946 3660 1039 3726 dilata
1061 3672 1118 3726 est.
1161 3664 1298 3730 Accessit
1320 3664 1358 3728 ad
1380 3677 1506 3730 serratus

180 3751 355 3817 consultum
378 3754 444 3826 lex,
468 3776 548 3838 quae
571 3756 630 3819 lata
653 3764 700 3818 est
720 3775 748 3819 a.
764 3754 794 3819 d.
812 3776 858 3819 rv.
874 3761 952 3821 Non.
965 3762 1044 3832 lun.;
1071 3778 1151 3842 quae
1172 3758 1224 3821 lex
1247 3777 1364 3822 unnvu
1380 3776 1504 3825 uruvu.

181 3866 267 3921 ovas
289 3849 419 3912 cmsm
449 3867 664 3923 srxrvrssar,
692 3868 936 3923 nucnuvrssur,
964 3870 1119 3925 sorsssr,
1150 3851 1331 3917 consulibus
1352 3852 1507 3935 cognitio

250 4085 275 4135 5
295 4085 411 4134 cumulos
430 4084 534 4134 ML-
554 4085 581 4135 ιι.
600 4089 654 4135 sint
671 4086 745 4135 Mill.
775 4087 885 4143 (Corn'
878 4089 1128 4141 ranetoCodss
1120 4105 1217 4153 ming.
1231 4075 1335 4153 llepctt.
1350 4090 1445 4139 Lamb.
1453 4098 1502 4132 ι-

179 4169 234 4204 non
252 4159 388 4205 seruentur
404 4152 540 4217 magnum]
562 4158 613 4206 ιιιι
634 4157 675 4206 bis
695 4159 783 4207 verbis
803 4159 901 4208 desinit
914 4160 1003 4209 Codex
1016 4159 1084 4223 (ιι),
1105 4176 1160 4212 ιιοιι
1173 4162 1243 4225 quod
1265 4162 1375 4211 mutilus
1387 4162 1434 4220 sit,
1457 4161 1504 4209 sed

180 4229 242 4290 qula
267 4227 381 4288 scriptor
404 4226 475 4274 baud
502 4227 569 4275 ultra
596 4229 733 4288 processit.
772 4230 930 4278 lmmediato
955 4233 1027 4279 enim
1053 4237 1112 4293 post
1130 4234 1198 4282 baec
1216 4233 1311 4290 verbu,
1340 4233 1438 4295 qulbus
1465 4232 1506 4279 ul·

180 4299 243 4347 tima
264 4298 379 4358 paginae
398 4295 469 4344 linea
489 4296 545 4346 lere
564 4298 727 4358 absolvitur,
748 4299 859 4362 legitur:
892 4299 943 4347 Hic
963 4301 1028 4350 libor
1045 4309 1082 4350 ost
1102 4300 1201 4353 Coluclr'
1220 4303 1298 4364 Pueri
1316 4303 1346 4351 de
1363 4301 1503 4367 Sthnono.

179 4371 217 4416 Ao
238 4380 307 4429 pono
326 4366 461 4429 sequitur:
491 4368 611 4415 Donatus
629 4336 776 4417 Δισιιιιιιιιιι
794 4373 855 4420 emit
874 4384 892 4417 o
910 4370 1016 4420 Donato
1033 4373 1159 4434 trenno,
1178 4373 1312 4421 Leonordr'
1329 4372 1413 4436 filio.»
1447 4371 1505 4421 Dru

180 4438 337 4488 Fonta-
375 4438 419 4485 11.
441 4443 464 4483 ct
484 4433 572 4497 ettam]
593 4438 647 4486 Cir.
669 4439 746 4488 lland
767 4441 846 4490 Turs.
867 4441 903 4489 ιι.
925 4456 949 4503 p.
970 4442 1023 4490 522
1041 4448 1067 4490 et
1086 4443 1206 4493 551-
1243 4439 1301 4503 oro]
1320 4454 1385 4505 rogo
1405 4444 1504 4492 iterum

180 4509 263 4556 u.-
301 4507 345 4555 ta.
365 4508 562 4555 rnotoriRn-
602 4521 657 4555 non
674 4511 860 4571 ogereti.-
897 4510 940 4560 to.
959 4513 1139 4562 voluntante
1159 4512 1389 4561 esssLambiuus:
1411 4512 1505 4560 uolun-

180 4583 234 4628 tote
252 4590 303 4625 esse
323 4576 389 4625 ιιιιι.
420 4575 474 4625 Clr.
496 4577 573 4624 lland
593 4578 626 4626 ad
647 4577 785 4641 Wopkens
805 4596 830 4643 p.
850 4581 944 4630 1t.-
974 4583 1016 4630 l'l.
1035 4583 1291 4645 qoamvotnnrotem
1310 4584 1368 4636 (sict
1387 4585 1504 4644 atquem

178 4655 291 4710 paterno
311 4647 331 4694 1.
354 4670 381 4678 -
408 4647 452 4695 at.
472 4654 496 4695 et
513 4645 570 4709 boc]
591 4647 646 4697 Clr.
668 4649 745 4699 lland
765 4650 842 4700 Turs.
865 4651 898 4698 ιι.
921 4666 946 4713 p.
967 4651 1028 4700 518.
1049 4678 1081 4687 -
1105 4651 1149 4701 25.
1169 4653 1283 4700 uolutus
1302 4652 1323 4700 1.
1347 4677 1375 4687 ·-
1403 4651 1447 4700 28.
1469 4653 1504 4698 da

180 4734 233 4767 orn.
256 4717 300 4766 ιιι.
329 4716 475 4773 (lusertum
494 4731 524 4766 ex
545 4718 597 4767 XZ.
627 4716 681 4767 Clr.
702 4720 829 4770 Matthiae
848 4721 881 4768 ad
902 4721 968 4782 Epp.
988 4721 1038 4770 sol.
1060 4736 1084 4784 p.
1106 4718 1180 4783 313.)
1202 4747 1232 4756 -
1255 4722 1298 4771 29.
1319 4721 1429 4771 multum
1447 4735 1503 4769 vim.

183 4788 202 4836 l.
223 4787 337 4920 J-dllb
358 4787 437 4905 blipll.
461 4811 487 4820 -
526 4787 810 4839 ιιιιάι.1ιιιι.ιι.-
843 4791 1090 4841 decennnium
1107 4800 1218 4843 ostona.
1239 4792 1271 4842 ll·
1292 4815 1322 4828 -
1360 4791 1405 4842 36.
1428 4808 1455 4843 ιι.
1475 4793 1502 4840 d.

182 4873 219 4908 ιι.
252 4871 268 4906 o
306 4870 349 4906 m.
408 4893 414 4907 .
