3256 5400
612 257 683 318 LlB.
706 255 788 317 xv1.
831 253 889 315 ΕΡ.
904 253 935 314 d.
958 255 987 312 5.

620 462 650 522 ν.
693 461 751 532 (n.
778 460 810 521 u.
833 459 865 520 c.
887 455 976 536 no.)

623 580 766 645 CICERO
787 578 933 642 ATTICO
955 580 986 640 S.

226 704 254 764 1.
275 703 358 763 Tuas
379 697 440 759 iam
463 695 580 759 litteras
602 698 715 756 Brutus
737 687 955 775 exspectabat3
978 688 1028 753 cui
1050 687 1177 774 quidem
1200 708 1260 774 ego
1282 691 1381 770 Jsrron
1403 711 1459 755 no

140 815 212 859 vum
231 792 394 857 attuleram
417 787 456 851 de
472 792 573 852 Tereo
589 785 682 849 Accii.
718 785 773 849 llle
788 790 919 849 Brutum
941 778 1078 867 putabat.
1115 782 1176 848 Sed
1198 791 1300 848 tamen
1322 783 1458 848 rumoris

140 887 246 951 nescio
274 883 349 970 quid
378 881 537 944 afflaverat
566 879 786 949 commissione
809 881 1001 943 Graecorum
1030 875 1238 963 frequentiam
1261 899 1323 942 uon
1345 876 1482 951 luisse;s

140 980 224 1066 quod
247 976 373 1065 quidem
397 996 446 1038 me
470 974 595 1038 minime
619 972 738 1038 l'elellit.
783 973 849 1037 Scis
870 971 972 1045 enim,
995 971 1069 1055 quid
1093 992 1152 1054 ego
1174 971 1213 1035 de
1232 971 1357 1037 Graecis
1379 972 1461 1037 ludis

141 1073 327 1137 existimem.
371 1073 400 1132 ’2.
429 1073 516 1132 Nunc
545 1067 633 1141 audi,
663 1067 747 1154 quod
774 1066 874 1153 pluris
903 1073 950 1129 est
972 1086 1063 1150 quam
1087 1065 1201 1128 omnia.
1247 1066 1381 1142 Quintus
1404 1066 1462 1131 luit

140 1187 264 1232 mecum
287 1164 354 1229 dies
376 1162 568 1246 complures;
592 1173 637 1235 et,
661 1162 686 1224 si
710 1182 769 1245 ego
791 1180 956 1245 cuperem,
979 1159 1030 1222 illc
1053 1158 1101 1222 vel
1124 1160 1229 1244 plures
1251 1158 1373 1225 suisset:
1397 1159 1461 1233 sed,

141 1271 291 1347 quantum
321 1257 396 1329 luit,
425 1255 606 1320 incredibile
635 1266 697 1329 est,
728 1275 821 1339 quam
843 1275 894 1318 me
923 1252 1063 1317 inomni
1086 1272 1201 1336 genere
1224 1252 1400 1328 delectarit,
1430 1254 1462 1317 in

141 1374 243 1439 eoque
265 1350 415 1421 maxime,
446 1354 477 1413 in
500 1370 564 1435 que
593 1349 720 1412 minime
742 1346 960 1413 satisfaciebat.
1005 1346 1056 1410 Sic
1081 1346 1164 1410 enim
1187 1356 1394 1412 commutatus
1416 1359 1463 1411 est
1476 1363 1500 1398 ¹⁴·

140 1455 224 1510 totus
247 1455 277 1509 et
299 1441 422 1527 scriptis
443 1443 521 1507 meis
544 1441 744 1528 quibusdam,
768 1462 848 1528 quae
869 1439 1065 1505 inmanibus
1086 1436 1257 1515 habebam,
1280 1452 1312 1506 et
1332 1441 1464 1505 assidui·

141 1551 204 1604 tate
232 1537 383 1604 orationis
412 1549 443 1601 et
463 1537 655 1623 praeceptis,
687 1548 720 1600 ut
742 1537 793 1601 tali
822 1535 927 1599 animo
949 1535 979 1598 in
1002 1534 1263 1618 rempublicam,
1293 1534 1375 1620 quali
1406 1555 1463 1597 nos

141 1633 304 1702 volumus,
326 1629 451 1695 iuturus
473 1632 521 1695 sit.
564 1634 632 1694 Hoc
654 1651 724 1694 cum
747 1628 822 1693 mibi
845 1650 909 1694 non
924 1627 1019 1693 modo
1042 1627 1270 1700 confirmasset,
1292 1627 1346 1692 sed
1369 1627 1463 1692 etiam

141 1724 361 1813 persuasisset,
392 1723 456 1807 egit
477 1744 598 1788 mecum
628 1735 771 1788 accurate
801 1723 905 1787 multis
926 1721 1049 1793 verbis,
1079 1721 1136 1786 tibi
1163 1731 1198 1787 ut
1219 1720 1407 1807 sponderem
1430 1741 1464 1784 se

142 1819 271 1903 dignum
294 1825 325 1881 et
347 1828 376 1881 te
398 1825 430 1881 et
452 1816 542 1881 nobis
563 1817 717 1888 futurum,
742 1839 843 1903 neque
865 1836 898 1879 se
920 1817 1096 1901 postulare,
1119 1816 1277 1881 utstatim
1300 1816 1462 1887 crederes,
1476 1827 1502 1870 ιι

141 1913 213 1986 sed,
241 1933 311 1976 cum
334 1911 401 1996 ipse
422 1912 654 1996 perspexisses,
685 1922 749 1976 tum
778 1922 812 1977 ut
841 1931 875 1976 se
903 1930 1036 1976 amares.
1087 1909 1243 1988 Quodnisi
1270 1909 1363 1974 fidem
1386 1908 1465 1973 mibi

140 2005 265 2070 fecisset
294 2003 543 2090 iudicassemque
566 2005 641 2078 boc,
671 2005 755 2091 quod
778 2004 866 2077 dico,
895 2001 1020 2068 firmum
1041 2004 1128 2078 lore,
1158 2024 1221 2067 non
1251 2001 1394 2067 iecissem
1415 2001 1463 2072 id,

141 2099 227 2187 quod
255 2098 395 2162 dicturus
422 2120 501 2163 sum.
544 2100 629 2164 Duxi
658 2099 740 2163 enim
762 2118 887 2162 mecum
908 2096 1136 2162 adolescentem
1165 2097 1202 2162 ad
1230 2101 1370 2161 Brutum.
1414 2097 1466 2160 Sic

142 2194 173 2258 ei
194 2190 359 2278 probatum
383 2203 445 2265 est,
475 2194 561 2279 quod
583 2193 622 2258 ad
646 2205 675 2257 te
697 2191 819 2265 scribo,
849 2201 883 2256 ut
904 2190 971 2274 ipse
994 2191 1177 2264 crediderit,
1207 2210 1257 2255 mc
1279 2211 1464 2276 sponsorem

142 2287 283 2375 accipere
300 2286 436 2351 noluerit
458 2308 593 2373 eumque
615 2286 743 2352 laudans
758 2285 946 2349 amicissime
962 2287 1152 2351 mentionem
1172 2285 1217 2349 tui
1232 2284 1357 2356 lecerit,
1380 2303 1503 2352 eom-to

141 2380 254 2467 plexus
283 2379 502 2465 osculatusque
531 2381 695 2446 dimiserit.
740 2377 954 2457 Quamobrem
983 2379 1041 2443 etsi
1070 2380 1169 2464 magis
1191 2389 1251 2451 est,
1280 2378 1367 2464 quod
1395 2400 1464 2463 gra·

142 2474 224 2538 tuler
245 2471 318 2546 tibi,
341 2493 434 2557 quam
456 2475 542 2559 quod
565 2487 595 2539 te
617 2496 744 2559 rogem,
774 2483 877 2537 tanam
899 2472 991 2537 etiam
1014 2493 1108 2556 rogo,
1140 2482 1186 2543 ut,
1210 2472 1238 2536 si
1260 2494 1340 2559 quae
1361 2475 1465 2537 minus

142 2575 233 2631 antea
254 2576 385 2651 propter
406 2567 615 2633 infirmitatem
638 2569 746 2632 aetatis
767 2575 946 2632 constanter
973 2564 1013 2630 ab
1035 2588 1075 2631 ee
1104 2565 1173 2630 fieri
1196 2565 1397 2638 videbantur,
1429 2587 1466 2630 ea

142 2659 261 2725 iudices
283 2660 369 2724 illum
392 2659 559 2739 abiecisse;
592 2662 730 2747 mihique
752 2662 860 2726 credas
882 2660 1012 2725 multum
1035 2660 1197 2725 allaturam
1224 2660 1273 2724 vel
1296 2660 1466 2745 plurimum

142 2755 246 2840 potius
269 2753 308 2817 ad
322 2753 404 2817 illius
427 2754 578 2820 iudicium
593 2755 840 2820 confirmandum
862 2754 1079 2818 auctoritatem
1100 2764 1194 2820 tuam.
1231 2759 1262 2818 3.
1284 2759 1381 2819 Bruto
1395 2774 1504 2818 cumas

142 2867 235 2932 saepe
263 2847 439 2911 iniecissem
470 2848 510 2913 de
533 2854 711 2933 iuoaiotq,
740 2870 803 2914 non
824 2847 970 2934 perinde,
1000 2858 1092 2931 atque
1115 2868 1175 2933 ege
1196 2858 1356 2934 putaram,
1386 2848 1466 2910 arri·

141 2961 219 3027 pere
247 2941 332 3006 visus
361 2955 417 3007 est.
467 2943 690 3010 Existimabam
719 2945 955 3029 μετεωρότερον
983 2962 1070 3018 cssc;
1104 2954 1135 3007 et
1164 2942 1290 3006 hercule
1320 2952 1403 3011 erat,
1435 2954 1465 3003 et

142 3035 278 3099 maxime
299 3034 339 3098 dc
360 3036 453 3102 ludis.
496 3044 536 3101 Αι
557 3038 649 3112 mibi,
672 3060 742 3103 cum
765 3038 803 3103 ad
828 3037 930 3101 villam
953 3035 1121 3109 redissem,
1145 3040 1198 3102 Cn.
1223 3034 1388 3108 Lucceius,
1411 3034 1465 3119 qui

142 3127 273 3192 multum
297 3129 396 3194 utitur
417 3136 529 3205 Bruto,
561 3133 699 3197 narravit
720 3133 807 3197 illum
831 3130 919 3194 valde
942 3129 1078 3201 morari,
1100 3150 1163 3194 non
1184 3130 1462 3213 tergiversantem,

142 3219 197 3286 sed
218 3231 469 3306 exspectantem,
492 3230 519 3289 si
541 3227 595 3312 qui
617 3228 699 3291 l'orte
721 3247 820 3290 casus.
864 3230 971 3309 ltaque
993 3222 1119 3295 dubito,
1148 3243 1187 3287 au
1209 3221 1377 3287 Venusiam
1399 3232 1506 3286 ten-so

143 3315 214 3380 dam
237 3325 268 3379 et
290 3315 333 3380 ibi
356 3330 534 3403 exspectem
557 3319 596 3384 de
619 3318 811 3404 legionibus:
834 3320 860 3382 si
883 3316 1028 3389 aberunt,
1052 3326 1086 3381 ut
1108 3315 1233 3401 quidam
1255 3313 1463 3390 arbitrantur,

142 3409 352 3495 Hydruntem,
380 3412 406 3475 si
430 3425 573 3477 neutrum
598 3415 657 3479 erit
680 3418 845 3494 ἀσφαλές,
876 3412 988 3476 eodem
1011 3419 1166 3474 revertar.
1210 3409 1309 3473 locari
1336 3430 1386 3473 me
1408 3429 1465 3493 pu·

143 3512 210 3570 tas?
232 3507 366 3582 Moriar,
389 3510 414 3570 si
437 3508 603 3592 quisquam
625 3530 674 3573 me
698 3517 780 3572 tonet
802 3517 926 3592 praeter
948 3515 987 3569 te.
1024 3504 1146 3569 Etenim
1168 3503 1386 3586 circumspice;
1410 3502 1465 3566 sed

142 3611 229 3672 ante,
257 3623 352 3686 quam
381 3600 544 3665 erubesco.
588 3605 618 3665 ι.
648 3605 675 3665 0
702 3601 770 3665 dies
798 3602 830 3664 in
860 3598 1005 3684 auspiciis
1027 3596 1137 3683 Lepidi
1166 3595 1270 3681 lepide
1292 3596 1464 3680 descriptos

143 3702 175 3756 et
195 3705 265 3778 apte
287 3693 326 3758 ad
348 3694 511 3759 consilium
535 3694 654 3758 reditus
677 3697 789 3757 nostrii
822 3697 932 3777 Magna
952 3692 1037 3778 ῥοπή
1061 3690 1101 3755 ad
1122 3688 1382 3776 proficiscendum
1404 3688 1464 3753 tuis
1475 3711 1502 3749 :n

143 3786 264 3852 litteris.
312 3795 414 3874 Atque
441 3789 559 3877 utinam
582 3798 612 3851 te
634 3787 712 3851 ntict
747 3786 807 3852 Sed
834 3796 870 3851 ut
896 3785 1073 3850 conducere
1101 3783 1237 3870 putabis.
1278 3787 1308 3847 5.
1338 3783 1465 3867 Nepotis

213 4015 239 4064 3.
259 4027 305 4080 cpe
324 4030 379 4064 om.
398 4015 431 4066 R.
449 4039 479 4051 -
509 4016 700 4066 aouCorrado
718 4024 828 4066 auctore
847 4024 952 4066 etcum
971 4014 1019 4064 01.
1039 4013 1071 4075 Q.
1092 4013 1191 4068 delerit
1209 4010 1376 4060 Schuetzius.
1408 4008 1464 4057 bla-

142 4084 205 4134 lim:
226 4098 274 4146 eqo
292 4086 413 4133 nuntium
430 4098 538 4134 aeuum
567 4085 617 4137 On.
643 4112 673 4121 -
710 4087 735 4136 1.
766 4087 852 4136 Tereo.
878 4092 908 4136 αι
925 4086 969 4135 illa
986 4086 1023 4145 R,
1042 4089 1136 4133 terso·
1161 4082 1207 4131 iiic
1225 4081 1246 4129 l.
1285 4080 1330 4141 (Ut
1349 4094 1416 4134 nos,
1436 4078 1463 4128 Μ

143 4160 242 4218 utmg.
262 4155 425 4210 Cratandri.)
448 4181 478 4191 -
516 4155 542 4204 6.
562 4153 643 4219 quod]
663 4169 728 4217 quae
748 4157 819 4207 Mlti.
853 4157 942 4208 (Corr.
962 4169 977 4203 e
996 4154 1080 4204 codd.
1098 4153 1195 4208 basii.)
1216 4171 1247 4184 ·-
1283 4151 1310 4199 7.
1330 4150 1463 4199 autima-

142 4239 197 4275 rem
215 4226 248 4274 R.
269 4247 301 4257 -
336 4224 363 4275 8.
380 4223 479 4288 plures]
497 4226 583 4288 pliciis
601 4227 675 4275 Mill.
700 4250 725 4259 -
763 4229 789 4276 9.
809 4222 949 4288 quantum]
968 4224 1095 4288 quamdiu
1114 4222 1277 4280 Lambinus,
1298 4228 1326 4268 ut
1346 4220 1464 4268 malebat

143 4295 292 4345 lirnestius.
320 4321 352 4330 -
389 4295 432 4344 14.
453 4296 698 4358 tibi'respondcrem
717 4296 752 4346 lli
770 4303 796 4345 et
816 4311 855 4359 pr.
876 4297 912 4347 tt.
951 4293 995 4356 (Ut
1014 4308 1079 4349 nos,
1100 4306 1171 4342 corr.
1191 4291 1242 4346 M.)
1270 4314 1300 4325 -
1337 4292 1379 4340 ta.
1400 4289 1464 4337 mibi

142 4364 258 4432 ffleml.
278 4390 308 4398 —
349 4361 444 4427 1311]
464 4367 528 4416 etl.
549 4392 579 4402 -·
617 4368 658 4415 20.
677 4367 787 4415 uoluerit
807 4367 829 4416 1.
852 4393 881 4402 -
914 4367 958 4414 ¹2¹.
976 4363 1139 4428 pratulcrl.
1161 4386 1191 4397 -
1224 4360 1268 4411 bi.
1287 4361 1464 4411 allatura·-

143 4438 303 4485 uuctoritate
320 4443 369 4484 tua
387 4436 408 4484 l.
434 4461 464 4470 -
502 4436 545 4484 26.
565 4436 650 4499 saepe]
670 4450 738 4496 spem
758 4436 787 4485 li.
810 4461 840 4471 -
877 4438 995 4497 occipere
1013 4435 1042 4482 n.
1063 4458 1095 4470 -
1132 4433 1174 4482 30.
1194 4427 1227 4493 ιι]
1247 4431 1292 4480 sed
1310 4446 1351 4495 pr.
1371 4430 1408 4480 Μ.
1431 4454 1461 4463 -

144 4519 220 4555 curus
238 4510 388 4556 ocurrunt.
419 4507 550 4568 itaquel.
574 4533 601 4541 -
631 4508 674 4555 31.
693 4507 716 4553 si
734 4502 855 4567 aberunt]
875 4505 982 4554 stabunt
1002 4505 1039 4562 ll,
1058 4503 1241 4552 stabiliverunt
1260 4502 1281 4549 l.
1303 4527 1333 4536 -
1360 4499 1465 4563 quidem

142 4574 194 4624 llll.
226 4598 252 4607 -
291 4575 334 4624 ³2.
363 4575 424 4624 Post
444 4591 468 4624 v.
488 4583 607 4625 reuertar
626 4575 690 4625 nint
711 4577 831 4625 inserunt
850 4576 909 4624 Lib.
929 4576 973 4623 tu.
994 4575 1043 4637 Ep.
1063 4573 1089 4622 3.
1109 4574 1257 4634 integram,
1281 4572 1341 4620 loco
1361 4584 1410 4618 suo
1429 4570 1464 4619 ab

144 4645 240 4695 iisdem
260 4658 314 4693 nou
333 4646 470 4694 omissam.
495 4672 520 4681 -
555 4651 663 4707 tepula
683 4646 712 4693 n.
735 4671 765 4681 -
797 4647 841 4695 33.
861 4646 938 4706 tertul
958 4652 1045 4693 teucc
1065 4643 1096 4692 u.
1117 4666 1149 4678 -
1180 4643 1369 4702 circumspicies
1388 4640 1462 4688 il.-

143 4715 187 4765 31.
208 4721 270 4764 unte
287 4729 368 4778 quam
386 4715 502 4764 embesco
522 4729 583 4764 cum
603 4729 657 4777 mg·
678 4715 747 4766 ern.
769 4716 931 4765 Lambinus:
957 4719 1019 4763 arcte
1037 4713 1158 4762 erubesco
1177 4710 1274 4761 mutu.
1305 4735 1335 4746 -
1371 4713 1399 4758 in
1416 4723 1463 4758 uu·

144 4783 244 4846 spiciis]
262 4785 403 4846 irthispicos
420 4786 442 4831 l.
463 4807 491 4819 -
514 4784 598 4846 lepide
616 4800 670 4835 om.
690 4784 763 4836 Mttl.
795 4787 938 4840 (insertum
951 4799 982 4834 er
996 4784 1017 4832 X
1031 4783 1135 4833 etilod.
1149 4778 1269 4844 Fadrui.)
1290 4806 1319 4819 -
1345 4781 1388 4831 35.
1408 4780 1466 4832 lta·

143 4855 208 4905 lim:
228 4856 258 4903 in
276 4855 337 4902 tuis.
367 4853 417 4903 Οιι.
440 4877 470 4888 -
509 4854 552 4903 36.
572 4854 635 4919 illic]
654 4857 708 4904 iltis
727 4856 748 4904 Ι.
771 4881 801 4891 -
837 4863 867 4904 ut
884 4869 942 4906 cum
959 4856 1024 4903 duee
1040 4852 1176 4915 reputabis
1192 4851 1269 4903 Mill.

228 4961 300 5002 σει...
314 4959 336 4998 r.
352 4960 385 4998 ru
1236 4930 1276 4990 47
