3256 5400
624 243 698 305 LlB.
720 243 802 307 xlv.
844 243 904 307 ΕΡ.
925 243 956 306 3.
977 242 1008 304 4.
1415 246 1478 308 337

151 400 225 466 mici
247 407 320 464 sunt
340 398 445 471 multi,
473 398 569 463 invidi
592 420 690 484 paene
713 419 832 464 omnes.
882 398 1004 464 Eiicere
1026 420 1083 464 nos
1104 419 1252 483 magnum
1272 399 1347 476 luit,
1371 403 1478 468 exclu-

152 492 228 558 dere
250 492 340 558 lacile
361 501 418 557 est.
463 493 523 558 Sed
544 502 648 557 tamen
676 491 826 577 quamdiu
847 514 905 558 vos
925 492 1012 558 eritis
1037 497 1069 556 in
1085 513 1155 577 spe,
1177 515 1240 559 non
1256 493 1414 569 deficiam,
1437 519 1477 562 ne

151 586 257 650 omnia
278 606 348 650 mea
368 586 457 670 culpa
479 586 628 651 cecidisse
650 586 824 652 videantur.
879 591 909 652 3.
931 591 969 652 Ut
989 595 1057 652 tuto
1078 587 1153 661 sim,
1176 587 1262 674 quod
1281 587 1421 665 laboras,
1443 590 1476 657 id

152 678 229 745 mihi
259 700 341 745 nnnc
363 679 544 744 facillimum
566 689 628 755 est,
651 702 745 766 quem
768 682 860 746 etiam
878 681 999 745 inimici
1022 681 1131 745 volunt
1153 682 1261 746 vivere
1285 683 1318 747 in
1341 682 1390 748 lris
1411 695 1478 750 tan-

152 775 193 839 tis
214 773 358 839 miseriis.
408 778 475 858 Ego
504 782 606 837 tamen
635 773 765 848 luciam,
803 796 883 861 quae
913 774 1080 860 praecipis.
1122 776 1251 850 Amicis,
1283 776 1399 863 quibus
1420 790 1501 845 vo·³

152 868 253 939 luisti,
276 867 328 952 egi
346 866 474 951 gratias,
498 875 528 930 et
549 888 601 931 eas
623 867 741 931 litteras
762 869 908 953 Dexippo
926 867 1017 942 dedi,
1040 889 1153 954 meque
1176 868 1216 933 dc
1238 891 1350 935 eorum
1372 872 1476 939 officio

152 962 263 1048 scripsi
285 983 303 1026 a
324 972 354 1026 te
376 966 543 1024 certiorem
566 981 634 1024 esse
655 960 780 1025 lactum.
828 962 973 1026 Pisonem
994 970 1135 1026 nostrum
1165 962 1298 1028 mirilico
1325 986 1393 1030 esse
1411 976 1476 1032 stu·

151 1054 205 1119 dio
224 1055 257 1119 in
279 1075 337 1119 nos
359 1064 389 1118 et
411 1055 514 1119 officio
536 1063 567 1117 et
588 1074 648 1138 ego
669 1055 826 1139 perspicio
848 1065 878 1120 et
900 1076 1009 1120 omnes
1035 1055 1224 1139 praedicant.
1282 1058 1333 1122 Dii
1355 1057 1475 1132 faxint,

150 1159 186 1214 ut
197 1148 249 1214 tali
264 1169 383 1233 genero
396 1149 470 1213 mibi
489 1149 648 1233 praesenti
667 1156 770 1214 tecum
786 1149 877 1214 simul
897 1160 1013 1214 etcum
1030 1148 1140 1214 liberis
1157 1150 1273 1214 nostris
1292 1151 1354 1217 lrni
1369 1153 1475 1218 liceatl

143 1241 238 1308 'Nune
258 1262 330 1326 spes
352 1242 473 1327 reliqua
494 1251 542 1306 est
563 1241 596 1306 in
617 1242 707 1307 novis
729 1242 863 1308 tribunis
891 1244 933 1329 pl.
958 1252 989 1307 et
1010 1243 1043 1307 in
1064 1241 1175 1328 primis
1197 1243 1325 1328 quidem
1346 1245 1474 1324 diebns3
1487 1256 1513 1300 ¹⁰

151 1337 263 1401 namsi
285 1336 482 1411 inveterarit‚
505 1347 608 1402 sctum
632 1345 688 1401 est.
729 1342 760 1401 1.
782 1342 886 1402 liare
907 1334 995 1401 adte
1019 1341 1121 1401 statim
1142 1336 1362 1404 Aristocritum
1387 1340 1475 1415 misi,

149 1438 186 1495 ut
206 1430 245 1495 ad
266 1453 316 1494 me
344 1431 494 1495 continno
521 1431 608 1495 initia
636 1452 742 1496 rernm
771 1440 803 1495 et
828 1431 981 1495 rationem
1009 1434 1105 1494 totins
1127 1429 1244 1514 negotii
1266 1450 1374 1514 posses
1397 1431 1477 1496 scri·

150 1522 246 1602 bere}
269 1525 326 1590 etsi
347 1525 491 1609 Dexippo
511 1545 637 1610 quoqne
653 1530 694 1589 ita
716 1525 886 1610 imperavi,
909 1524 1012 1589 statim
1034 1522 1095 1587 huc
1116 1530 1151 1588 ut
1171 1533 1365 1599 recurreret,
1389 1536 1420 1590 et
1433 1524 1475 1591 ad

150 1615 279 1683 fratrem
298 1620 385 1692 misi,
415 1628 450 1683 nt
470 1619 585 1684 crebro
605 1619 784 1684 tabellarios
805 1620 951 1683 mitteret.
994 1623 1070 1682 Nam
1099 1638 1158 1702 ego
1188 1638 1227 1682 eo
1255 1622 1381 1683 nomine
1404 1640 1474 1684 snm

150 1712 335 1799 Dyrrhachii
358 1711 417 1777 boc
438 1721 595 1798 tempore,
631 1722 667 1778 nt
690 1734 784 1799 quam
806 1713 986 1786 celerrime,
1009 1712 1086 1798 qnid
1111 1721 1236 1797 agatur,
1273 1713 1415 1786 audiam,
1444 1724 1476 1778 et
1487 1723 1513 1767 ¹³

150 1826 220 1869 snm
242 1814 326 1881 tuto;
348 1807 456 1871 civitas
482 1806 566 1871 enim
583 1807 659 1871 baec
681 1827 840 1892 sempera
862 1828 913 1871 me
936 1806 1062 1872 delensa
1081 1817 1138 1871 est.
1181 1811 1258 1872 Cum
1279 1807 1398 1871 inimici
1418 1826 1475 1872 uo·

150 1899 208 1962 stri
231 1900 338 1964 venire
361 1898 517 1974 dicentur,
552 1910 616 1965 tum
638 1901 669 1964 in
688 1902 818 1986 Epirum
840 1900 904 1966 ibo.
947 1907 977 1967 5.
1001 1899 1096 1979 Quod
1117 1899 1228 1964 scribis
1247 1909 1293 1975 te,
1316 1901 1345 1965 si
1363 1901 1474 1973 velim.

148 1993 189 2056 ad
217 2014 267 2057 me
290 2004 471 2059 venturam:
509 2015 568 2078 ego
600 2016 692 2068 vero,
724 2017 794 2061 cum
822 1997 917 2060 sciam
945 2014 1089 2078 magnam
1111 2003 1232 2078 partem
1257 1993 1345 2058 istius
1368 1992 1475 2057 oneris

149 2085 205 2151 abs
230 2097 260 2153 te
284 2088 448 2161 sustineri,
472 2098 501 2153 te
521 2089 590 2152 istic
612 2109 680 2154 esse
701 2090 785 2155 volo.
833 2090 866 2154 Si
882 2087 1029 2175 perlicitis
1049 2086 1135 2171 quod
1156 2088 1261 2171 agitis,
1285 2108 1335 2151 me
1356 2087 1394 2151 ad
1417 2107 1474 2152 vos

150 2181 258 2246 venire
287 2189 433 2266 oportet;
469 2182 517 2246 sin
546 2192 648 2248 autem
652 2231 785 2249 .....
829 2183 892 2248 Sed
913 2182 989 2247 nihil
1011 2202 1091 2266 opus
1113 2191 1159 2245 est
1180 2182 1301 2268 reliqna
1322 2180 1511 2247 scriberem

149 2279 196 2339 Ex
218 2276 328 2360 primis
343 2284 397 2340 aut
417 2297 573 2341 summum
599 2277 744 2342 secundis
765 2277 877 2343 litteris
898 2277 958 2341 tuis
976 2275 1166 2339 constituere
1185 2276 1374 2359 poterimus,
1397 2273 1472 2360 quid

148 2367 240 2434 nobis
266 2368 443 2434 laciendum
472 2370 521 2435 sit.
567 2376 614 2436 Tn
647 2371 742 2436 modo
766 2370 806 2435 ad
827 2392 877 2435 me
899 2370 994 2434 velim
1016 2369 1120 2433 omnia
1141 2368 1378 2453 diligentissime
1399 2389 1474 2454 per·

148 2461 284 2540 scribam
318 2464 376 2528 etsi
403 2469 502 2548 magis
526 2464 588 2529 iam
610 2486 678 2529 rem
703 2485 796 2551 qnam
822 2465 940 2530 litteras
960 2462 1061 2528 debeo
1081 2471 1273 2548 exspectare.
1317 2467 1414 2537 Cura,
1438 2473 1473 2529 nt

149 2555 253 2620 valeas
267 2565 298 2620 et
317 2557 360 2620 ita
375 2555 432 2620 tibi
449 2557 650 2642 persuadeas,
671 2558 750 2621 mihi
771 2568 802 2622 te
824 2558 928 2624 carius
949 2557 1026 2620 nibil
1049 2576 1117 2620 esse
1140 2576 1198 2619 nec
1212 2577 1350 2642 unquam
1364 2555 1472 2622 luisse.

148 2649 241 2724 Vale,
275 2669 343 2713 mea
372 2651 532 2724 Terentia,
563 2673 656 2736 qnam
680 2671 739 2735 ego
768 2651 876 2717 videre
898 2651 1009 2718 videor
1029 2651 1134 2735 itaque
1156 2647 1304 2714 debilitor
1323 2649 1472 2714 lacrimis.

115 2812 123 2825 ‚
150 2743 236 2809 Vale.
278 2743 383 2809 Pridie
408 2744 562 2809 Kalendas
582 2744 785 2810 Decembres.
1483 2760 1512 2805 as

621 2884 987 2969 lumnam)

221 3010 382 3074 TULLIUS
406 3010 437 3072 S.
458 3012 496 3072 D.
518 3011 739 3074 TERENTlAE
760 3011 812 3073 ET
833 3010 999 3073 TULLIAE
1020 3011 1072 3073 ET
1094 3008 1278 3073 CICERONI
1300 3008 1395 3071 SUlS.

234 3124 262 3184 l.
283 3123 350 3204 Ego
375 3119 479 3184 minus
503 3139 596 3205 saepe
628 3118 669 3184 do
698 3118 737 3183 ad
765 3140 823 3184 vos
849 3120 982 3193 litteras,
1013 3139 1107 3205 quam
1130 3138 1275 3203 possum,
1304 3128 1471 3203 propterea

148 3214 324 3300 quodcum
347 3212 452 3278 omnia
474 3213 549 3278 mibi
572 3222 713 3297 tempora
735 3221 807 3278 sunt
828 3213 958 3288 misera,
987 3222 1053 3277 tum
1084 3232 1171 3284 vero,
1195 3234 1267 3277 cum
1290 3220 1344 3275 aut
1365 3208 1510 3274 scriboeo

148 3308 187 3374 ad
214 3327 271 3373 ros
293 3315 347 3371 aut
373 3315 493 3371 vestras
523 3307 614 3390 lego,
652 3305 801 3370 conficior
832 3306 968 3370 lacrimis
988 3305 1048 3378 sic,
1080 3313 1116 3369 ut
1139 3305 1224 3369 lerre
1253 3326 1317 3370 non
1342 3305 1471 3390 possim.

148 3400 242 3480 Quod
258 3400 377 3465 utinam
399 3404 502 3464 minus
523 3401 605 3464 vitae
632 3399 738 3485 cupidi
764 3399 947 3463 fuissemusl
971 3408 1056 3463 certe
1077 3398 1155 3462 nibil
1177 3409 1315 3464 autnon
1338 3399 1473 3464 multum

146 3495 181 3560 in
202 3495 266 3559 vita
294 3493 368 3558 mali
403 3494 599 3559 vidissemus.
643 3493 763 3572 Quodsi
786 3514 844 3557 nos
865 3493 903 3557 ad
926 3493 1063 3578 aliquam
1084 3492 1215 3557 alicuius
1236 3493 1394 3558 commodi
1416 3492 1470 3557 ali·

147 3587 272 3676 qnando
294 3587 490 3673 reciperandi
512 3609 600 3673 spem
614 3587 738 3653 iortnna
760 3586 949 3661 reservavit,
972 3587 1074 3651 minus
1096 3596 1144 3651 est
1160 3595 1298 3651 erratum
1321 3607 1339 3652 a
1361 3585 1470 3663 nobis;

147 3683 195 3748 sin
218 3682 293 3746 haec
322 3682 403 3746 mala
436 3681 498 3746 fixa
527 3691 612 3756 sunt,
645 3701 704 3766 ego
726 3701 803 3745 vero
828 3689 973 3766 tequam
997 3681 1150 3766 primum,
1180 3701 1251 3744 mea
1272 3680 1351 3753 vita,
1374 3679 1469 3764 cupio
1482 3693 1510 3736 ⁸³

147 3774 256 3841 videre
278 3775 361 3840 etin
384 3785 438 3840 tuo
461 3776 627 3861 complexu
642 3775 757 3847 emori,
781 3774 929 3860 qnoniam
951 3795 1053 3860 neque
1075 3774 1135 3848 dii,
1158 3794 1238 3859 quos
1254 3784 1287 3839 tn
1301 3773 1470 3837 castissime

147 3869 285 3942 coluisti,
308 3890 410 3955 neque
432 3869 591 3944 homines,
624 3869 738 3955 quibus
760 3888 820 3952 ego
842 3888 966 3952 semper
987 3867 1117 3942 servivi,
1140 3865 1232 3932 nobis
1253 3867 1385 3952 gratiam
1409 3878 1472 3934 ret·

147 3963 294 4029 tulerunt.
337 3966 367 4027 2.
389 3968 451 4027 Nos
472 3963 631 4029 Brundisii
653 3961 735 4048 apud
758 3967 798 4028 Μ.
815 3961 964 4027 Laenium
984 3962 1127 4027 Flaccum
1150 3961 1219 4026 dies
1236 3981 1314 4025 xxrr.
1337 3959 1471 4036 luimus,

147 4057 250 4122 virum
276 4057 442 4140 optimum,
480 4057 535 4143 qni
572 4056 750 4143 periculum
786 4055 984 4122 fortunarum
1017 4065 1049 4120 et
1083 4055 1192 4140 capitis
1221 4055 1271 4120 sni
1299 4074 1375 4140 prae
1402 4075 1472 4119 mea

147 4151 245 4216 salute
264 4151 404 4236 neglexit
420 4172 523 4237 neque
544 4152 623 4236 legis
642 4149 893 4237 improbissimae
906 4170 1007 4235 poena
1031 4147 1183 4214 deductus
1199 4156 1262 4223 est,
1285 4169 1349 4234 quo
1369 4147 1510 4212 minustt

147 4241 274 4327 hospitii
301 4253 332 4308 et
358 4244 513 4308 amicitiae
538 4245 587 4310 ins
609 4245 808 4329 officiumque
831 4251 1013 4329 praestaret.
1056 4243 1137 4308 lluic
1161 4242 1281 4307 utinam
1301 4240 1470 4327 aliquando

146 4337 277 4421 gratiam
294 4337 416 4403 referre
434 4339 609 4424 possimnsl
633 4337 816 4402 babebimus
835 4336 959 4424 quidem
982 4357 1114 4421 semper.
1158 4340 1187 4400 3.
1210 4334 1378 4400 Brundisio
1396 4355 1472 4420 pro-

146 4429 218 4495 lecti
246 4452 354 4496 sumus
381 4453 409 4495 a.
432 4430 462 4496 d.
485 4454 514 4496 v.
536 4430 689 4497 Kalendas
711 4435 823 4508 llaias;
859 4451 918 4515 per
938 4429 1149 4494 Macedoniam
1177 4429 1319 4516 Cyzicum
1343 4428 1468 4514 peteba-

214 4596 241 4646 3.
260 4602 287 4646 et
305 4597 349 4646 13.
368 4598 475 4660 desippo
493 4596 531 4646 Μ.
553 4621 584 4632 -
620 4597 664 4647 13.
683 4599 775 4647 rtatim
793 4598 841 4647 buc
858 4604 889 4646 ut
906 4604 1047 4646 recurreret
1067 4594 1200 4644 Orellius:
1226 4595 1319 4645 rtatim
1338 4601 1472 4642 11111111-

145 4674 262 4718 curreret
280 4667 322 4722 Μ,
341 4669 434 4716 rtatim
452 4672 482 4716 ut
500 4675 643 4717 recurreret
660 4667 691 4717 B.
713 4693 742 4704 -
775 4668 819 4718 13.
839 4673 863 4716 te
880 4666 949 4730 istic]
969 4673 992 4716 et
1011 4668 1068 4715 istic
1086 4666 1122 4716 Μ.
1149 4690 1169 4699 -
1194 4665 1238 4714 2³.
1258 4670 1373 4726 spectare
1391 4663 1468 4711 Μ.-

145 4736 188 4786 29.
217 4737 435 4787 doadvosld:
456 4741 492 4789 nd
510 4738 607 4787 cordo
626 4737 656 4787 Ε.
679 4762 707 4773 -
746 4737 789 4785 32.
808 4738 942 4794 [11111131.
963 4759 991 4773 -
1027 4736 1070 4786 35.
1097 4737 1122 4784 er'
1145 4735 1183 4785 Μ.
1214 4757 1244 4770 -
1282 4733 1326 4783 311.
1345 4735 1471 4796 quoniam

145 4806 191 4856 ll:
220 4809 326 4870 quoodo
346 4807 375 4856 E.
408 4833 440 4842 -
477 4808 522 4858 37.
540 4821 655 4870 semper,
687 4806 758 4870 quod
786 4812 826 4855 est
852 4808 879 4856 ln
906 4807 950 4865 bl,
984 4820 1039 4856 om.
1059 4805 1089 4855 11.
1124 4827 1155 4841 -
1191 4804 1236 4854 ts.
1255 4818 1283 4852 c.
1306 4804 1333 4851 d.
1352 4816 1385 4851 rr.
1406 4803 1469 4850 lint.

146 4875 280 4938 llutilins,
297 4878 370 4940 prid.
391 4878 453 4928 Kal.
473 4878 623 4929 Scblltzius.
646 4876 701 4928 Clr.
721 4876 849 4927 Garaton.
872 4877 905 4926 ad
924 4876 1018 4926 Plano.
1038 4890 1064 4938 p.
1084 4875 1145 4926 226.
1165 4875 1210 4924 ed.
1230 4872 1277 4924 Dr.
1304 4895 1333 4907 -
1353 4872 1420 4923 Μαιϊ
1440 4871 1469 4923 B.
