3256 5400
452 235 526 296 nn.
549 234 587 295 n.
616 234 676 297 cr.
699 234 749 303 aa.
791 233 866 301 sm
883 231 941 297 uc
970 234 1028 318 up.
1053 235 1080 296 1.
1420 236 1461 297 as

140 402 290 480 quaestor
311 390 449 478 optatior
470 390 635 475 obtingere
656 410 750 456 nemo
765 389 876 476 potuit.
920 390 1134 468 Quamobrem
1155 411 1394 478 quaecunquae
1412 413 1463 455 me

140 498 325 555 ornamenta
347 486 381 553 in
401 497 433 551 te
454 484 694 571 proficiscentur
716 490 771 558 '*‚
804 494 839 549 ut
871 506 980 551 omnes
1011 485 1185 571 intelligant
1211 507 1302 551 ame
1327 484 1463 553 habitam

140 601 210 648 esse
231 582 388 646 rationem
408 591 480 646 tuae
502 579 721 665 maiorumque
743 588 872 644 tuorum
893 577 1062 665 dignitatis.
1107 578 1170 645 Sed
1192 578 1225 645 id
1245 578 1368 646 facilius
1389 601 1464 646 con-

139 694 270 762 sequar,
293 674 320 738 si
342 673 382 739 nd
403 694 454 738 me
476 672 509 738 in
531 672 671 739 Ciliciam
694 672 835 749 venerim
862 671 948 759 quod
970 692 1030 757 ego
1052 681 1085 738 et
1105 686 1175 738 mes
1198 674 1298 739 atrei
1320 672 1464 760 publicas

140 778 173 835 et
193 767 332 836 maxime
354 777 408 832 tus
429 767 582 833 interesse
603 764 751 830 arbitror.

703 964 904 976 ...ωσι-συ...-

684 1115 836 1177 munst
855 1119 927 1178 111.

259 1283 340 1356 Al)
378 1281 613 1358 suerunt
650 1276 970 1359 CLAUDlUlll
1008 1279 1352 1360 PULCHRUM.

723 1469 891 1481 m

636 1596 975 1694 nuncmn

537 1710 703 1802 ,ncunn
726 1710 842 1775 sonno
864 1713 945 1776 nn.
966 1714 999 1776 s.
1020 1714 1057 1776 n.

147 1857 176 1918 l.
219 1831 268 1918 Si
288 1850 357 1937 ipsa
379 1871 432 1915 res
454 1847 580 1936 publica
596 1848 654 1915 tibi
670 1871 801 1915 narrare
820 1859 942 1935 posset.
964 1851 1126 1936 quomodo
1144 1873 1213 1919 sese
1234 1851 1385 1929 haberet,
1407 1875 1470 1921 non

145 1945 268 2012 lacibus
289 1965 331 2010 ex
352 1965 391 2009 ea
412 1963 605 2028 cognoscere
625 1964 752 2030 posses,
785 1965 881 2030 mum
908 1965 950 2008 ex
971 1943 1086 2011 liberto
1113 1955 1169 2011 tuo
1190 1946 1322 2027 Phania;
1360 1949 1403 2014 ita
1425 1957 1473 2013 est

145 2042 243 2108 homo
264 2060 328 2105 non
357 2036 453 2103 modo
483 2036 640 2124 prudens,
676 2058 788 2104 verum
811 2037 921 2112 etiam,
957 2039 1043 2126 quod
1065 2040 1165 2115 iuvet,
1188 2041 1343 2109 curiosus.
1387 2045 1509 2121 Qua-¹⁰

145 2143 279 2223 proptor
299 2132 353 2199 ille
375 2130 433 2197 tibi
455 2131 560 2197 omnia
583 2130 780 2217 explanabit;
812 2131 845 2198 id
871 2131 956 2197 enim
981 2133 1059 2198 mihi
1085 2144 1117 2198 et
1144 2134 1182 2199 ad
1211 2133 1398 2221 bresitatem
1425 2144 1473 2200 est

145 2228 249 2316 aptius
270 2236 302 2292 et
322 2225 364 2290 ad
385 2224 526 2312 reliquus
546 2245 599 2290 res
621 2225 847 2311 providentius.
889 2230 935 2292 De
955 2247 1027 2291 mes
1045 2237 1150 2294 antem
1165 2228 1383 2296 benevolentia
1396 2250 1472 2316 erga

146 2331 193 2397 te,
227 2321 286 2386 etsi
308 2328 398 2406 potes
420 2338 460 2383 ex
483 2317 595 2384 eodem
617 2317 735 2384 Phania
760 2340 966 2404 cognoscere,
1001 2330 1104 2387 tamen
1133 2322 1280 2390 videntur
1301 2325 1395 2391 etiam
1416 2324 1473 2389 sli-

146 2437 228 2502 quae
250 2435 340 2479 meae
362 2421 478 2500 partes.
523 2412 574 2476 Sic
596 2411 680 2479 enim
703 2411 759 2478 tihi
781 2414 951 2499 persuade,
973 2415 1169 2481 carissimum
1183 2426 1212 2481 te
1228 2418 1304 2483 mihi
1318 2439 1386 2484 esse
1401 2439 1471 2483 cum

146 2516 278 2595 propter
299 2507 412 2572 multas
431 2504 600 2570 suavitates
624 2504 755 2592 ingenii,
778 2505 886 2581 officii,
909 2507 1110 2573 humanitatis
1126 2518 1214 2583 tuae,
1237 2520 1302 2576 tum
1325 2511 1410 2600 quod
1432 2532 1472 2576 ex
1484 2527 1509 2570 ts

146 2601 208 2666 tuis
230 2599 343 2665 litteris
365 2609 397 2663 et
413 2621 454 2664 ex
468 2598 639 2664 multorum
659 2599 857 2664 sermonibus
880 2600 1021 2686 intelligo
1044 2603 1166 2678 omnia,
1189 2625 1305 2690 quaen
1327 2625 1378 2669 me
1399 2624 1474 2689 pro-

146 2693 228 2762 lecta
250 2692 376 2759 suntin
398 2701 445 2768 te,
477 2690 534 2758 tihi
556 2691 709 2757 accidisse
729 2693 917 2776 gratissima.
960 2694 1055 2772 Quod
1077 2716 1148 2761 cnm
1171 2696 1215 2761 ita
1236 2696 1291 2772 sit,
1313 2696 1471 2783 perficiam

146 2785 310 2876 prolecto.
343 2794 380 2852 nt
405 2783 490 2870 longi
512 2785 664 2872 temporis
685 2808 816 2851 usuram
828 2835 845 2873 ,ἱ
873 2808 936 2874 qua
969 2790 1130 2855 caruimus
1159 2789 1335 2856 intermissa
1366 2798 1472 2856 nostra

145 2878 390 2953 consuetudine,
417 2887 449 2944 et
470 2879 570 2963 gratia
592 2888 624 2943 et
645 2879 814 2945 crebritate
835 2890 868 2946 et
888 2881 1103 2967 magnitudine
1126 2883 1302 2949 officiorum
1328 2905 1472 2949 meorum

146 2976 302 3050 urciam3
330 2972 426 3059 idque
447 2995 513 3047 me,
551 2974 702 3059 quoniam
723 2984 758 3039 tn
779 2974 822 3039 ita
845 2975 912 3050 vis,
939 2985 1016 3062 puto
1039 2997 1102 3041 non
1123 2977 1221 3041 invita
1242 2977 1383 3043 Minerva
1404 2993 1510 3043 esseae

145 3067 319 3134 iacturum:
351 3086 447 3154 qnam
479 3066 606 3153 quidem
629 3087 705 3152 ego,
737 3068 765 3133 si
800 3067 884 3134 forte
911 3069 951 3135 de
977 3070 1039 3136 tuis
1071 3091 1252 3156 sumpsero,
1286 3093 1348 3136 non
1371 3071 1472 3137 solum

147 3163 332 3234 flattena,
354 3160 412 3226 sed
432 3159 527 3225 etiam
547 3162 721 3226 Ἀππιάδα
742 3162 923 3228 nominabo.
979 3168 1011 3228 2.
1034 3162 1115 3230 Cilix
1137 3163 1269 3229 libertus
1289 3173 1361 3229 tuus
1382 3173 1473 3229 untes

146 3255 224 3322 mihi
244 3254 350 3320 minus
370 3252 430 3320 snit
451 3263 560 3331 notus;
583 3253 656 3328 sed,
679 3263 715 3320 ut
734 3255 812 3320 mihi
825 3256 963 3321 reddidit
976 3277 995 3321 a
1010 3264 1040 3321 te
1055 3258 1174 3322 litteras
1187 3257 1295 3343 plenm
1310 3265 1341 3322 et
1357 3255 1474 3321 umoris

146 3360 179 3416 ot
199 3348 309 3424 officii,
332 3346 464 3413 mirifice
485 3348 553 3433 ipso
568 3369 627 3413 suo
642 3368 790 3413 sermone
804 3348 988 3415 subsecutus
1002 3358 1049 3415 est
1062 3350 1286 3416 humanitatem
1299 3350 1473 3416 litterarum

146 3453 284 3509 tuarum.
333 3441 472 3507 iucunda
493 3440 571 3506 mihi
594 3442 662 3507 eius
684 3441 787 3507 oratio
810 3442 884 3518 luit,
914 3463 986 3509 cnm
1004 3443 1043 3508 de
1065 3445 1171 3509 nnimo
1194 3453 1264 3519 tuo,
1293 3444 1333 3510 de
1354 3460 1510 3510 sermo-⁸⁵

147 3535 259 3610 uibus,
281 3555 361 3622 quos
383 3534 495 3600 deme
517 3534 651 3600 haberes
672 3535 928 3622 quotidie‚,mihi
950 3547 1105 3602 cenaret.
1148 3536 1233 3615 Quid
1254 3536 1402 3624 qrraerist
1424 3536 1474 3601 Bi-

146 3627 212 3696 duo
233 3629 335 3694 factus
357 3637 405 3694 est
425 3628 502 3693 mihi
523 3628 702 3703 familiaris,
726 3629 768 3694 ita
791 3638 910 3704 tamen,
933 3639 968 3695 ut
988 3630 1138 3696 Phaniam
1159 3630 1250 3697 valde
1272 3631 1331 3696 sim
1352 3627 1474 3694 deside·
1588 3634 1591 3641 ’

146 3732 293 3801 rutnrus3
325 3743 420 3809 quem
442 3743 513 3788 cum
541 3727 672 3788 Romam
702 3722 859 3797 remittes,
893 3723 993 3810 quod,
1030 3732 1066 3789 ut
1091 3723 1291 3811 putabamus,
1328 3721 1473 3788 celeriter

147 3837 222 3883 eras
242 3814 396 3891 facturus,
418 3814 566 3881 omnibns
587 3817 617 3880 ei
639 3815 678 3881 de
700 3815 812 3891 rebus,
835 3836 914 3902 quas
935 3817 1001 3902 agi,
1025 3838 1103 3904 quus
1125 3819 1229 3883 curari
1251 3838 1271 3882 s
1291 3837 1343 3881 me
1364 3815 1471 3889 voles,

146 3909 295 3977 mundata
316 3908 372 3976 des
395 3909 501 3976 velim
558 3913 588 3975 3.
624 3914 660 3974 h.
683 3909 863 3984 Valerium,
893 3910 1161 3985 iureconsulhrm‚
1197 3909 1288 3976 valde
1309 3908 1366 3975 tibi
1387 3928 1509 3974 nom-so

147 4003 281 4082 mendo;
303 4003 358 4068 sed
379 4003 423 4068 ita
443 4003 555 4077 etiam,
577 4003 605 4068 si
625 4025 690 4068 non
711 4012 758 4068 est
779 4003 850 4068 iure
872 4004 1042 4070 consultus.
1084 4005 1196 4071 Melius
1218 4003 1301 4069 assim
1316 4004 1346 4068 ei
1360 4022 1472 4068 cavere

148 4097 237 4172 volo,
259 4118 356 4185 quam
376 4097 444 4184 ipse
466 4095 535 4162 aliis
558 4097 647 4162 solet.
703 4095 799 4162 Vulde
817 4095 976 4163 hominem
999 4097 1111 4184 dihgo;
1134 4109 1182 4164 est
1203 4119 1244 4163 ex
1264 4097 1343 4163 meis
1365 4096 1473 4162 dome·

148 4190 234 4256 sticis
265 4199 359 4277 atque
394 4189 513 4254 intimis
550 4187 767 4255 familiaribus.
823 4190 961 4256 Omnino
982 4190 1040 4256 tihi
1060 4192 1128 4277 agit
1147 4192 1279 4279 gratias;
1314 4190 1371 4256 sed
1388 4190 1470 4256 idem

148 4281 260 4350 scribit
282 4303 371 4350 meus
398 4282 518 4348 litteras
543 4283 716 4348 maximum
743 4283 828 4369 apud
857 4292 888 4348 te
908 4283 1032 4371 pondus
1053 4284 1225 4351 habitmas.
1281 4284 1317 4350 ld
1338 4305 1411 4349 eum
1431 4303 1471 4347 ne

148 4375 252 4452 labat,
274 4385 307 4442 ts
327 4375 423 4442 etiam
444 4385 539 4463 atque
561 4377 654 4442 etiam
676 4397 768 4462 rogo.
832 4408 834 4413 ¹
1481 4394 1509 4438 ss

217 4539 245 4591 Ω.
264 4541 294 4590 ln
310 4539 467 4592 hauriunt
492 4540 529 4590 od
543 4539 604 4590 uu.
621 4565 650 4576 -
671 4539 797 4592 helectus
817 4541 926 4604 rignum
950 4554 1006 4592 om.
1027 4542 1064 4600 u;
1083 4543 1223 4593 decorabo
1244 4540 1351 4605 supplet
1363 4552 1418 4601 mg.
1433 4537 1470 4586 hl.

149 4607 223 4660 Fort.
241 4611 271 4661 io
288 4615 466 4673 tepotmnt,
481 4610 689 4675 proficiscantur.
708 4609 763 4661 Clr.
778 4624 839 4661 mox
853 4626 879 4675 p.
894 4611 938 4661 36.
953 4626 980 4662 r.
995 4613 1037 4662 11.
1059 4608 1139 4663 Bur.
1155 4637 1184 4649 -
1205 4613 1248 4662 10.
1276 4611 1345 4675 quod
1362 4610 1414 4659 tort
1432 4606 1470 4659 hl.

150 4678 222 4731 Fert.
247 4680 336 4744 quood
352 4681 442 4739 toust,
463 4679 481 4731 l.
500 4692 528 4730 e.
548 4681 594 4739 ita.
614 4686 643 4731 ut
661 4680 790 4731 molestus
815 4694 868 4730 uon
892 4679 949 4732 llat.
973 4680 1025 4732 Oa.
1050 4678 1130 4744 (qnod
1147 4682 1202 4730 nidi
1220 4681 1304 4732 codd.
1323 4675 1424 4740 hegil.)
1440 4698 1470 4711 -

151 4749 193 4800 11.
212 4750 281 4800 mim
297 4749 363 4800 nest
378 4763 434 4801 om.
454 4749 486 4799 ll.
507 4773 538 4785 -
565 4750 611 4800 Ὦ.
629 4748 768 4801 Παλλάδα
785 4751 831 4802 M:
851 4750 965 4801 Pallade
983 4751 1014 4801 B.
1035 4775 1063 4786 -
1089 4752 1213 4814 Appiana
1230 4750 1291 4802 hill.
1313 4772 1341 4784 -
1361 4748 1405 4799 28.
1423 4761 1471 4810 pu·

150 4825 236 4871 tonsus
253 4819 372 4871 Brnestll
390 4820 534 4885 typothstr.
555 4843 586 4856 -
622 4820 667 4871 ³⁰.
686 4821 823 4872 Lentulum
843 4820 971 4872 Valeriam
988 4821 1025 4875 u·
1048 4844 1078 4857 -
1114 4822 1158 4872 ³1.
1176 4824 1233 4872 tem
1249 4818 1379 4871 omnbus
1397 4816 1471 4869 Orel-

151 4886 220 4940 Ιίωἶ
239 4888 430 4942 ‘numum
445 4888 506 4943 mr
528 4913 558 4926 ““
596 4889 640 4942 ³⁵·
659 4896 685 4941 ω
702 4903 758 4941 oms
776 4890 816 4943 ns
