3256 5400
677 207 739 270 ΕΡ.
759 207 812 269 ΔΙ)
833 204 1004 269 Armcmt

657 359 1026 445 monem)

666 484 808 549 cronno
829 483 972 547 amieo
994 482 1026 545 e.

269 605 388 672 Utinam
409 603 496 670 illum
518 603 602 670 diem
622 602 762 677 videam,
785 624 856 669 cum
873 601 931 668 tibi
950 621 1040 687 agam
1061 600 1193 688 gratias,
1216 598 1302 686 quod
1323 619 1376 664 me
1398 597 1514 663 vivere

186 698 330 784 coegisti!
363 698 472 765 Adbuc
492 697 619 785 quidem
640 697 730 763 valde
751 719 802 762 me
823 696 972 782 poenitet
1025 694 1087 760 Sed
1108 703 1139 759 te
1160 714 1236 770 oro,
1258 700 1293 758 ut
1314 692 1354 758 ad
1377 713 1431 758 me
1456 693 1511 756 vi·

161 789 299 856 ⁵bonem
328 791 430 857 statim
460 792 581 868 venias,
614 812 678 875 quo
708 811 767 875 ego
796 791 899 856 multis
928 790 968 856 de
996 788 1097 854 causis
1123 786 1264 853 converti
1293 786 1354 852 iter
1387 803 1512 852 meum.

186 883 247 948 Sed
270 906 309 949 eo
330 884 357 948 si
380 885 519 960 veneris,
542 885 581 951 de
603 893 669 951 toto
690 883 803 950 itinere
824 905 860 949 ac
875 883 948 969 iuga
969 903 1038 947 mea
1060 880 1224 948 consilium
1244 901 1358 968 capere
1380 887 1511 967 potero.

184 978 218 1044 Si
239 976 272 1044 id
293 1001 356 1045 non
377 978 504 1053 feceris,
529 977 686 1054 mirabor,
710 978 764 1044 sed
786 976 910 1044 confido
932 986 962 1043 te
983 997 1052 1043 esse
1073 975 1238 1043 facturum.

659 1126 1022 1211 mmuww

656 1260 797 1325 CICERO
829 1261 973 1325 ATTICO
1002 1261 1034 1323 S.

146 1395 171 1436 ¹⁰
267 1380 411 1446 Miseriae
440 1389 565 1446 nostrae
591 1379 696 1466 potius
724 1379 817 1444 velim
843 1401 937 1466 quam
964 1379 1186 1445 inconstantiae
1212 1375 1347 1452 tribuas,
1377 1373 1510 1462 quode

183 1474 321 1547 Vibone,
351 1497 415 1559 quo
438 1485 467 1539 te
489 1472 737 1550 arcessebamus,
767 1472 873 1539 subito
895 1474 1101 1538 discessimus.
1150 1472 1250 1538 dilata
1271 1480 1318 1535 est
1339 1469 1425 1534 enim
1450 1487 1511 1532 no·

183 1566 231 1632 bis
253 1574 375 1653 rogatio
397 1569 436 1633 de
459 1569 597 1654 pernicie
618 1588 702 1646 mea;
734 1567 767 1632 in
789 1587 865 1654 qua,
888 1567 973 1654 quod
995 1576 1172 1632 correctum
1193 1587 1262 1631 esse
1283 1565 1508 1636 audieramus,

183 1672 250 1727 erat
278 1662 449 1734 eiusmodi,
480 1671 514 1726 ut
534 1661 609 1726 mibi
637 1662 718 1727 ultra
739 1661 964 1747 quadringenta
987 1661 1070 1725 milia
1091 1661 1199 1724 liceret
1221 1681 1299 1723 esse.
1350 1656 1408 1722 ΙΙΙο
1431 1675 1508 1718 cum

183 1757 348 1840 pervenire
377 1778 439 1820 non
467 1755 592 1829 liceret,
620 1755 723 1821 statim
752 1755 813 1819 iter
834 1754 1034 1819 Brundisium
1057 1774 1166 1819 versus
1187 1752 1304 1818 contuli
1324 1760 1395 1815 ante
1417 1748 1508 1814 diem

148 1850 366 1934 erogationis,
398 1871 436 1913 ne
459 1857 489 1912 et
511 1849 594 1922 Sica,
625 1848 707 1934 apud
729 1868 822 1935 quem
844 1869 945 1922 eram,
974 1848 1093 1933 periret
1121 1857 1152 1912 et
1180 1847 1265 1933 quod
1286 1844 1410 1911 Melitae
1434 1863 1509 1906 esse

183 1965 245 2008 non
267 1943 389 2007 licebat.
431 1947 518 2007 Nune
539 1952 572 2006 tu
593 1962 747 2029 propera,
769 1951 882 2008 uiuos
903 1962 1112 2027 consequare,
1135 1941 1162 2006 si
1184 1940 1278 2006 modo
1300 1938 1507 2023 recipiemur.

183 2037 291 2102 Adbuc
312 2036 482 2101 invitamur
502 2035 647 2121 benigne.
690 2035 769 2112 Sed,
791 2034 876 2121 quod
890 2045 1046 2120 superest,
1069 2035 1222 2103 timemus.
1263 2038 1322 2106 Μο,
1345 2030 1389 2096 mi
1409 2035 1509 2094 Pom-

182 2130 272 2215 poni,
303 2129 392 2194 vaide
419 2130 557 2214 poenitet
588 2129 712 2208 vivere3
739 2150 801 2215 qua
823 2128 856 2193 in
877 2150 913 2194 re
935 2127 1017 2215 apud
1046 2149 1099 2192 me
1120 2138 1153 2194 tu
1174 2127 1343 2214 plurimum
1364 2123 1506 2191 valuisti.

182 2222 243 2288 Sed
268 2222 344 2288 baec
364 2243 481 2289 coram.
522 2228 583 2288 Fac
603 2222 716 2299 modo,
736 2232 773 2289 ut
793 2223 909 2290 venias.

142 2384 171 2428 a
666 2371 1008 2458 nmuema

642 2506 784 2570 CICERO
820 2507 963 2571 amico
1000 2508 1032 2570 S.

264 2623 409 2686 Terentia
430 2622 488 2689 tibi
509 2633 541 2688 et
562 2644 654 2709 saepe
676 2633 708 2688 et
725 2624 876 2689 maximas
897 2625 961 2710 agit
982 2624 1106 2708 gratias.
1149 2623 1183 2689 Μ
1199 2630 1246 2687 est
1267 2622 1342 2687 mihi
1363 2624 1508 2708 gratissi-

180 2736 276 2780 mum.
326 2719 392 2799 Ego
421 2716 494 2782 vivo
523 2717 718 2782 miserrimus
745 2727 776 2781 et
797 2719 935 2782 maximo
957 2718 1067 2783 doiore
1089 2716 1248 2781 conficior.
1302 2716 1348 2782 Ad
1371 2727 1401 2781 te
1424 2717 1505 2804 quid

180 2808 331 2882 scribam,
354 2810 470 2874 neseio.
514 2811 546 2875 Si
568 2811 651 2876 enim
674 2832 708 2875 es
728 2817 862 2885 Romae,
884 2812 945 2876 iam
968 2833 1017 2876 me
1039 2811 1162 2896 assequi
1184 2831 1247 2874 non
1269 2818 1373 2894 potes;
1396 2816 1444 2875 sin
1469 2832 1506 2873 es

141 2903 211 2966 ein
228 2902 289 2974 via,
311 2923 383 2966 eum
399 2904 461 2967 eris
477 2925 525 2967 me
540 2916 717 2979 assecutus,
739 2926 845 2970 coram
868 2925 1011 2989 agemus,
1034 2926 1113 2990 quae
1136 2914 1229 2968 erunt
1249 2904 1376 2987 agenda.
1421 2909 1505 2966 Tan·

179 3008 244 3063 tum
272 3005 301 3060 te
324 3017 397 3068 oro,
432 3007 481 3070 ut,
510 3000 657 3084 quoniam
687 3020 736 3063 me
758 3001 859 3083 ipsum
881 3018 1005 3082 semper
1026 2998 1151 3071 amasti,
1183 2998 1294 3062 codem
1316 3017 1424 3061 amore
1448 3000 1504 3060 sis.

179 3096 246 3175 Ego
268 3089 351 3154 enim
374 3089 456 3154 idem
478 3113 560 3157 sum:
583 3092 699 3157 inimici
722 3093 784 3156 mei
806 3113 875 3156 mea
897 3091 993 3167 mibi,
1027 3113 1090 3156 non
1112 3112 1161 3154 me
1183 3091 1284 3175 ipsum
1307 3090 1504 3154 ademerunt.

180 3189 281 3256 Cura,
305 3192 339 3248 ut
360 3185 472 3249 valeas.
514 3190 582 3250 Dat.
606 3206 651 3251 rv.
673 3185 717 3251 ld.
739 3190 814 3268 dpr.
836 3185 953 3250 Thurii.

663 3334 1021 3420 uppem)

141 3488 169 3532 so
650 3469 791 3532 CiCERO
823 3469 966 3533 ATTICO
999 3471 1029 3533 S.

262 3593 330 3653 Non
358 3587 461 3653 iuerat
489 3588 564 3653 mibi
593 3587 744 3662 dubium,
785 3593 860 3674 quin
893 3598 922 3654 te
951 3590 1076 3654 Tarenti
1106 3599 1159 3655 aut
1188 3588 1343 3654 Brundisii
1372 3588 1502 3653 visurus

179 3701 297 3747 essem:
328 3683 421 3769 idque
446 3682 487 3746 ed
514 3683 609 3749 muita
640 3682 807 3768 pertinuit;
835 3683 866 3747 in
889 3683 948 3758 eis,
979 3693 1013 3748 ut
1035 3693 1066 3747 et
1086 3684 1118 3747 in
1139 3687 1236 3768 Epiro
1258 3681 1502 3747 consisteremus

180 3787 211 3841 et
240 3776 279 3841 de
309 3777 438 3861 reliquis
467 3774 562 3841 rebus
592 3787 646 3841 tuo
668 3776 800 3841 consilio
822 3787 992 3842 uteremur.
1037 3777 1191 3854 Quoniam
1214 3777 1245 3840 id
1268 3798 1330 3839 non
1352 3773 1498 3857 contigit,

180 3872 240 3936 erit
262 3871 322 3936 hoc
343 3891 468 3956 quoque
490 3871 522 3932 in
545 3891 657 3954 magno
679 3892 812 3934 numero
834 3881 1013 3935 nostrorum
1036 3869 1199 3934 maiorum.
1254 3867 1349 3934 Nobis
1370 3869 1429 3933 iter
1451 3876 1500 3931 est

142 3963 212 4028 asin
233 3963 354 4038 Asiam,
372 3963 518 4028 ,maxime
547 3963 700 4051 Cyzicum.
750 3968 836 4028 Meos
861 3963 915 4029 tibi
938 3962 1133 4027 commendo.
1175 3969 1225 4028 Me
1248 3963 1299 4028 iix
1323 3963 1501 4047 misereque

179 4065 331 4122 sustento.
373 4061 442 4121 bai.
465 4077 538 4121 xiv.
559 4057 626 4121 Kal.
648 4057 744 4121 Maias
766 4056 805 4121 de
827 4056 1004 4122 Tarentino.

247 4275 274 4324 d.
294 4276 410 4338 equidem
429 4275 473 4324 Rl.
509 4275 563 4325 Cir.
585 4275 761 4324 HandTurs.
781 4275 818 4328 11.
838 4290 863 4339 p.
883 4275 946 4325 428.
968 4299 998 4311 -
1034 4275 1060 4324 5.
1080 4274 1270 4324 deum-Rei
1288 4289 1328 4338 pr.
1347 4274 1385 4324 Μ.
1408 4297 1438 4308 -
1470 4274 1499 4322 7.

178 4358 230 4396 ease
248 4347 352 4394 omnino
370 4347 502 4409 [acturum
521 4345 541 4394 1.
572 4370 602 4380 -
640 4346 682 4395 12.
702 4347 843 4409 confectum
861 4345 934 4396 Mat.
972 4344 1092 4394 Correxit
1110 4344 1257 4393 Lambinus
1275 4358 1336 4393 eum
1356 4344 1377 4392 Y
1396 4349 1422 4393 et
1440 4356 1497 4405 mg.

178 4415 252 4466 Crat.
273 4437 304 4451 -
341 4416 384 4466 13.
403 4417 549 4464 huiusmodi
569 4417 591 4465 Ι.
611 4441 643 4450 -
673 4419 746 4466 inire
765 4430 835 4465 corr.
854 4415 891 4465 Μ.
911 4436 945 4451 -
974 4417 1115 4479 quinpento
1132 4415 1195 4463 Asc.
1215 4416 1292 4464 teriia
1310 4429 1341 4464 οι
1361 4415 1498 4463 Plutarchi

179 4485 237 4537 Cic.
256 4486 300 4534 32.
321 4509 351 4521 -
388 4487 431 4535 15.
450 4488 560 4548 siquod
580 4486 722 4536 omiiet
740 4501 780 4549 pr.
800 4486 837 4537 Μ.
869 4507 898 4521 ·-
934 4486 978 4534 22.
997 4485 1214 4549 protiosopitl.
1236 4510 1264 4521 -
1303 4486 1346 4534 23.
1366 4485 1500 4548 egoenim

180 4557 240 4605 uiuo
258 4555 280 4605 1.
307 4577 338 4590 -
374 4553 513 4615 Secum]
544 4570 620 4618 quom
640 4557 676 4607 Μ.
708 4580 737 4591 -
774 4557 817 4606 26.
837 4556 934 4604 amasti
955 4562 984 4605 ut
1003 4556 1089 4604 eodem
1107 4555 1166 4604 MR.
1200 4580 1230 4589 -
1266 4556 1311 4604 27.
1330 4553 1499 4603 meideievit

183 4626 329 4676 Ernestius.
352 4650 381 4660 -
417 4625 461 4674 28.
482 4639 520 4674 ιν.
541 4626 691 4675 Corradus:
714 4640 774 4675 seur.
794 4626 877 4682 Mlti,
897 4639 946 4674 ιιι.
968 4625 997 4674 E.
1020 4651 1049 4660 -
1087 4627 1139 4673 turi
1159 4624 1203 4673 iti.
1226 4651 1253 4660 -
1292 4626 1336 4674 ai.
1356 4623 1500 4673 Brundusii

181 4697 219 4747 Μ.
252 4721 283 4731 -
320 4695 363 4744 32.
382 4696 590 4756 pertineamus
610 4698 630 4744 ii
649 4703 675 4746 et
695 4712 735 4758 pr.
755 4697 797 4753 Μ,
823 4697 988 4758 pertinuisset
1008 4709 1061 4754 sup·
1083 4695 1125 4749 Μ.
1143 4696 1268 4754 pertinuit
1288 4697 1324 4745 eis
1342 4695 1362 4742 Ι.
1402 4693 1498 4742 Emen-

183 4765 415 4815 daeitviciorius.
437 4789 467 4800 -
504 4773 532 4815 ut
551 4774 575 4815 ei
594 4767 747 4816 marrutius:
767 4775 789 4816 ct
808 4774 836 4815 ot
857 4765 950 4814 ttrite.
971 4789 1001 4800 -
1038 4765 1081 4813 35.
1105 4765 1245 4815 iiiimcos
1264 4766 1285 4814 Ι.
1309 4790 1335 4799 -
1369 4765 1411 4815 36.
1434 4776 1497 4813 νιιι.

182 4835 244 4892 liol.
264 4835 329 4886 Cod.
351 4835 500 4886 iletmstad.
523 4859 548 4869 -
588 4837 654 4888 Maii
674 4836 703 4885 li.
725 4860 754 4871 -
791 4836 821 4886 dc
842 4831 995 4897 latudine]
1017 4835 1122 4885 Tarenti
1143 4835 1162 4881 Ι.
