3256 5400
632 226 707 296 Lm.
727 230 784 294 IX.
824 229 885 295 ul).
929 229 979 296 lb.
1399 239 1459 304 15³

139 383 237 453 daret
284 388 316 452 8.
351 384 506 452 liberasti
527 386 625 472 igitur
645 396 677 453 et
696 385 808 453 urbem
830 385 972 473 periculo
993 397 1025 454 ct
1045 388 1201 455 civitatem
1223 402 1323 468 metu,
1357 415 1460 482 nequa

139 484 241 550 solum
263 482 303 548 ad
327 492 448 568 tempus
476 483 645 547 maximam
673 481 837 547 utilitatem
866 481 995 547 attulisti
1016 483 1071 549 sed
1093 485 1185 549 etiam
1207 485 1246 550 ad
1268 489 1460 574 exemplum.

141 581 214 656 Quo
235 577 317 642 lacto
338 577 512 661 intelligere
534 575 629 642 debes
650 575 682 640 in
703 583 734 639 te
755 576 888 660 positam
910 597 979 641 esse
999 598 1067 642 rem
1088 577 1243 664 publicam
1259 579 1378 667 tibique
1396 603 1460 647 uon

140 670 235 737 modo
257 670 390 735 tuendos
411 670 467 735 sed
489 671 583 735 etiam
605 670 763 736 ornandos
776 691 844 735 esse
859 670 929 735 illos
944 671 1044 745 viros,
1067 693 1084 736 a
1100 672 1213 758 quibus
1229 674 1351 739 initium
1366 673 1461 740 liber-

138 764 209 828 tatis
229 763 405 850 proiectum
427 773 483 828 est.
526 763 588 828 Sed
609 763 657 827 bis
679 763 718 828 de
739 763 833 829 rebus
856 784 962 828 coram
977 765 1067 850 plura
1081 767 1281 853 propediem,
1304 779 1338 832 ut
1352 788 1484 853 spero.s

138 862 186 922 Tu
217 858 365 944 quoniam
392 878 461 922 rem
490 856 647 943 publicam
674 878 794 944 nosque
818 878 1007 932 conservas,
1043 859 1092 924 lac
1112 868 1147 925 ut
1168 860 1407 945 diligentissime
1429 869 1460 927 te

138 950 258 1037 ipsum,
280 950 324 1014 mi
344 949 521 1027 Dolabella,
543 951 712 1018 custodias.

604 1112 669 1174 rr.
711 1108 761 1192 (A.
787 1112 819 1175 u.
843 1113 875 1176 c.
896 1112 985 1198 ros.)

623 1233 766 1298 CICERO
787 1233 917 1296 PAETO
940 1233 971 1296 S.

223 1347 252 1409 1.
272 1340 402 1408 Duabus
423 1341 485 1409 tuis
506 1342 646 1429 epistolis
666 1340 885 1429 respondebo:
917 1340 986 1417 uui,
1009 1363 1103 1428 quam
1125 1344 1294 1431 quatriduo
1316 1357 1386 1412 ante
1408 1367 1461 1412 ao-
1471 1355 1498 1397 ¹⁰

138 1457 282 1524 ceperam
305 1458 323 1502 a
344 1437 457 1515 Zetb0;
480 1437 583 1512 alteri,
606 1458 699 1524 mam
720 1437 865 1503 attulerat
885 1435 1027 1502 Phileros
1041 1436 1231 1505 tabellarius.
1273 1444 1321 1504 Ex
1342 1440 1459 1526 priori·

139 1530 199 1598 bus
221 1531 281 1596 tuis
296 1531 407 1597 litteris
422 1531 562 1596 intellexi
575 1539 753 1616 pergratam
770 1528 825 1594 tibi
844 1529 924 1614 [esse
943 1551 1051 1595 euram
1072 1552 1174 1597 meam
1189 1533 1374 1600 valetudinis
1388 1544 1461 1601 tuae

139 1626 340 1711 animumque
361 1645 437 1709 erga
458 1633 488 1689 te
510 1645 636 1700 meum,
673 1645 767 1711 quem
789 1622 856 1708 tibi]
880 1631 1079 1709 perspectum
1102 1646 1170 1689 esse
1192 1628 1324 1711 gaudeo.
1383 1629 1460 1707 Sed,

139 1718 347 1792 mihicrede,
370 1717 599 1803 nonperinde,
632 1725 667 1782 ut
689 1725 736 1781 est
757 1736 882 1801 reapse,
914 1735 955 1779 ex
976 1716 1086 1782 litteris
1118 1720 1298 1805 perspicere
1320 1723 1459 1808 potuisti.

138 1817 230 1886 Nam,
266 1832 338 1876 cum
366 1833 384 1875 a
414 1811 487 1876 satis
509 1811 615 1877 multis
637 1847 676 1859 -
699 1831 762 1875 non
789 1812 872 1873 euim
894 1829 1024 1894 possum
1045 1810 1135 1876 aliter
1156 1811 1261 1878 dicere
1282 1853 1323 1861 —
1346 1825 1377 1881 et
1399 1817 1498 1882 coli¹⁵

138 1926 189 1969 me
210 1905 333 1970 videam
354 1913 385 1969 et
406 1905 513 1989 diligi,
536 1927 630 1970 nemo
652 1913 698 1969 est
719 1903 846 1968 illorum
867 1901 1007 1968 omnium
1025 1905 1101 1969 mibi
1117 1914 1146 1969 te
1164 1907 1339 1973 iucundior.
1382 1914 1460 1975 Nam

138 1999 223 2085 quod
244 2021 294 2064 me
316 2020 416 2073 amas,
438 1998 577 2084 quodid
599 2010 629 2063 et
651 1997 835 2083 iampridem
858 2005 889 2061 et
909 2006 1087 2063 constanter
1104 1998 1196 2074 lacis,
1220 2010 1267 2065 est
1285 2002 1318 2067 id
1332 2003 1459 2089 quidem

138 2114 283 2178 magnum
305 2103 398 2179 atque
420 2092 501 2158 band
524 2093 589 2158 scio
611 2113 650 2157 an
671 2091 857 2166 maximum,
894 2090 948 2155 sed
977 2089 1033 2155 tibi
1055 2113 1220 2159 commune
1243 2103 1314 2161 cnm
1338 2098 1458 2185 multis3

138 2187 223 2273 quod
244 2191 366 2273 tuipse
388 2196 450 2251 tam
472 2186 622 2251 amandus
645 2207 678 2251 es
699 2195 823 2271 tamque
846 2183 944 2248 dulcis
966 2186 1121 2271 tamque
1112 2209 1143 2250 ιιι
1166 2188 1252 2251 οιιιιιί
1274 2210 1389 2275 genere
1410 2190 1460 2256 iu-

138 2280 273 2354 cundus,
306 2281 339 2346 id
367 2290 415 2346 est
441 2286 570 2366 proprie
607 2288 705 2345 tuum.
758 2283 788 2342 2.
818 2278 978 2342 Accedunt
1005 2300 1068 2343 non
1089 2279 1197 2355 Attici,
1233 2283 1289 2348 sed
1311 2285 1498 2350 salsiores²⁰

137 2394 230 2460 quam
252 2374 296 2438 illi
318 2373 505 2450 Atticorum,
528 2374 659 2440 Romani
680 2381 804 2438 veteres
821 2380 915 2457 atque
936 2369 1048 2436 urbani
1069 2373 1159 2438 sales.
1201 2379 1269 2460 Ego
1291 2387 1394 2442 antem
1417 2408 1457 2421 -

137 2468 296 2532 existimes
317 2469 406 2543 lieet,
429 2468 514 2555 quod
536 2467 683 2533 lubet-
705 2465 834 2532 mirilicc
856 2467 964 2551 capior
991 2466 1125 2543 facetiis,
1154 2470 1291 2533 maxime
1312 2468 1461 2534 nostrati·

137 2558 211 2634 bus,
247 2562 430 2646 praesertim
462 2583 532 2626 cum
562 2583 614 2626 eas
640 2561 763 2627 videam
794 2560 931 2646 primum
963 2558 1076 2626 oblitas
1104 2562 1192 2627 Latio
1215 2570 1296 2637 tum,
1332 2583 1404 2626 oum
1424 2561 1458 2626 iu

136 2652 249 2719 urbem
281 2665 421 2721 nostram
449 2665 496 2721 est
523 2655 625 2720 inlusa
651 2653 873 2740 peregrinitas,
909 2673 992 2717 nunc
1021 2675 1099 2718 vero
1126 2655 1219 2719 etiam
1249 2653 1400 2719 braccatis
1428 2665 1460 2719 et

137 2747 334 2832 transalpinis
362 2731 555 2821 nationibus,
591 2755 627 2813 ut
653 2747 773 2812 nullum
802 2746 918 2811 veteris
953 2746 1070 2832 leporis
1098 2747 1262 2832 vestigium
1298 2755 1457 2833 appareat.
1469 2751 1499 2794 ¹⁵

137 2845 259 2927 ltaque,
282 2851 312 2906 te
333 2862 404 2905 cum
425 2841 533 2914 video,
557 2861 666 2906 omnes
686 2840 763 2905 mihi
786 2839 935 2913 Granios,
957 2861 1067 2906 omnes
1085 2841 1305 2916 Lucilios,—
1265 2861 1404 2904 v—ere
1425 2848 1461 2905 ut

137 2932 238 2998 dicam
260 2970 298 2980 —
329 2938 456 3000 Crassos
488 2955 613 3020 quoqne
636 2941 667 2998 et
694 2933 816 2998 Laelios
837 2932 944 2998 videre
966 2933 1088 2998 videor.
1130 2935 1264 3010 Moriar,
1287 2935 1315 2999 si
1335 2942 1461 3020 praeter

105 3030 109 3041 “
137 3037 168 3092 te
190 3048 379 3113 quemquam
399 3027 555 3114 reliquum
577 3027 694 3101 babeo,
716 3027 748 3091 in
769 3047 832 3112 quo
854 3025 972 3111 possim
994 3026 1161 3111 imaginem
1183 3028 1328 3114 antiquae
1344 3035 1375 3092 et
1390 3048 1461 3093 vcr-

137 3122 265 3187 naculae
286 3120 462 3187 festivitatis
484 3141 664 3205 agnoscere.
719 3120 768 3186 bd
789 3120 847 3185 bos
868 3120 992 3204 lepores
1014 3141 1085 3184 cum
1109 3142 1199 3186 amor
1220 3141 1295 3206 erga
1324 3141 1374 3184 me
1397 3129 1465 3185 tau-

138 3222 188 3279 tus
209 3213 351 3288 accedat,
383 3214 508 3279 miraris
529 3234 579 3278 mc
601 3222 683 3277 tanta
704 3212 939 3299 perturbatione
968 3213 1154 3279 valetudinis
1176 3224 1247 3279 tuae
1271 3223 1334 3278 tam
1356 3213 1461 3299 gravi·
1474 3219 1502 3260 ⁸⁰

137 3316 186 3372 ter
214 3308 423 3374 exanimatum
451 3307 569 3373 luisset
601 3308 631 3370 3.
666 3306 759 3384 Quod
787 3317 891 3371 autem
918 3306 1015 3371 altera
1043 3307 1174 3393 epistola
1200 3328 1316 3393 purgas
1345 3317 1376 3372 te
1398 3328 1463 3373 non

137 3400 348 3466 dissuasorem
377 3401 453 3466 nribi
483 3401 649 3487 emptionis
681 3400 900 3485 Neapolitanae
921 3399 1034 3474 fuisse,
1058 3400 1112 3464 sed
1134 3412 1296 3466 auctorem
1318 3402 1464 3467 modera-

137 3494 231 3559 tionis
252 3494 406 3569 nrbanae,
429 3516 530 3581 neque
552 3516 611 3579 ego
633 3494 724 3559 aliter
745 3494 870 3579 accepi;
903 3493 1042 3559 intellexi
1064 3503 1167 3558 tamen
1189 3494 1290 3570 idem,
1313 3494 1398 3580 quod
1413 3493 1463 3559 bis

137 3587 277 3673 intelligo
299 3589 424 3663 litteris,
447 3610 509 3653 non
532 3587 725 3653 existimasse
744 3597 774 3652 te
796 3586 871 3650 mihi
894 3586 1012 3663 licere,
1035 3587 1067 3652 id
1090 3588 1175 3673 quod
1198 3608 1257 3672 ego
1272 3586 1459 3660 arbitrabar,

136 3703 188 3746 res
211 3681 266 3748 bas
299 3704 362 3747 uon
389 3683 518 3747 omnino
540 3681 667 3768 quidem
689 3681 744 3746 sed
765 3701 908 3764 magnam
938 3689 1060 3766 partem
1083 3680 1273 3767 relinquere.
1317 3680 1461 3746 Catulum
1472 3687 1502 3731 ⁸⁵

140 3775 218 3840 mibi
239 3798 349 3841 narras
372 3785 403 3841 et
424 3777 475 3841 illa
497 3784 648 3862 tempora.
693 3774 776 3853 Quid
798 3775 922 3840 simile?
944 3795 983 3839 ne
1005 3775 1049 3839 mi
1071 3774 1197 3861 quidem
1219 3773 1278 3860 ipsi
1299 3782 1374 3838 tunc
1393 3773 1460 3858 pla-

137 3869 227 3933 cebat
248 3869 364 3935 diutius
386 3869 495 3934 abesse
516 3869 555 3935 ab
578 3871 625 3935 rei
646 3868 789 3955 publicae
811 3867 961 3933 custodia.
1005 3867 1196 3933 Sedebamus
1212 3867 1297 3931 enim
1312 3866 1343 3930 in
1357 3866 1457 3952 puppi

138 3971 170 4027 et
190 3963 312 4027 clavum
335 3963 533 4040 tenebamus;
555 3983 638 4028 nunc
659 3971 763 4027 autem
784 3961 840 4026 vix
861 3971 908 4026 est
925 3962 956 4026 in
971 3962 1088 4027 sentina
1103 3961 1201 4026 locus.
1243 3965 1274 4025 8.
1296 3965 1344 4025 An
1358 3959 1461 4024 minus

138 4056 233 4121 multa
262 4067 385 4145 senatus
422 4059 561 4123 consulta
589 4055 693 4120 futura
714 4064 820 4140 putas,
853 4054 880 4120 si
903 4076 963 4139 ego
984 4055 1043 4119 sim
1064 4054 1219 4140 Neapoli?
1248 4059 1365 4119 Romae
1388 4073 1461 4118 cum

139 4170 208 4215 sum
230 4158 261 4215 et
282 4172 383 4236 urgeo
397 4151 521 4225 lorum,
549 4159 673 4215 senatus
695 4149 834 4214 consulta
856 4147 1037 4213 scribuntur
1058 4148 1141 4234 apud
1162 4156 1335 4212 amatorem
1357 4157 1460 4221 tuum,
1474 4154 1503 4196 ⁴⁰

208 4370 235 4418 2.
256 4371 409 4432 exemplum
460 4370 516 4431 Quo
533 4371 604 4433 [neto
620 4368 762 4432 intelligere
780 4367 813 4416 ad
836 4363 1465 4432 Alt.1t,17A,8.exemptnmfactotntet·

137 4439 217 4504 ligere
235 4439 280 4498 Μ,
301 4441 445 4501 exemptum
461 4441 535 4502 [acti.
574 4437 819 4503 lmetttqerclloe
848 4437 875 4487 6.
894 4438 1017 4501 quonlam
1036 4436 1079 4487 M:
1099 4435 1306 4499 quondolloe
1338 4437 1382 4484 to.
1401 4447 1465 4497 quo·
1511 4486 1517 4497 ,

138 4511 226 4559 induo
245 4525 316 4559 corr.
339 4510 382 4559 Μ.
402 4509 550 4573 quadriduo
569 4522 610 4572 pr.
629 4507 674 4568 Μ,
694 4507 892 4574 tridoolloe
931 4507 973 4556 18.
994 4507 1042 4555 tibi
1061 4502 1180 4568 [essen
1197 4502 1283 4567 -uoq
1301 4511 1464 4567 perspectum

138 4578 274 4636 Orellius,
302 4581 400 4643 partim
430 4593 493 4628 cum
519 4579 668 4629 Cratandro
686 4583 712 4627 et
737 4564 888 4626 lambino.
922 4577 971 4626 tibi
987 4584 1148 4639 perspectum
1165 4575 1209 4634 Μ,
1240 4575 1356 4625 tibiam
1374 4586 1465 4622 citrum

136 4663 254 4699 meum
238 4651 395 4700 oolotudtnts
413 4655 490 4704 tuoe,
510 4663 589 4712 quom
607 4649 655 4699 ttbt
671 4655 833 4710 perspectum
850 4660 913 4696 cum
932 4646 1021 4696 Guell.
1041 4660 1097 4695 sec.
1118 4646 1149 4695 ll.
1169 4645 1224 4694 Cir.
1239 4644 1411 4694 HandTurs
1427 4642 1463 4693 ll.

139 4733 165 4782 p.
184 4720 282 4770 87.-
320 4720 363 4770 18.
383 4720 472 4769 reabse
491 4733 532 4782 pr.
552 4720 598 4779 Μ,
617 4733 646 4768 rc
664 4718 754 4767 obtem
773 4730 844 4765 corr.
865 4717 954 4766 Μ-
990 4717 1035 4764 22.
1054 4716 1185 4779 quidlubet
1204 4715 1295 4765 bl.—
1320 4713 1364 4762 27.
1388 4714 1463 4762 Fort.

138 4790 234 4840 Actias.
255 4791 360 4842 Oa.-
395 4791 440 4842 28.
461 4786 511 4853 Ad]
530 4796 560 4841 ot
578 4790 677 4843 Mu·
713 4786 757 4838 82.
776 4787 964 4837 moderationta
982 4786 1027 4838 Μ.
1046 4786 1261 4836 commorationis
1278 4789 1389 4834 auctore
1407 4782 1464 4835 Μι·

139 4860 215 4912 ontio
234 4860 265 4911 Ε.
