3256 5400
663 240 736 303 tus.
759 241 782 302 l.
825 239 884 302 ΕΙ).
906 239 937 301 9.
1423 241 1459 301 ¹7

140 414 289 482 „tantum
310 404 500 470 contendere
520 405 553 470 in
574 427 610 469 re
633 405 770 490 publiea,
793 414 942 492 quantum
967 403 1103 490 probare
1121 405 1183 470 tuis
1201 403 1322 470 civibus
1341 404 1461 491 possls;

141 500 206 565 vim
226 520 329 586 neque
343 499 465 584 parenti
484 520 543 563 nec
560 499 678 585 patriae
695 499 809 564 afferre
827 503 1004 585 oportere.”
1046 505 1147 586 Atque
1165 499 1243 563 bane
1264 497 1390 583 quidem
1409 496 1461 561 ille

140 614 267 658 causam
286 591 345 657 sibi
367 592 411 657 ait
430 614 494 659 non
514 593 709 676 attingendae
729 592 938 678 reipublicae
958 590 1071 666 fuisse,
1099 591 1184 680 quod
1209 637 1249 646 -
1270 612 1341 656 eum
1364 591 1461 656 offen·

141 686 238 752 disset
266 685 418 773 populum
446 686 665 751 Atheniensem
691 707 792 772 prope
818 687 879 751 iam
906 685 1110 770 desipientem
1138 693 1295 750 senectute
1328 705 1462 769 cunique

142 801 215 845 eum
236 800 295 844 nee
315 778 532 865 persuadendo
547 800 606 844 nec
625 780 766 864 cogendo
785 780 854 864 regi
871 800 964 866 posse
986 778 1117 843 vidisset
1130 817 1171 827 —
1187 799 1257 844 eum
1279 777 1486 863 persuaderis

142 893 235 959 posse
255 872 425 946 diffideret,
448 873 520 958 cogi
537 872 584 939 fas
601 894 670 938 esse
685 896 748 939 non
763 872 978 938 arbitraretur.
1021 877 1090 937 Mea
1105 872 1187 937 ratio
1201 871 1260 937 fuit
1274 871 1343 945 alia,
1367 870 1462 957 quod,

143 987 246 1052 neque
268 965 440 1052 desipiente
463 968 581 1053 populo
602 988 661 1032 nec
679 967 801 1051 integra
826 987 862 1030 re
885 966 961 1030 mihi
983 964 1022 1029 ad
1048 965 1291 1039 consulendum,
1321 984 1463 1051 capesse·

143 1081 252 1125 remae
266 1082 335 1125 rem
352 1060 525 1147 publicam,
547 1062 722 1147 implicatus
743 1059 882 1124 tenebar.
926 1059 988 1126 Sed
1003 1061 1133 1124 laetatus
1156 1069 1257 1124 tamen
1271 1081 1355 1131 sum,
1378 1057 1463 1145 quod

144 1153 221 1219 mibi
248 1153 358 1219 liceret
381 1155 414 1219 in
436 1154 545 1220 eadem
570 1175 662 1220 causa
683 1163 715 1219 et
742 1153 817 1218 mibi
845 1154 932 1219 utilia
956 1164 987 1218 et
1013 1153 1112 1218 cuivis
1132 1152 1217 1218 bono
1245 1162 1332 1218 recta
1358 1152 1463 1217 defen·

144 1246 231 1313 dere.
289 1251 359 1313 Huc
379 1249 509 1314 accessit
530 1247 802 1314 commemoranda
827 1247 978 1334 quaedam
1000 1256 1031 1312 et
1058 1247 1162 1312 divina
1192 1246 1331 1312 Caesaris
1353 1246 1387 1311 in
1415 1265 1464 1310 me
1477 1265 1503 1304 ιι

143 1340 336 1427 fratremque
353 1362 458 1406 meum
474 1340 659 1407 liberalitas:
682 1341 737 1427 qui
759 1341 851 1415 mihi,
874 1363 1075 1427 quascunque
1096 1362 1148 1405 res
1169 1349 1309 1425 gereret,
1332 1339 1465 1406 tuendus

145 1443 242 1512 esset;
265 1434 405 1518 nuncin
432 1444 516 1500 tanta
545 1436 691 1501 felicitate
720 1435 873 1521 tantisque
899 1435 1055 1508 victoriis,
1078 1434 1199 1500 etiamsi
1219 1435 1251 1499 in
1269 1454 1327 1498 nos
1351 1455 1414 1497 non
1438 1432 1466 1497 is

145 1535 245 1601 esset,
268 1528 322 1614 qui
341 1537 405 1601 est,
427 1537 530 1597 tamen
546 1528 704 1595 amandus
723 1527 892 1593 videretur.
937 1528 987 1593 Sic
1007 1528 1091 1592 enim
1110 1538 1140 1592 te
1163 1526 1342 1592 existimare
1357 1525 1464 1591 velim:

145 1641 216 1685 eum
242 1619 371 1686 avobis
393 1642 480 1687 meae
501 1622 607 1689 salutis
625 1621 806 1687 auctoribus
834 1621 1045 1695 discesserim,
1080 1621 1237 1685 neminem
1262 1640 1344 1693 esse,
1379 1618 1467 1685 cuius

145 1713 255 1781 officiis
276 1735 326 1778 me
349 1722 413 1779 tam
434 1736 504 1780 esse
527 1715 703 1781 devinctum
727 1737 790 1781 non
810 1714 912 1779 solum
935 1714 1104 1788 confitear,
1127 1714 1182 1778 sed
1197 1714 1290 1779 etiam
1305 1713 1466 1798 gaudeam.
1479 1732 1505 1771 rs

148 1811 196 1873 tt).
220 1806 314 1886 Quod
334 1808 484 1894 quoniam
502 1807 557 1874 tibi
576 1808 728 1895 exposui,
750 1806 850 1872 facilia
872 1818 944 1873 sunt
958 1827 1009 1882 ea,
1032 1829 1112 1893 quae
1132 1829 1150 1872 a
1169 1828 1219 1871 me
1240 1807 1280 1871 de
1294 1807 1418 1873 Vatinio
1437 1817 1468 1871 et

146 1900 185 1966 de
214 1904 328 1967 Crasso
355 1901 501 1988 requiris.
544 1907 620 1966 Nam
643 1900 684 1967 de
709 1901 810 1988 Appio
843 1901 929 1988 quod
962 1901 1071 1966 scribis
1100 1900 1191 1966 sicuti
1213 1900 1252 1965 de
1275 1904 1407 1967 Caesare
1438 1910 1467 1964 te

146 2016 209 2059 non
230 1993 480 2079 reprehendere,
512 1994 635 2080 gaudeo
665 1992 721 2060 tibi
747 1994 911 2061 consilium
940 1994 1070 2082 probari
1097 2015 1211 2059 meum.
1267 1998 1315 2058 De
1344 1992 1468 2060 Vatinio

146 2098 267 2162 autem,
301 2086 438 2173 primum
463 2088 583 2154 reditus
603 2087 822 2155 intercesserat
840 2088 873 2153 in
895 2088 1027 2174 gratiam
1055 2108 1113 2174 per
1136 2087 1335 2173 Pompeium,
1367 2085 1468 2150 statim

146 2191 180 2246 ut
202 2181 253 2246 ille
274 2189 404 2266 praetor
432 2190 479 2246 est
506 2181 621 2259 sactus;
654 2202 726 2249 cum
754 2181 882 2270 quidem
906 2201 966 2267 ego
986 2181 1053 2247 eius
1073 2180 1253 2268 petitionem
1278 2177 1506 2265 gravissimisso

147 2276 178 2340 in
200 2284 309 2341 senatu
325 2275 484 2341 sententiis
502 2296 749 2363 oppugnassem,
772 2296 876 2364 neque
895 2285 957 2342 tam
976 2275 1058 2341 illius
1077 2274 1220 2341 laedendi
1240 2294 1352 2347 eausa,
1374 2292 1469 2359 quam

147 2367 335 2435 defendendi
355 2378 448 2456 atque
467 2369 599 2435 ornandi
621 2370 756 2437 Catonis.
798 2373 873 2436 Post
892 2378 996 2435 autem
1018 2367 1176 2441 Caesaris,
1198 2377 1232 2431 ut
1253 2366 1342 2431 illum
1363 2364 1468 2429 delen·

147 2461 384 2537 derem,*mira
402 2463 560 2529 contentio
578 2474 626 2529 est
648 2472 825 2529 consecuta.
868 2467 931 2530 Cur
957 2473 1060 2528 autem
1085 2460 1252 2534 laudarim,
1284 2470 1394 2545 petoa
1420 2470 1468 2534 te,

147 2565 181 2622 ut
200 2555 277 2621 ida
305 2576 357 2621 me
383 2576 463 2622 neve
485 2556 519 2621 in
540 2556 600 2622 hoc
629 2578 689 2623 reo
714 2576 792 2621 neve
817 2555 850 2621 in
880 2556 949 2621 aliis
974 2555 1134 2643 requiras,
1165 2575 1205 2619 ne
1224 2552 1280 2619 tibi
1302 2574 1362 2639 ego
1385 2552 1469 2618 idem

147 2670 313 2736 reponam,
345 2670 417 2715 eum
442 2650 582 2716 veneris:
619 2649 743 2715 tametsi
761 2670 890 2735 possum
921 2650 972 2716 vel
1001 2648 1138 2726 absenti;
1175 2646 1345 2713 recordare
1368 2646 1507 2721 animno

147 2742 262 2830 quibus
283 2741 494 2808 laudationem
514 2763 556 2808 ex
573 2742 690 2814 ultimis
709 2743 802 2807 terris
820 2741 952 2807 miseris.
995 2747 1057 2806 Nec
1078 2741 1139 2806 boc
1157 2739 1374 2827 pertimuerim
1397 2760 1468 2803 nam

146 2857 165 2900 a
187 2857 237 2901 me
264 2835 335 2921 ipso
353 2835 520 2902 laudantur
542 2845 574 2901 et
592 2835 802 2903 laudabuntur
826 2836 933 2901 iidem.
983 2834 1045 2900 Sed
1065 2844 1170 2899 tamen
1201 2831 1388 2899 defendendi
1409 2838 1468 2899 Va·

148 2928 216 2994 tinii
233 2929 294 2995 fuit
322 2930 417 2995 etiam
434 2930 486 2996 ille
506 2929 665 3005 stimulus,
688 2929 727 2995 da
750 2950 814 3018 quo
834 2931 867 2995 in
889 2928 1023 3003 iudicio,
1045 2948 1117 2994 eum
1140 2927 1228 2993 illum
1247 2925 1468 3000 defenderem,

148 3020 213 3087 dixi
235 3043 285 3088 me
306 3022 411 3088 facere
433 3022 600 3110 quiddam,
622 3023 708 3111 quod
729 3024 762 3088 in
783 3023 935 3089 Eunucho
956 3022 1110 3108 parasitus
1132 3021 1277 3087 suaderet
1299 3018 1404 3085 militi:

320 3163 374 3226 Ubi
393 3164 559 3226 nominabit
578 3164 775 3238 Phaedriam,
797 3173 831 3226 ta
851 3165 1040 3246 Pamphilam
1479 3183 1507 3224 ιι

316 3257 472 3321 Continuo.
515 3258 690 3339 Siquando
712 3258 767 3319 ilia
787 3258 880 3329 dicet,
903 3259 1085 3321 Phaedriam
1106 3260 1161 3319 in-

316 3351 519 3413 tramittamm
539 3352 750 3421 comissatum·
772 3359 822 3422 tu,
844 3352 1034 3433 Pamphilam

318 3444 478 3507 Comatam
493 3464 705 3526 provocemm:
726 3446 754 3506 si
774 3445 908 3507 laudabit
929 3446 1001 3508 baec

315 3538 404 3600 Illim
421 3539 572 3620 [orniamr
593 3548 626 3600 tu
647 3539 737 3601 baina
758 3549 880 3609 eontra;
901 3538 1024 3620 denique

318 3633 383 3694 Par
397 3652 458 3713 pro
476 3633 552 3713 pari
572 3633 699 3714 referto,
721 3633 799 3714 qaod
819 3653 885 3695 eam
905 3633 1048 3695 mordeat.
1480 3652 1507 3692 m

150 3770 200 3836 Sic
217 3769 353 3857 petisia
379 3770 553 3846 iudicibus,
585 3779 637 3846 nt,
670 3770 819 3859 quoniam
848 3771 973 3857 quidam
996 3769 1116 3836 nobiles
1138 3770 1279 3837 homines
1307 3782 1338 3838 et
1358 3771 1398 3836 de
1418 3792 1469 3836 me

149 3865 267 3951 optime
299 3863 404 3929 meriti
429 3863 522 3930 nimis
536 3877 688 3931 'amarent
714 3862 875 3929 inimicum
904 3884 1008 3929 meum
1030 3886 1142 3952 meque
1162 3865 1353 3952 inspectante
1375 3884 1468 3949 saepe

150 3960 274 4023 eumin
295 3969 404 4023 senatu
431 3957 527 4023 modo
557 3978 666 4023 severe
692 3956 893 4031 seducerent,
916 3956 1011 4022 modo
1036 3958 1230 4024 familiariter
1252 3969 1345 4047 atque
1371 3959 1468 4023 hilare

151 4051 417 4136 amplexarentur,
440 4051 650 4139 quoniamque
667 4051 713 4117 illi
728 4049 877 4116 baberent
896 4073 987 4116 suum
1005 4050 1165 4126 Publium,
1188 4052 1297 4118 darent
1319 4051 1467 4141 mihiipsi

150 4144 245 4209 alium
274 4143 435 4218 Publium,
467 4143 499 4208 in
527 4166 592 4230 quo
617 4165 743 4231 possem
774 4144 900 4209 illorum
929 4144 1049 4209 animos
1075 4144 1274 4212 mediocriter
1307 4147 1505 4213 lacessitnsm

150 4237 260 4303 leviter
282 4257 469 4323 repungere.
511 4242 618 4324 Neque
637 4239 738 4303 solum
756 4235 836 4310 dixi,
864 4236 919 4302 sed
937 4236 1029 4303 etiam
1055 4259 1149 4324 saepe
1170 4238 1268 4315 facio,
1291 4241 1349 4306 diis
1366 4241 1467 4307 bomi-

150 4330 305 4419 nibusque
331 4329 586 4417 approbantibus.
635 4335 687 4395 20.
716 4329 819 4396 Habes
848 4330 887 4395 de
917 4330 1060 4407 Vatinio,
1096 4353 1250 4419 cognosce
1278 4334 1317 4399 de
1346 4341 1467 4401 Crasso.

150 4429 233 4511 Ego,
256 4447 327 4492 cum
348 4424 425 4489 mibi
445 4445 517 4489 cum
542 4425 597 4489 illo
616 4444 727 4509 magna
748 4424 810 4489 iam
832 4423 930 4509 gratia
952 4434 1050 4499 esset,
1072 4427 1204 4514 quod
1175 4449 1243 4493 erus
1265 4450 1374 4493 omnes
1397 4450 1468 4513 gra·

152 4518 291 4584 vissimas
311 4517 441 4584 iniurias
458 4518 632 4584 communis
646 4516 833 4584 concordiae
849 4539 941 4583 causa
959 4518 1134 4584 voluntaria
1155 4520 1289 4607 quadam
1311 4520 1469 4586 oblivione

219 4690 247 4741 ἓ.
270 4704 316 4741 nee
331 4693 437 4754 patriae
453 4692 499 4744 Mt
528 4705 608 4757 neque
630 4695 739 4756 patriae
764 4693 795 4743 ll.
824 4718 856 4728 -
886 4695 979 4759 afferre
999 4693 1046 4744 M:
1067 4695 1158 4759 afferri
1176 4695 1197 4743 E
1216 4696 1244 4752 (a
1266 4696 1325 4744 eod.
1346 4695 1467 4754 (lueth),

152 4759 242 4825 offerre
255 4760 321 4811 Cod.
335 4761 408 4825 Llps.
421 4786 452 4798 -
470 4763 497 4813 ’1.
516 4776 561 4812 nse
579 4763 624 4813 ld:
643 4777 723 4826 nsque
733 4762 763 4812 a.
776 4786 806 4798 -
828 4762 870 4812 18.
890 4764 938 4813 ttts'
955 4764 1090 4813 emittam
1108 4762 1152 4813 M:
1172 4765 1308 4814 constitum
1325 4766 1374 4814 rita·
1393 4765 1424 4815 a.
1435 4791 1467 4801 -

152 4827 196 4878 ft.
213 4844 294 4894 neque
311 4858 327 4870 -
344 4846 452 4896 meque
469 4832 617 4884 Ernesttua.
640 4858 669 4870 -
706 4834 750 4883 Ὦ.
778 4830 912 4896 quiddam]
940 4835 1007 4882 Mem
1023 4833 1182 4884 Lambinus.
1203 4856 1233 4870 -
1270 4835 1314 4883 35.
1341 4837 1395 4885 Par
1416 4849 1468 4899 pro

150 4897 283 4962 pantu)
308 4901 348 4950 lt:
380 4901 435 4952 Par
459 4905 522 4965 pan·
545 4902 575 4953 E.

236 4997 310 5039 cam
325 4995 348 5037 r.
364 4998 397 5039 m.
1239 4972 1258 5036 2
