3256 5400
175 212 239 275 770
682 204 742 267 ΕΡ.
762 203 816 266 ΑΙ)
837 201 996 267 BRUTUM

175 369 245 455 ipse
265 387 361 453 puer,
388 385 482 453 quem
504 359 644 428 Caesaris
666 379 781 425 nomen
802 360 931 424 incitare
953 358 1078 425 videtur
1104 358 1137 423 in
1160 357 1302 425 Caesaris
1324 354 1512 423 interlecto-

175 483 245 536 res,
275 459 384 548 qnanti
411 455 568 530 aestimet,
605 453 633 518 si
659 453 700 518 sit
726 452 917 518 commercio
944 452 1049 527 locus,
1084 472 1177 538 posse
1204 448 1296 518 nobis
1322 448 1509 517 auctoribus

176 563 314 626 tantum,
343 559 491 637 quantum
522 546 665 635 prolecto
687 546 819 632 poterit,
848 546 996 633 quoniam
1024 546 1132 610 vivere
1158 553 1190 611 et
1210 544 1359 632 pecunias
1387 542 1509 609 babere

176 656 209 714 et
230 646 292 713 dici
312 644 491 711 consulares
512 641 673 707 volumusl
707 643 852 706 Ceterum
873 641 1081 726 nequicquam
1103 639 1234 724 perierit
1254 639 1323 717 ille;
1346 637 1437 704 cuius
1458 639 1509 702 in-

154 742 274 821 ,terim
294 737 370 824 qnid
391 735 491 822 gavisi
512 756 634 807 sumus,
657 733 685 798 si
698 743 826 800 mortuo
841 733 938 799 nihilo
959 734 1063 799 minus
1085 733 1234 798 servituri
1255 753 1399 806 eramus,
1421 730 1510 795 nulla

177 856 253 902 cura
268 831 456 899 adhibetur?
478 829 540 894 Sed
561 827 638 892 mibi
658 827 747 914 prius
770 828 874 894 omnia
895 827 941 892 dii
962 827 1101 912 deaeque
1122 827 1297 913 eripuerint
1318 847 1413 913 quam
1429 823 1510 891 illud

176 928 345 999 iudicium,
374 943 439 1011 quo
467 944 530 988 non
552 921 648 987 modo
676 921 785 987 beredi
810 922 894 997 eius,
925 943 1019 1008 quem
1040 919 1158 995 occidi,
1186 942 1249 987 non
1277 919 1510 994 concesserim,

176 1020 264 1110 quod
290 1019 399 1084 inille
428 1038 491 1082 non
513 1016 585 1090 tuli,
613 1015 669 1081 sed
690 1037 729 1080 ue
752 1016 835 1102 patri
856 1015 983 1103 quidem
1006 1036 1094 1088 meo,
1126 1015 1154 1081 si
1175 1015 1365 1089 revivescat,
1395 1023 1432 1080 ut
1455 1033 1512 1099 pa-

177 1122 274 1182 tiente
294 1134 345 1179 me
366 1112 437 1198 plus
458 1108 580 1194 legibus
602 1131 638 1174 ac
652 1120 762 1176 senatu
784 1111 892 1197 possit.
927 1117 974 1175 An
989 1109 1049 1175 boc
1071 1107 1127 1173 tibi
1148 1130 1333 1194 persuasum
1348 1118 1412 1182 est,
1435 1106 1510 1172 lore

144 1217 302 1288 ,oeeteros
328 1204 431 1271 abeo
459 1201 593 1278 liberos,
623 1225 687 1289 quo
708 1204 806 1268 invito
829 1203 919 1269 uobis
947 1204 980 1268 in
1007 1204 1066 1268 ista
1088 1203 1213 1268 civitate
1239 1203 1327 1268 locus
1354 1223 1419 1268 non
1447 1200 1509 1266 sita

180 1302 244 1380 Qui
264 1318 364 1387 porro
384 1297 436 1372 id,
465 1296 550 1384 quod
573 1298 668 1382 petis,
691 1296 760 1362 fieri
781 1307 899 1382 potest,
922 1307 956 1362 ut
977 1297 1146 1382 impetres?
1183 1302 1286 1382 Rogas
1306 1296 1407 1370 enim,
1431 1294 1513 1360 velit

176 1416 235 1463 uos
256 1394 360 1459 salvos
381 1411 460 1460 esse.
504 1389 656 1457 videmur
677 1412 754 1476 ergo
776 1390 833 1457 tibi
855 1391 985 1456 salutem
1008 1390 1181 1476 accepturi,
1208 1411 1280 1455 eum
1301 1391 1396 1456 vitam
1419 1409 1513 1453 acee-

175 1488 337 1575 perimus?
368 1505 479 1572 quam
508 1483 536 1548 si
558 1484 646 1570 prius
668 1483 852 1550 dimittimus
879 1484 1059 1569 dignitatem
1083 1493 1115 1551 et
1135 1482 1328 1561 libertatem,
1355 1482 1413 1570 qui
1434 1502 1513 1568 pos·

177 1603 286 1647 sumus
315 1579 478 1665 acciperet
514 1582 544 1646 6.
572 1583 620 1644 An
648 1587 682 1643 tu
703 1583 821 1644 Romae
844 1577 999 1650 babitare,
1029 1577 1061 1644 id
1082 1587 1174 1664 putas
1196 1598 1265 1643 esse
1293 1577 1512 1644 incolumem?

142 1715 166 1756 ,5
177 1679 252 1749 Res,
280 1694 344 1739 non
358 1673 446 1738 loeus
460 1679 586 1756 oportet
606 1681 743 1756 praestet
764 1672 845 1737 istuc
859 1672 946 1738 mibi.
982 1677 1089 1758 Neque
1103 1671 1270 1739 incolumis
1285 1675 1419 1738 Caesare
1433 1668 1513 1734 vivo

177 1769 239 1844 lui,
264 1767 324 1832 nisi
346 1776 511 1852 postquam
532 1763 609 1829 illud
631 1765 769 1830 conscivi
790 1765 923 1843 lacinus;
952 1787 1055 1852 neque
1076 1787 1209 1851 nsquam
1231 1766 1321 1831 exsul
1341 1786 1412 1831 esse
1435 1782 1515 1849 pos·

178 1882 263 1935 sum,
294 1859 370 1925 dum
391 1858 510 1924 servire
531 1866 563 1922 et
584 1859 648 1943 pati
669 1859 872 1925 contumelias
900 1859 992 1945 peius
1013 1859 1113 1925 odero
1137 1859 1227 1925 malis
1255 1857 1403 1926 omnibus
1425 1855 1511 1945 aliis.

176 1961 286 2022 Nonne
306 1953 368 2019 boe
389 1954 488 2017 estin
510 1951 636 2016 easdem
657 1951 801 2018 tenebras
822 1952 993 2019 recidisset
1021 1951 1069 2020 Ab
1091 1973 1146 2026 eo,
1169 1957 1223 2041 qui
1245 1953 1368 2041 tyranni
1389 1970 1514 2017 nomen

177 2047 286 2114 ascivit
306 2045 382 2120 sibi,
411 2066 484 2111 eum
511 2045 545 2110 in
567 2046 694 2112 Graecis
715 2046 893 2113 civitatibus
915 2047 1008 2113 liberi
1029 2056 1234 2134 tyrannorum
1262 2046 1424 2133 oppressis
1445 2043 1513 2110 illis

139 2142 290 2220 meodem
311 2139 465 2226 supplicio
487 2139 675 2215 afficiantur,
697 2141 831 2227 petitur,
854 2153 889 2208 ut
903 2141 1043 2207 vindices
1064 2150 1158 2225 atque
1175 2160 1383 2227 oppressores
1405 2138 1515 2204 domi·

177 2235 311 2301 nationis
331 2233 408 2311 salvi
429 2233 512 2299 siut?
547 2237 635 2299 Hanc
663 2254 723 2319 ego
745 2235 901 2301 civitatem
929 2235 1038 2301 videre
1059 2234 1154 2300 velim
1181 2247 1235 2300 aut
1255 2242 1364 2320 putem
1393 2232 1512 2305 ullam,

177 2350 258 2415 quae
285 2349 325 2393 ne
353 2326 497 2393 traditam
525 2328 652 2413 quidem
680 2340 773 2414 atque
801 2330 985 2395 inculcatam
1014 2328 1189 2395 libertatem
1218 2333 1362 2414 recipere
1384 2326 1512 2413 possit?

176 2423 310 2508 plusque
339 2422 446 2488 timeat
473 2421 505 2486 iu
527 2442 629 2507 puero
651 2443 765 2488 nomen
787 2422 901 2489 sublati
921 2423 1022 2509 regis,
1055 2444 1149 2509 quam
1171 2420 1307 2488 conlidat
1327 2421 1407 2496 sibi,
1436 2440 1512 2485 cum

176 2517 265 2582 illum
292 2517 411 2603 ipsum,
441 2515 496 2600 qui
523 2516 676 2582 maximas
704 2536 781 2602 opes
810 2517 970 2590 babuerit,
1003 2536 1177 2603 paucorum
1205 2515 1320 2582 virtute
1347 2513 1511 2581 sublatum

139 2609 302 2690 quidest?
337 2614 388 2676 ltle
409 2629 487 2675 vero
508 2610 699 2696 posthacne
715 2608 990 2676 ¹commendaveris
1012 2609 1140 2676 Caesari
1161 2618 1231 2688 tuo;
1261 2631 1301 2675 ne
1323 2619 1354 2675 te
1376 2607 1511 2695 quidem

176 2704 295 2791 ipsum,
323 2705 428 2770 sime
457 2704 576 2768 audies.
619 2705 717 2771 Valde
746 2727 818 2771 care
839 2706 984 2771 aestimas
1006 2715 1053 2772 tot
1082 2725 1199 2779 annos,
1228 2713 1306 2789 quot
1335 2704 1395 2769 ista
1422 2711 1513 2767 aetas

177 2798 304 2885 recipit,
334 2798 362 2863 si
383 2806 514 2882 propter
542 2818 611 2862 eam
633 2819 758 2863 causam
779 2820 881 2885 puero
910 2800 963 2865 isti
984 2800 1215 2886 supplicaturus
1238 2819 1281 2864 es.
1322 2802 1354 2863 7.
1383 2795 1512 2862 Deinde

178 2892 264 2979 quod
284 2892 496 2979 pulcherrime
517 2891 617 2956 iecisti
639 2913 675 2956 ac
690 2891 765 2958 lacis
787 2894 819 2957 iu
834 2894 990 2969 Antonio,
1012 2895 1085 2960 vide
1104 2915 1143 2959 ue
1158 2901 1359 2959 eonvertatur
1380 2889 1512 2955 alaude

178 2986 309 3051 maximi
330 2984 425 3050 animi
447 2985 486 3049 ad
509 2986 688 3071 opinionem
711 2986 901 3057 formidinis.
940 2991 1018 3053 Nam
1041 2988 1068 3052 si
1091 2987 1238 3053 Octavius
1262 2985 1318 3051 tibi
1340 2985 1462 3072 placet,
1493 3003 1513 3047 a

141 3102 243 3168 usquo
265 3079 304 3145 de
323 3091 429 3144 nostra
452 3078 551 3143 salute
573 3081 741 3165 petendum
757 3086 813 3155 sit,
836 3103 901 3146 non
922 3080 1083 3147 dominum
1105 3081 1222 3166 legisse
1244 3079 1300 3146 sed
1320 3077 1513 3143 amiciorem

178 3171 339 3239 dominum
369 3172 529 3257 quaesisse
557 3173 726 3241 videberis.
770 3177 871 3252 Quem
901 3176 986 3262 quod
1009 3175 1115 3240 laudas
1144 3173 1186 3242 ob
1216 3195 1270 3247 ea,
1299 3192 1381 3259 quae
1403 3169 1514 3236 adhuc

177 3266 271 3350 lecit,¹
290 3266 383 3352 plane
403 3265 523 3352 probo3
553 3276 625 3332 sunt
647 3268 730 3333 enim
753 3269 923 3343 laudanda,
945 3269 972 3333 si
994 3269 1089 3334 modo
1111 3278 1219 3333 contra
1241 3267 1372 3333 alienam
1393 3272 1512 3351 poten-

177 3361 270 3435 tiam,
300 3381 362 3426 nou
390 3381 450 3445 pro
472 3381 527 3427 sua
550 3364 687 3448 suscepit
707 3383 761 3426 eas
781 3363 932 3427 actiones.
975 3366 1051 3428 Cum
1073 3383 1152 3429 vero
1173 3361 1292 3428 iudicas
1318 3369 1439 3424 tantum
1460 3355 1514 3422 illi

178 3474 243 3519 non
263 3453 360 3518 modo
381 3454 476 3519 licere
498 3454 554 3520 sed
576 3455 672 3520 etiam
693 3476 710 3519 a
733 3464 764 3520 te
785 3455 855 3540 ipso
876 3454 1077 3522 tribuendum
1099 3477 1184 3530 esse,
1211 3465 1246 3521 ut
1267 3452 1427 3539 rogandus
1449 3450 1512 3523 sit.

143 3568 219 3620 „ue
248 3547 325 3612 nolit
352 3568 420 3612 esse
447 3568 505 3613 nos
527 3549 646 3624 salvos,
675 3549 807 3614 nimium
829 3569 973 3634 magnam
1002 3550 1180 3616 mercedem
1206 3547 1333 3624 statuis;
1363 3544 1396 3610 id
1423 3544 1514 3609 enim

180 3640 282 3726 ipsum
304 3640 348 3705 illi
371 3640 511 3724 largiris,
534 3641 619 3727 quod
641 3663 699 3728 per
720 3642 807 3707 illum
829 3641 947 3708 habere
970 3642 1135 3709 videbatur
1156 3663 1208 3708 res
1229 3639 1366 3728 publiea.
1397 3641 1513 3722 Neque

180 3733 240 3798 boc
267 3731 323 3797 tibi
350 3733 382 3797 in
409 3742 544 3799 mentem
572 3736 671 3810 venit,
701 3734 727 3800 si
751 3736 899 3801 Octavius
921 3738 993 3803 ullis
1015 3736 1126 3821 dignus
1148 3736 1188 3803 sit
1209 3731 1400 3805 bonoribus,
1432 3731 1512 3816 quia

181 3849 252 3892 cum
274 3826 410 3891 Antonio
432 3825 547 3892 bellum
570 3840 673 3912 gerat,
697 3829 751 3901 iis,
783 3818 936 3914 qui'illud
957 3830 1073 3896 malum
1096 3828 1287 3901 exciderint,
1316 3825 1405 3892 cuius
1427 3823 1512 3890 istae

182 3919 332 4005 reliquiae
354 3928 442 3996 sunt,
465 3920 557 3996 nihil,
580 3942 644 4006 quo
661 3921 783 4007 expleri
805 3923 903 4007 possit
924 3945 1035 3989 eorum
1050 3924 1211 3999 meritum,
1235 3920 1427 3986 tributurum
1447 3939 1512 3982 un·

145 4046 172 4089 ω
183 4034 276 4100 quam
290 4013 440 4099 populum
455 4019 644 4089 Romanum,
667 4018 692 4078 si
709 4016 814 4080 omnia
827 4017 919 4084 simul
933 4018 1135 4103 congesserit.
1172 4021 1202 4083 8.
1223 4014 1368 4087 hovida,
1384 4023 1508 4098 quanto

183 4108 359 4192 diligentius
387 4107 529 4172 homines
551 4115 708 4182 metuant,
738 4129 830 4193 quam
853 4111 1060 4177 meminerint.
1109 4108 1216 4196 [Quia]
1239 4108 1391 4174 Antonius
1421 4104 1510 4169 vivat

182 4210 275 4286 atque
297 4200 329 4264 in
351 4200 445 4266 armis
467 4202 522 4266 sitl
542 4205 590 4266 Dc
613 4205 744 4267 Caesare
766 4224 858 4278 vero,
881 4204 967 4291 quod
988 4204 1056 4270 fieri
1078 4204 1180 4292 potuit
1201 4223 1236 4267 ac
1257 4199 1381 4274 debuit,
1404 4208 1510 4262 trans·

251 4345 278 4395 2.
307 4345 437 4394 existimet
458 4344 480 4393 1.
509 4371 542 4381 -
578 4346 604 4395 d.
633 4359 700 4396 euru
718 4346 856 4399 adhibetur
879 4349 918 4398 Vb
937 4349 976 4414 (et
994 4348 1047 4406 Mt:
1075 4363 1140 4400 caeru
1157 4348 1191 4399 ub
1210 4348 1271 4396 otiis
1287 4344 1430 4395 adhibetur
1454 4341 1508 4400 111,

183 4429 250 4463 euru
268 4414 302 4463 ab
321 4414 383 4462 altis
400 4414 560 4465 adhibeatur
584 4416 615 4465 u.
644 4442 676 4452 -
713 4416 829 4480 deaeque
848 4431 937 4469 omues
955 4422 1020 4482 erip.
1045 4421 1091 4470 lll.
1123 4444 1152 4456 -
1190 4418 1216 4467 8.
1241 4418 1385 4465 revivescat
1410 4412 1450 4461 Vb
1470 4417 1509 4466 tet

182 4482 238 4549 ht):
260 4485 400 4534 reutotreat
419 4484 485 4534 utu.
505 4511 536 4521 -
564 4487 609 4535 1³.
628 4485 795 4537 demittantur
813 4488 835 4538 1.
854 4513 889 4522 —
916 4491 958 4540 11.
978 4503 1031 4541 este
1047 4490 1200 4540 ineolumem
1216 4486 1260 4536 bl:
1279 4485 1434 4535 tuentumem
1453 4494 1509 4533 em

183 4555 252 4606 htss.
273 4581 302 4591 -
341 4555 384 4604 15.
405 4554 517 4604 caesore
533 4557 594 4605 uteo
612 4554 654 4616 fut
670 4555 735 4607 Mn:
755 4556 797 4619 fut
815 4558 925 4610 Caesare
940 4562 1002 4611 uteo
1020 4560 1064 4610 llt.
1086 4585 1117 4596 -
1154 4560 1198 4608 17.
1215 4553 1304 4619 petus]
1321 4556 1399 4617 prius
1417 4553 1450 4603 ll.
1472 4577 1508 4587 -

183 4621 275 4688 uduo]
294 4625 394 4674 duxero
413 4637 467 4685 mg.
488 4623 525 4673 Μ.
546 4650 574 4661 -
613 4625 657 4675 18.
676 4627 816 4678 recidisse?
835 4629 868 4679 ab
887 4643 916 4679 eo
934 4644 998 4682 nos:
1019 4629 1158 4681 recidisse?
1176 4628 1214 4676 Ab
1232 4639 1262 4678 eo
1280 4626 1345 4684 httt,
1368 4623 1507 4678 recidisse.

182 4708 240 4745 eum
257 4695 291 4746 ab
308 4709 338 4745 eo
356 4695 401 4744 llt.
420 4715 453 4731 ·-
483 4694 527 4742 2¹.
546 4694 621 4742 tham
639 4696 670 4745 u.
692 4721 722 4732 -
751 4698 795 4748 16.
816 4700 950 4748 existimus
968 4702 1005 4752 ht.
1025 4724 1058 4736 -
1088 4699 1131 4750 28.
1151 4696 1193 4761 ce]
1214 4704 1239 4746 et
1257 4697 1279 4746 Ι.
1299 4720 1330 4731 -
1358 4694 1509 4742 Antonium

184 4767 252 4816 1.-
283 4765 334 4884 110.
350 4764 451 4826 populo
468 4763 588 4814 Romano
607 4765 629 4815 l.
650 4791 679 4801 -
718 4765 755 4818 de
772 4768 840 4818 MR:
859 4768 894 4817 ,tt
913 4760 956 4822 lE.
981 4794 1007 4806 -
1039 4770 1084 4821 11.
1104 4769 1173 4834 Qule
1191 4767 1300 4818 seclusit
1319 4764 1455 4825 Orethus,
1477 4769 1509 4814 ut

182 4837 217 4886 sit
234 4849 281 4886 ese
294 4836 402 4885 amatio.
