3256 5400
186 212 249 275 att
634 211 694 274 aa.
715 210 767 272 hl)
791 209 1036 284 (1111111111

185 366 309 442 tuebas‚
330 367 448 432 addere
466 386 474 443 ;
504 386 690 453 quamquam
719 386 756 430 ea
778 363 871 438 villa,
897 384 977 450 quae
998 382 1085 428 nunc*
1101 374 1164 439 est,
1187 374 1343 451 tamquam
1366 365 1502 452 philoso

184 463 245 549 pha
274 461 397 527 videtur
423 481 509 533 esse,
539 480 618 545 qnae
639 457 785 545 obiurget
805 468 979 523 ceterarum
1002 457 1146 522 villarum
1167 457 1328 524 insaniam.
1370 467 1504 526 Verum-

184 567 287 624 tamen
315 555 391 620 illud
418 554 556 621 additum
578 551 751 618 delectabit.
795 550 975 637 Topiarium
997 550 1137 627 laudavi3
1160 551 1202 616 ita
1223 553 1328 617 omnia
1350 555 1504 620 convesti-

185 655 230 714 vit
250 649 381 722 hedera,
404 670 465 735 qua
480 647 578 713 basim
593 638 699 722 villae,
721 668 783 733 qua
804 644 1042 709 intercolumnia
1056 643 1290 720 ambulationis,
1312 657 1348 714 ut
1368 647 1503 734 denique

162 741 230 807 silli
249 742 366 829 palliati
386 742 551 828 topiariam
572 739 677 805 iacere
698 739 863 804 videantur
883 747 914 803 et
935 737 1083 803 hederam
1104 738 1251 805 vendere.
1292 746 1357 806 lam
1379 746 1503 808 deodv-

184 848 281 919 τηρίῳ
309 836 386 902 nihil
411 836 525 910 alsius,
562 834 637 900 nihil
663 833 846 899 muscosius.
903 837 931 901 6.
961 831 1064 897 Habes
1094 832 1160 896 lere
1190 832 1229 897 de
1250 832 1346 900 rebus
1367 835 1502 901 rusticis.

184 928 338 995 Urbanam
360 930 581 1016 expolitionem
604 937 695 1012 urget
716 927 798 992 illam
820 926 945 1013 quidem
967 938 998 992 et
1018 927 1200 992 Philotimus
1221 936 1252 992 et
1273 928 1414 1003 Cincius,
1447 928 1503 994 sed

184 1023 276 1088 etiam
299 1024 365 1110 ipse
388 1023 501 1089 crebro
523 1022 691 1096 interviso,
724 1020 809 1107 quod
838 1031 885 1086 est
914 1021 1003 1086 lacile
1031 1021 1123 1086 iactu.
1172 1022 1385 1099 Quamobrem
1413 1044 1448 1088 ea
1472 1033 1503 1088 te

184 1138 259 1182 cura
280 1117 444 1182 liberatum
463 1117 544 1181 volo.

145 1224 175 1263 ,so
268 1215 321 1275 ill.
354 1216 384 1276 7.
405 1216 451 1276 De
474 1212 624 1276 Cicerone
646 1208 731 1295 quod
752 1229 802 1272 me
823 1229 947 1294 semper
967 1230 1082 1294 rogas,
1107 1208 1237 1293 ignosco
1259 1211 1404 1296 equidem
1427 1212 1501 1286 tibi,

183 1303 239 1368 sed
266 1314 300 1368 tu
322 1326 447 1391 quoque
474 1303 551 1369 mihi
583 1303 676 1368 velim
698 1302 850 1387 ignoscas.
904 1308 971 1367 Non
999 1303 1082 1368 enim
1104 1303 1243 1368 concedo
1265 1304 1342 1380 tibi,
1376 1307 1446 1392 plus
1468 1318 1503 1374 ut

183 1397 270 1462 illum
298 1419 398 1474 ames,
435 1419 528 1484 quam
559 1397 626 1483 ipse
654 1416 735 1460 amo.
793 1402 893 1481 Atque
922 1396 1041 1461 utinam
1069 1396 1118 1461 his
1144 1396 1255 1463 diebus
1283 1399 1316 1463 in
1343 1400 1501 1485 Arpinati,

183 1491 269 1576 quod
301 1500 341 1555 et·
362 1492 429 1577 ipse
452 1491 597 1576 cupierat
623 1499 655 1555 et
683 1510 742 1574 ego
773 1510 837 1554 non
863 1489 986 1563 minus,
1020 1511 1140 1559 mecum
1168 1491 1295 1556 fuisset!
1341 1492 1434 1569 Quod
1462 1493 1502 1558 ad

183 1588 407 1671 Pomponiam:
440 1586 465 1650 si
488 1584 544 1649 tibi
566 1584 708 1659 videtur,
743 1581 861 1648 scribas
883 1584 993 1661 velim;
1022 1605 1093 1649 cum
1115 1584 1221 1668 aliquo
1242 1585 1417 1660 exibimus,
1451 1597 1502 1653 eat

150 1678 346 1743 ¹⁵nobiscum
368 1699 561 1763 puerumque
583 1678 684 1743 ducat.
726 1677 884 1743 Clamores
906 1678 1053 1751 efficiam,
1076 1682 1102 1742 si
1123 1700 1194 1743 eum
1216 1700 1337 1760 specum
1360 1680 1501 1746 habuero

183 1771 312 1836 otiosus.
356 1776 432 1835 Nam
454 1778 570 1837 Romae
591 1771 765 1857 respirandi
788 1791 850 1836 non
872 1781 918 1834 est
943 1770 1041 1835 locus.
1084 1771 1118 1836 ld
1140 1793 1191 1836 me
1212 1773 1272 1838 scis
1294 1784 1382 1840 antea
1404 1777 1500 1860 gratis

184 1863 240 1929 tibi
270 1886 337 1929 esse
359 1866 539 1950 pollicitum.
588 1864 672 1943 Quid
694 1886 775 1929 nunc
796 1873 901 1950 putas,
930 1875 1012 1930 tanta
1034 1864 1111 1929 mihi
1132 1863 1188 1930 abs
1209 1874 1239 1929 te
1261 1869 1405 1933 mercede
1427 1890 1501 1953 pro-

182 1959 303 2043 posita?
346 1962 375 2023 8.
398 1960 498 2024 Venio
520 1981 601 2024 nunc
623 1958 662 2023 ad
683 1968 751 2023 tuas
773 1959 906 2034 litteras;
936 1980 1013 2042 quas
1042 1958 1184 2045 pluribus
1210 1961 1349 2044 epistolis
1377 1963 1498 2048 accepi,

182 2051 257 2116 dum
286 2074 356 2116 sum
385 2052 418 2116 in
447 2053 597 2138 Arpinati.
653 2058 729 2116 Nam
751 2051 827 2116 mihi
848 2073 913 2117 uno
935 2051 985 2116 die
1007 2062 1070 2117 tres
1091 2061 1163 2117 sunt
1187 2053 1345 2126 redditae,
1379 2063 1411 2120 et
1432 2057 1500 2142 qui-

145 2157 173 2191 ²⁰
183 2145 270 2221 dem,
299 2155 334 2211 ut
360 2145 561 2222 videbantur,
592 2146 704 2211 eodem
733 2144 787 2211 abs
815 2156 846 2211 te
874 2145 962 2210 datae
983 2157 1144 2231 tempore;
1176 2168 1238 2212 una
1263 2146 1408 2233 pluribus
1429 2171 1499 2213 ver-

181 2239 247 2314 bis,
274 2240 389 2325 inqua
412 2241 548 2327 primum
576 2252 657 2316 erat,
687 2240 772 2327 quod
800 2239 958 2326 antiquior
984 2239 1051 2304 dies
1079 2239 1112 2304 in
1134 2245 1194 2305 tuis
1214 2239 1324 2306 luisset
1344 2243 1497 2329 adscripta

180 2333 293 2399 litteris
328 2355 421 2419 quam
455 2335 488 2399 in
520 2334 669 2402 Caesaris.
726 2334 761 2399 ld
792 2333 865 2398 iacit
896 2333 1015 2419 Oppius
1045 2354 1265 2419 nonnunquam
1298 2338 1497 2412 necessario,

180 2438 236 2502 ut,
270 2449 341 2492 cum
369 2428 545 2493 tabellarios
572 2429 768 2497 constituerit
794 2428 919 2493 mittere
950 2427 1132 2512 litterasque
1159 2449 1177 2492 a
1203 2427 1292 2493 nobis
1326 2432 1496 2517 acceperit,

181 2521 283 2607 aliqua
305 2542 341 2585 re
363 2543 443 2587 nova
465 2522 652 2608 impediatur
673 2533 704 2588 et
724 2521 901 2586 necessario
923 2521 1039 2596 serius,
1069 2542 1162 2607 quam
1183 2523 1400 2598 constituerat,
1428 2525 1499 2590 mit·

144 2633 173 2674 ²³
182 2625 242 2689 tat,
272 2636 374 2700 neque
403 2636 460 2678 nos
487 2614 564 2681 datis
593 2616 655 2680 iam
684 2615 823 2701 epistolis
851 2614 933 2679 diem
956 2616 1139 2679 commutari
1166 2637 1321 2683 curemus.
1364 2623 1394 2682 9.
1417 2619 1498 2684 Scri·

181 2708 230 2773 bis
257 2708 295 2772 de
318 2709 457 2774 Caesaris
486 2730 609 2773 summo
637 2709 670 2773 in
692 2730 750 2774 nos
772 2730 890 2773 amore.
938 2711 1027 2772 Hunc
1049 2718 1081 2772 et
1101 2718 1134 2774 tu
1156 2708 1277 2775 fovebis
1299 2721 1330 2776 et
1351 2732 1409 2776 nos
1430 2712 1498 2796 qui·

180 2801 363 2888 buscunque
385 2801 556 2887 poterimus
577 2801 671 2868 rebus
688 2801 880 2886 augebimus.
924 2806 969 2866 De
991 2803 1155 2887 Pompeio,
1178 2813 1210 2868 et
1231 2804 1310 2869 lacio
1332 2803 1499 2888 diligenter

181 2904 212 2960 et
240 2896 348 2960 faciam
378 2895 463 2981 quod
491 2916 608 2961 mones.
652 2897 745 2974 Quod
773 2895 828 2960 tibi
849 2916 918 2958 mea
939 2896 1106 2980 permissio
1128 2898 1296 2964 mansionis
1317 2909 1388 2963 tuae
1410 2909 1498 2983 grata

180 2999 241 3064 est,
274 2989 307 3054 id
329 3011 406 3074 ego,
440 3010 562 3054 summo
584 3011 656 3055 meo
678 2990 788 3055 dolore
810 2998 840 3053 et
862 2988 1034 3062 desiderio,
1068 2999 1170 3054 tamen
1193 3004 1342 3078 exparte
1364 2992 1496 3077 gaudeo.

143 3089 214 3150 solu
237 3083 440 3169 Hippodamia
462 3093 493 3148 et
513 3085 669 3149 nonnullis
690 3084 760 3149 aliis
782 3081 974 3147 arcessendis
997 3082 1073 3169 quid
1094 3085 1229 3169 cogites,
1263 3109 1324 3152 non
1346 3087 1496 3172 intelligo.

92 3188 95 3197 '
180 3182 277 3242 Nemo
298 3177 430 3243 istorum
452 3187 517 3251 est,
539 3178 613 3262 quin
635 3177 735 3244 abste
750 3199 877 3251 munus,
899 3175 988 3240 iundi
1009 3175 1180 3243 suburbani
1195 3179 1306 3254 instar,
1328 3189 1496 3266 exspectet.

180 3270 358 3336 Trebatium
386 3292 463 3336 vero
491 3293 594 3335 meum
626 3271 711 3357 quod
739 3273 799 3337 isto
826 3270 1012 3345 admisceas,
1042 3271 1120 3336 nibil
1149 3282 1205 3338 est.
1253 3279 1320 3358 Ego
1347 3274 1435 3339 illum
1456 3274 1496 3339 ad

181 3368 342 3430 Caesarem
371 3364 455 3441 misi;
484 3365 538 3449 qui
566 3364 643 3429 mibi
671 3365 733 3429 iam
764 3365 920 3431 satisfecit.
964 3365 997 3430 Si
1019 3365 1078 3452 ipsi
1101 3366 1216 3441 minus,
1239 3378 1396 3453 praestare
1419 3368 1496 3433 nihil

179 3456 296 3534 debeo;
327 3470 417 3544 teque
446 3458 520 3523 item
541 3457 579 3523 ab
602 3480 640 3525 co
663 3457 787 3524 vindico
809 3467 840 3524 et
858 3457 970 3525 libero.
1026 3458 1119 3535 Quod
1140 3458 1250 3524 scribis
1272 3471 1302 3525 te
1324 3483 1341 3525 a
1364 3466 1496 3528 Caesare

141 3553 318 3638 esquotidie
346 3552 415 3637 plus
443 3552 545 3637 diligi,
575 3553 793 3619 immortaliter
814 3553 945 3637 gaudeo.
988 3550 1116 3616 Balbum
1139 3574 1230 3627 vero,
1264 3554 1317 3639 qui
1339 3563 1387 3618 est
1407 3556 1496 3620 istius

179 3647 246 3720 rei,
280 3646 541 3731 quemadmodum
564 3646 691 3722 scribis,
714 3647 858 3720 adiutor,
880 3646 912 3710 in
934 3646 1033 3710 oculis
1055 3645 1134 3709 iero.
1177 3645 1368 3712 Trebonium
1390 3670 1494 3715 meum

177 3763 195 3804 a
225 3752 255 3805 te
283 3741 381 3805 amari
412 3750 504 3828 teque
531 3739 570 3805 ab
599 3742 653 3805 illo
687 3738 876 3824 pergaudeo.
933 3743 980 3802 10.
1001 3743 1048 3803 De
1080 3738 1239 3804 tribunatu
1261 3740 1346 3826 quod
1367 3741 1494 3816 scribis,

178 3853 237 3916 ego
259 3853 336 3896 vero
358 3835 539 3899 nominatim
561 3833 657 3918 petivi
679 3833 801 3904 Curtio,
825 3841 856 3895 et
877 3830 951 3896 mihi
974 3832 1040 3917 ipse
1056 3837 1168 3898 Caesar
1189 3834 1370 3900 nominatim
1386 3840 1495 3902 Curtio

178 3936 318 4010 paratum
351 3948 418 3991 esse
446 3926 608 4011 rescripsit
635 3947 796 4011 meamque
823 3924 856 3988 in
886 3925 1028 4010 rogando
1056 3926 1273 3991 verecundiam
1307 3927 1494 4014 obiurgavit.

140 4038 167 4077 to
179 4019 211 4082 Si
233 4018 284 4081 cui
306 4029 469 4105 praeterea
489 4020 610 4104 petiero
628 4051 663 4066 -
689 4018 721 4083 id
741 4017 827 4104 quod
848 4017 941 4082 etiam
965 4022 1067 4104 Oppio
1089 4020 1172 4093 dixi,
1196 4030 1230 4085 ut
1251 4020 1289 4084 ad
1311 4022 1397 4087 illum
1419 4023 1497 4087 scri-

178 4110 267 4175 beret
288 4148 346 4183 -,
382 4112 470 4176 iacilo
502 4112 601 4197 patiar
633 4111 708 4176 mihi
744 4112 871 4196 negari,
904 4112 1050 4195 quoniam
1078 4112 1142 4187 illi,
1179 4114 1232 4199 qui
1266 4114 1341 4179 mibi
1370 4116 1494 4181 molesti

245 4284 271 4332 1.
297 4282 462 4346 philosophie
485 4281 558 4333 11111.
590 4308 621 4316 -
669 4282 694 4332 3.
714 4284 864 4332 coaooettoit
881 4282 959 4331 Mlti:
987 4284 1116 4332 convenit
1143 4285 1172 4333 li.
1201 4311 1227 4321 -
1266 4285 1292 4335 6.
1312 4285 1393 4335 altius
1418 4287 1439 4336 1.
1461 4310 1492 4323 -

175 4351 201 4400 i.
219 4353 295 4401 ittam
312 4355 470 4416 Anosrymue
489 4351 559 4415 apud
578 4352 773 4414 Malaepinam:
800 4352 843 4401 itte
862 4351 956 4401 1111111.
979 4376 1009 4387 -
1046 4353 1089 4402 12.
1109 4356 1212 4404 atinam
1228 4356 1292 4404 mibi
1309 4356 1348 4403 bis
1365 4356 1439 4405 11111.
1461 4382 1493 4393 -

175 4422 217 4470 15.
236 4418 324 4483 ducas]
344 4424 416 4472 Fert.
435 4425 536 4474 educat.
572 4421 626 4473 Cir.
647 4423 695 4484 Ep.
714 4422 741 4472 3.
759 4419 789 4483 6.
808 4421 835 4471 ls.
856 4422 906 4473 Oa.
923 4445 953 4456 -
973 4423 1117 4472 Clamorem
1136 4424 1166 4473 11.
1189 4448 1218 4459 -
1239 4425 1281 4474 16.
1301 4427 1398 4474 otiosus
1415 4426 1494 4475 Lam·

176 4491 268 4557 binus:
295 4494 407 4542 otiosam
425 4493 520 4544 11111111.
541 4516 572 4527 -
608 4493 650 4543 17.
672 4492 720 4541 tibi
737 4505 790 4541 orn.
810 4492 843 4541 11.
865 4516 894 4527 -
930 4493 993 4541 mitti
1009 4494 1055 4542 aba
1073 4499 1097 4542 te
1115 4493 1180 4543 Ma:
1206 4495 1252 4544 abs
1273 4503 1296 4544 te
1312 4495 1376 4543 mihi
1394 4495 1439 4545 111.
1462 4520 1491 4532 -

176 4562 217 4610 so.
236 4564 351 4625 equidem
371 4563 393 4613 l.
423 4586 453 4598 -
490 4564 534 4612 22.
553 4561 651 4626 Appius
667 4562 712 4613 111.
745 4587 773 4596 -
811 4563 853 4610 25.
873 4576 953 4625 oeque
970 4576 1015 4611 oos
1033 4587 1044 4597 ·
1061 4588 1072 4598 ·
1090 4566 1184 4612 curetis
1202 4565 1232 4613 11.
1267 4592 1298 4601 -
1334 4572 1494 4615 coarmatos·

176 4632 236 4680 dum
252 4631 410 4682 Lambinus·
431 4656 461 4667 -
499 4632 542 4682 26.
562 4633 639 4682 Haste
656 4639 685 4683 trs
703 4632 735 4682 11.
757 4655 785 4665 -
806 4631 848 4680 ao.
869 4632 1042 4693 Hippodamia
1061 4633 1100 4683 V:
1121 4635 1287 4696 Hippodcnis
1306 4634 1341 4692 11,
1362 4635 1493 4697 hippoda-

175 4703 224 4750 mis
242 4701 285 4750 tn.
316 4726 348 4737 -
384 4703 543 4752 accersendis
560 4702 592 4752 11.
624 4726 654 4737 -
698 4702 741 4752 31.
760 4702 804 4764 qui
821 4714 869 4750 nor
887 4699 960 4759 (non
979 4716 1047 4751 corr.
1067 4699 1125 4764 bl.)
1145 4710 1169 4752 te
1187 4706 1270 4752 sairam
1287 4707 1362 4766 pandi
1381 4705 1431 4756 111.
1460 4731 1488 4741 -

177 4769 219 4818 33.
239 4773 299 4834 spuis
317 4771 433 4822 Ernestii
453 4785 560 4835 operae.
581 4795 613 4806 -
649 4765 692 4822 ao'.
710 4772 858 4836 perscripsit
876 4771 897 4820 11
917 4777 941 4819 et
961 4785 1000 4833 pr.
1020 4772 1056 4821 11.
1081 4799 1109 4809 -
1145 4773 1189 4822 10.
1210 4775 1292 4836 Appio
1313 4777 1356 4825 111.
1381 4777 1407 4810 -’-
1446 4775 1490 4825 tt.

177 4840 238 4888 milii
255 4840 354 4891 molesti
372 4842 415 4893 lii:
439 4843 489 4892 sibi
505 4842 605 4894 moesti
622 4841 689 4892 11111.
