3256 5400
591 240 663 303 LIB.
685 239 768 303 xlv.
810 239 870 302 ΕΡ.
894 237 942 300 19.
965 236 1016 299 Bt).
1402 237 1463 298 707

140 407 261 471 umen,
289 395 442 484 quidquid
464 396 495 462 ei
518 395 642 469 tribuo,
678 392 783 460 tribuo
806 414 846 458 ex
868 397 929 458 tuis
955 392 1077 457 litteris.
1120 389 1191 457 Tibi
1211 411 1290 458 vero
1310 394 1465 458 assentior

140 492 293 557 maiorem
315 494 434 572 πρᾶξιν
456 490 524 555 eius
545 489 635 563 sore,
673 489 700 553 si
723 488 816 562 mihi,
854 486 940 574 quod
962 486 1087 560 debuit,
1118 485 1305 551 dissolverit.
1349 491 1463 551 Brutus

141 585 235 652 velim
257 584 296 649 sit
316 589 456 649 Asturae.
507 588 536 648 6.
568 582 660 660 Quod
689 592 792 647 autem
814 580 922 646 laudas
945 602 1010 654 me,
1033 579 1119 666 quod
1140 580 1217 644 nihil
1238 592 1307 644 ante
1329 578 1368 644 de
1390 598 1464 664 pro·

141 678 275 745 lectione
297 677 501 751 constituam,
524 699 635 763 qnam,
659 676 716 741 ista
739 697 802 761 quo
824 695 957 740 evasura
978 674 1056 748 sint,
1081 673 1210 748 videro,
1232 684 1319 740 muto
1340 682 1463 738 senten-

141 773 226 840 tiam.
268 778 375 858 Neque
403 770 574 858 quidquam
604 783 705 834 tamen
734 779 818 844 ante,
855 790 950 854 quam
978 779 1007 834 te
1040 767 1160 835 videro.
1202 769 1332 834 Atticam
1360 788 1483 831 meams

141 866 257 950 gratias
277 864 354 930 mihi
377 886 471 949 agere
494 863 533 928 de
557 874 654 928 matre
676 862 816 944 gaudeo;
853 862 904 927 eui
927 861 1054 948 quidem
1076 883 1136 948 ego
1157 871 1253 928 totam
1276 861 1379 925 villam
1401 861 1462 927 cel·

141 958 263 1045 lamque
284 958 414 1034 tradidi;
451 979 585 1042 eamque
608 956 782 1041 cogitabam
805 976 836 1019 v.
860 954 933 1021 ldus
955 955 1073 1021 videre.
1123 960 1171 1022 Tu
1192 957 1310 1023 Atticae
1330 957 1461 1022 salutem

141 1050 237 1119 dices.
278 1056 341 1119 Nos
361 1052 471 1117 Piliam
493 1050 658 1136 diligenter
679 1049 847 1116 tuebimur.

610 1193 677 1255 rx.
720 1187 777 1272 (A.
804 1193 836 1254 n.
859 1192 891 1254 c.
912 1192 1007 1269 710.)

625 1313 767 1378 CICERO
790 1312 933 1375 ATTICO
955 1313 986 1376 S.
1474 1350 1498 1384 zo

229 1430 256 1491 l.
289 1431 314 1491 B
337 1426 527 1511 Pompeiano
549 1425 620 1489 nari
640 1424 788 1489 advectus
809 1444 878 1488 sum
898 1422 931 1487 in
958 1421 1078 1488 Luculli
1100 1425 1200 1490 nostri
1222 1424 1390 1513 hospitium
1413 1450 1461 1496 vr.

141 1520 232 1594 idus.
264 1520 342 1585 hora
373 1520 439 1585 lere
462 1539 533 1595 ηις
571 1539 716 1601 egressus
738 1527 841 1582 autem
864 1537 882 1581 e
903 1516 975 1581 navi
997 1517 1102 1602 accepi
1125 1529 1192 1584 tuas
1213 1520 1347 1594 litteras,
1384 1544 1461 1611 quas

141 1625 213 1681 tuus
242 1611 422 1679 tabellarius
451 1614 484 1678 in
514 1616 683 1678 Cumanum
714 1611 852 1676 attulisse
874 1610 1053 1684 dicebatur.
1087 1613 1183 1678 Nonis
1203 1618 1275 1679 Mai.
1297 1615 1392 1681 datas.
1435 1624 1461 1682 Δ

141 1707 272 1774 Lucullo
293 1707 445 1793 postridie
467 1706 574 1772 eadem
598 1708 664 1771 lere
687 1705 764 1772 hora
786 1709 856 1771 veni
879 1707 911 1770 in
931 1706 1147 1776 Puteolanum.
1189 1706 1235 1772 lbi
1257 1710 1363 1794 accepi
1385 1709 1462 1775 duas

142 1801 303 1888 epistolas,
331 1802 460 1867 alteram
482 1801 593 1875 Nonis,
623 1801 752 1865 alteram
773 1817 837 1864 vn.
859 1797 932 1863 ldus
952 1799 1093 1864 Lanuvio
1116 1799 1212 1865 datas.
1266 1790 1345 1867 ludi
1368 1803 1499 1888 igiturrs

142 1895 181 1960 ad
209 1916 328 1962 omnes.
379 1900 410 1961 1.
438 1897 591 1969 Primum,
628 1916 710 1981 quae
737 1894 838 1960 dere
865 1913 933 1958 mea
962 1901 1048 1976 gesta
1079 1893 1169 1959 etin
1197 1896 1352 1960 solutione
1378 1907 1409 1959 et
1430 1897 1461 1961 in

142 1987 273 2054 Albiano
302 1990 445 2073 negotio,
483 2001 579 2073 grata.
636 1993 682 2052 Be
705 1997 759 2053 tuo
789 1995 891 2052 autem
914 1985 1088 2060 Buthroto,
1123 2009 1194 2052 cum
1217 1989 1250 2053 in
1272 1990 1462 2074 Pompeiano

120 2078 125 2089 ’
142 2102 262 2156 essem,
283 2084 437 2149 Misenum
458 2083 544 2147 venit
564 2082 737 2158 Antonius3
759 2079 831 2145 inde
853 2089 925 2144 ante
948 2078 1104 2155 discessit,
1128 2101 1221 2167 quam
1235 2082 1322 2147 illum
1340 2083 1462 2148 venisse

141 2176 318 2253 audissem3
352 2196 368 2241 a
400 2198 464 2263 quo
491 2177 523 2241 in
552 2175 721 2240 Samnium.
764 2174 857 2247 Vide,
886 2173 961 2259 quid
990 2195 1110 2259 speres.
1161 2179 1278 2240 Romae
1306 2176 1401 2262 igitur
1423 2176 1463 2241 de

142 2266 306 2332 Buthroto.
349 2273 384 2334 L.
413 2270 540 2335 Antonii
562 2266 722 2335 horribilis
744 2265 864 2339 contio,
895 2264 1075 2330 Dolabellae
1103 2268 1273 2351 praeclara.
1327 2274 1390 2334 lam
1413 2269 1500 2337 velen

142 2357 202 2424 sibi
225 2357 337 2423 habeat
358 2382 520 2435 nummos,
543 2360 639 2426 modo
661 2369 805 2424 numeret
826 2358 941 2423 Idibus.
985 2359 1141 2423 Tertullae
1164 2360 1278 2424 nollem
1301 2361 1462 2440 abortum;

143 2462 205 2518 tam
236 2458 318 2518 enim
348 2457 444 2521 Cassii
472 2468 543 2523 sunt
572 2458 633 2520 iam
655 2477 747 2542 quam
769 2452 856 2518 Bruti
879 2451 1013 2517 serendi.
1056 2457 1102 2516 De
1125 2453 1232 2537 regina
1255 2454 1347 2519 velim
1370 2465 1462 2542 atque

143 2546 237 2611 etiam
267 2546 306 2612 de
335 2552 466 2613 Caesare
494 2549 558 2613 illo.
610 2548 749 2613 Persolvi
771 2546 889 2632 primae
912 2545 1078 2632 epistolae;
1111 2545 1203 2609 venio
1225 2546 1264 2612 ad
1285 2548 1463 2612 secundam.

142 2644 174 2705 1.
195 2644 240 2704 Ite
263 2641 403 2718 Quintis,
432 2643 603 2715 Buthroto,
634 2663 703 2706 cum
727 2659 859 2713 venero,
890 2648 924 2704 ut
946 2639 1067 2704 scribis.
1111 2638 1204 2715 Quod
1226 2640 1369 2705 Ciceroni
1392 2661 1464 2726 sup

143 2731 279 2818 pedites,
316 2744 449 2818 gratum.
508 2734 601 2813 Quod
631 2755 739 2798 errare
774 2754 824 2797 me
852 2744 963 2818 putas,
993 2732 1046 2817 qui
1073 2752 1141 2796 rem
1173 2730 1327 2817 publicam
1359 2744 1501 2820 putemss

143 2824 280 2912 pendere
312 2847 330 2890 e
365 2833 480 2901 Bruto,
513 2829 559 2893 sic
585 2849 618 2892 se
646 2849 697 2891 res
726 2826 836 2891 habet:
873 2835 928 2890 aut
955 2825 1038 2889 nulla
1060 2825 1121 2889 erit
1141 2835 1195 2890 aut
1216 2824 1254 2890 ab
1277 2826 1336 2890 isto
1358 2826 1465 2891 istisve

143 2918 329 2986 servabitur.
374 2920 468 2998 Quod
491 2942 540 2985 me
564 2921 710 2989 hortaris,
739 2931 772 2986 ut
793 2920 940 3006 scriptam
962 2919 1140 2984 contionem
1163 2919 1298 2993 mittam,
1320 2921 1426 3004 accipe
1448 2941 1465 2984 a

142 3033 210 3087 me,
232 3013 276 3077 mi
296 3014 411 3088 Attice,
435 3015 614 3080 naboltadv
635 3015 789 3096 osdpqpa
811 3032 920 3076 carum
941 3032 1066 3087 rerum,
1088 3011 1256 3098 inquibus
1278 3012 1352 3077 satis
1374 3033 1466 3076 excr-

143 3107 229 3171 citati
250 3129 368 3172 sumus.
410 3113 509 3172 Nemo
531 3128 667 3194 unquam
690 3127 792 3193 neque
813 3115 905 3192 poeta
928 3125 1030 3191 neque
1053 3116 1162 3172 orator
1183 3107 1257 3177 luit,
1281 3106 1335 3191 qui
1357 3127 1467 3191 quem·

143 3219 238 3285 quam
259 3200 424 3266 meliorem
446 3223 538 3287 quam
561 3222 595 3266 se
617 3199 833 3265 arbitraretur.
875 3203 944 3263 Hoc
965 3199 1058 3264 etiam
1080 3201 1168 3266 malis
1190 3199 1350 3283 contingit.
1382 3197 1503 3276 Quidni

144 3302 178 3357 tu
201 3298 299 3359 Bruto
328 3303 433 3380 putas,
467 3304 498 3359 et
519 3294 682 3378 ingenioso
710 3304 742 3359 et
763 3293 913 3359 erudito?
946 3298 992 3357 Be
1014 3314 1077 3379 quo
1100 3294 1194 3358 etiam
1215 3291 1336 3377 experti
1359 3311 1466 3355 sumus

143 3406 245 3472 nuper
274 3388 306 3453 in
335 3387 445 3453 edicto.
503 3389 696 3474 Scripseram
724 3396 836 3471 rogatu
867 3396 933 3450 tuo.
993 3390 1097 3451 Meum
1126 3385 1202 3450 mihi
1230 3383 1386 3469 placebat,
1420 3384 1464 3449 illi

144 3500 246 3545 suum.
292 3482 376 3559 Quin
398 3483 512 3554 etiam,
535 3503 607 3546 cum
629 3479 728 3565 ipsius
749 3479 896 3565 precibus
918 3499 1016 3565 paene
1038 3478 1188 3544 adductus
1210 3479 1404 3563 scripsissem
1427 3477 1465 3542 ad

144 3593 217 3639 eum
240 3572 279 3638 de
300 3575 419 3661 optimo
442 3595 556 3659 genere
579 3572 718 3648 dicendi,
748 3594 810 3639 non
831 3571 928 3639 modo
950 3572 1027 3637 mihi
1049 3572 1104 3637 sed
1126 3573 1217 3637 etiam
1241 3572 1298 3636 tibi
1320 3572 1466 3659 scripsit,
1546 3638 1549 3643 ,

144 3665 204 3733 sibi
231 3667 327 3743 illud,
359 3667 446 3755 quod
474 3667 548 3732 mihi
577 3668 729 3753 placeret,
761 3687 825 3732 non
852 3657 993 3753 probari.
1037 3669 1143 3745 Quare
1170 3666 1237 3731 sine
1264 3685 1382 3752 quaeso
1405 3663 1503 3730 sibiae

145 3780 301 3848 quemque
322 3761 471 3826 scrihere.
710 3766 712 3771 '

314 3874 409 3937 Suom
429 3875 534 3954 cuique
555 3892 715 3954 sponsam,
741 3873 817 3935 miti
836 3892 948 3946 meam·
976 3893 1064 3936 saum
1085 3873 1189 3954 cuique
1212 3890 1361 3946 amorem,
1390 3871 1466 3934 milti

980 3987 1087 4032 meam.

214 4148 241 4199 1.
258 4149 361 4210 procia
377 4145 416 4199 11.
451 4170 480 4182 -
518 4147 598 4196 debat
613 4146 650 4206 Z,
671 4146 742 4197 debet
759 4147 911 4213 hlnlaspina
938 4153 1048 4198 auctore
1067 4148 1223 4199 Lambinus.
1250 4171 1281 4184 -
1316 4146 1344 4197 1.
1363 4152 1464 4196 seuten-

144 4220 219 4269 tium.
257 4219 308 4268 Sed
326 4223 415 4267 tomen
432 4230 513 4279 neque
529 4217 677 4281 quidquam
694 4223 838 4280 autequam
856 4219 887 4268 11.
907 4241 938 4254 -
962 4218 989 4269 B.
1010 4218 1041 4268 ds
1059 4226 1145 4268 matre
1163 4232 1218 4268 om.
1238 4219 1270 4268 11.
1294 4241 1320 4250 -
1354 4220 1397 4268 11.
1417 4219 1464 4267 od·

145 4289 239 4339 dactas
255 4288 287 4338 B·
308 4313 337 4324 -
375 4288 418 4339 1³.
438 4287 594 4338 tedeltartus
610 4288 641 4336 in
660 4287 807 4338 Cumanum
825 4288 943 4338 attaliam
959 4301 1015 4350 mg.
1036 4287 1197 4338 Cratandrt:
1216 4288 1374 4339 tabellarius
1391 4293 1462 4337 otta·

144 4359 203 4410 11111
227 4357 325 4410 1111111.
354 4382 384 4394 -
420 4358 464 4409 11.
491 4357 559 4407 bora
580 4360 640 4408 ocni
665 4357 706 4409 111
725 4365 752 4408 et
770 4371 825 4420 mg.
846 4357 937 4409 Crat:
963 4359 1031 4408 hora
1055 4370 1110 4420 qao
1132 4360 1192 4408 oenc·
1214 4358 1269 4408 1111.
1300 4376 1330 4394 -·
1366 4360 1395 4406 tn
1412 4357 1464 4405 Pa·

144 4429 287 4480 tentanum.
322 4427 364 4478 111
380 4430 469 4490 occepi
486 4428 554 4477 duas
571 4427 713 4491 epistolas,
733 4429 847 4479 atteram
863 4428 963 4490 Nonis,
982 4428 1095 4478 alteram
1112 4441 1168 4479 om.
1187 4428 1283 4480 1111111.
1321 4426 1460 4491 (Suppleta

145 4506 207 4550 sunt
224 4510 256 4548 nx
275 4510 330 4559 mg.
351 4496 440 4560 Crat.)
473 4521 499 4530 -
539 4499 584 4548 10.
604 4499 739 4549 contentio
756 4497 832 4550 11111.
864 4521 896 4534 -
931 4499 975 4548 11.
998 4499 1132 4561 Tereptloe
1149 4512 1191 4562 pr.
1210 4499 1248 4550 11.
1267 4520 1299 4533 -
1335 4498 1379 4547 11.
1400 4495 1461 4545 Cas·

143 4571 212 4620 uam
230 4568 253 4618 1.
286 4593 315 4605 -
352 4568 396 4618 11.
425 4568 519 4630 Quinti
536 4568 665 4618 Buthroto
684 4581 754 4618 corr.
775 4569 820 4630 11,
852 4569 1006 4631 Quintinae
1024 4568 1157 4618 Buthroto
1176 4569 1210 4628 11,
1237 4571 1337 4632 quintia
1355 4567 1462 4616 buthro-

144 4641 188 4690 tts's
206 4638 228 4689 1.
262 4663 290 4675 -
328 4638 371 4689 15.
390 4636 547 4701 merome]
575 4651 693 4689 errarem
711 4653 752 4704 pr.
770 4639 809 4692 11.
836 4665 865 4675 -
910 4639 953 4688 11.
970 4639 1085 4701 pandere
1101 4639 1188 4688 Bruto
1204 4639 1265 4698 111,
1298 4638 1414 4700 pendere
1431 4638 1462 4685 tn

144 4709 232 4760 Bruto
259 4706 325 4758 Cod.
352 4708 380 4758 ln
410 4708 703 4772 argumentans.
730 4734 758 4745 -
795 4711 901 4759 aarum
917 4708 969 4759 111.
1003 4734 1033 4745 -
1070 4708 1115 4758 11.
1135 4710 1273 4758 merciam
1289 4721 1379 4758 sumus
1396 4707 1461 4756 satis

145 4779 168 4831 1.
189 4803 220 4816 -
257 4778 300 4829 31.
320 4774 411 4841 etlam]
438 4778 519 4828 etiam
544 4791 584 4827 me
609 4778 656 4839 11,
686 4780 768 4829 ettam
786 4778 887 4830 madal
902 4784 985 4840 atquo
1009 4778 1043 4828 11.
1068 4802 1098 4814 -
1135 4781 1237 4840 eapmt
1253 4775 1354 4840 sumas]
1372 4791 1461 4839 eaper-

144 4847 437 4914 1111111111.-
475 4847 520 4898 ³5.
539 4861 665 4910 quaeqae
682 4849 732 4899 sibl
750 4849 771 4900 1.
