3216 5408
170 221 232 284 '172
673 212 732 275 ΕΡ.
754 213 806 274 ΑΙ)
828 211 986 275 BRUTUM

170 376 285 443 bitiose
314 372 441 448 lecisse;
476 368 530 456 qui
559 367 804 432 valentissimum
832 367 1000 432 Antonium
1028 366 1189 453 suscipere
1217 389 1279 454 pro
1306 390 1344 434 re
1376 368 1513 455 publica

171 501 235 547 non
258 475 407 542 dubitarit
424 473 595 538 inimicum.
631 470 759 545 Nescio,
782 469 857 556 quid
878 469 1013 534 scribam
1035 468 1109 545 tibi,
1132 470 1193 536 nisi
1216 494 1333 539 unum:
1357 473 1456 559 pueri
1479 487 1515 540 et

172 571 374 659 cupiditatem
404 580 435 632 et
463 565 619 632 licentiam
649 564 753 650 potius
775 585 843 628 esse
871 564 1023 629 irritatam
1053 585 1145 649 qnam
1171 586 1355 651 repressam
1379 588 1397 631 a
1421 569 1514 634 Cice-

172 686 266 741 rone;
294 672 474 749 tantumque
502 681 573 724 eum
601 656 741 723 tribuere
769 657 842 722 buic
870 657 1096 741 indulgentiae,
1125 669 1161 723 ut
1184 681 1219 724 se
1241 659 1420 726 maledictis
1444 682 1513 726 nen

152 757 342 829 sabstineat,
372 756 411 820 iis
434 753 575 840 quidem,
607 772 686 837 quae
707 751 741 814 in
761 751 864 836 ipsum
887 751 1053 836 dupliciter
1074 751 1234 828 recidunt,
1265 754 1354 840 quod
1384 764 1417 819 et
1439 756 1515 840 plu-

174 873 227 917 res
255 850 369 915 oceidit
389 870 471 921 uno,
502 868 598 933 seque
627 845 714 930 prius
741 854 870 931 oportet
897 844 1031 910 fateatur
1058 846 1220 921 sicarium,
1251 869 1347 933 quam
1376 847 1515 913 obiiciat

176 951 304 1019 Cascae,
328 943 414 1030 quod
435 940 557 1018 ebiieit;
581 949 611 1004 et
633 940 772 1004 imitatur
793 940 826 1003 in
850 943 944 1005 Casca
965 939 1110 1005 Bestiam.
1147 947 1194 1006 An
1217 943 1381 1028 quianon
1404 943 1515 1007 omni·

175 1037 234 1103 bus
263 1037 350 1102 baris
375 1037 524 1102 iactamus
553 1034 625 1099 ldus
647 1034 788 1107 Martias,
819 1033 961 1097 similiter
990 1043 1083 1118 atque
1108 1035 1160 1099 ille
1181 1040 1287 1101 Nonas
1307 1034 1514 1101 Decembres

176 1154 248 1199 suas
276 1133 308 1196 in
330 1152 387 1197 ore
409 1128 517 1203 babet,
547 1149 586 1193 eo
608 1128 740 1192 meliore
768 1126 951 1191 condicione
975 1128 1083 1193 Cicero
1113 1129 1364 1213 pulcherrimum
1387 1129 1513 1196 lactum

142 1262 168 1304 ,ῃ
178 1224 382 1313 vituperabit,
405 1245 498 1310 quam
520 1221 622 1287 Bestia
645 1232 675 1286 et
690 1219 816 1286 Clodius
838 1220 1069 1306 reprehendere
1091 1223 1173 1288 illius
1195 1224 1396 1289 consulatum
1421 1223 1513 1289 soliti

177 1326 269 1386 suntt
292 1323 322 1383 2.
344 1317 534 1383 Sustinuisse
555 1315 631 1378 mibi
653 1315 805 1398 gloriatur
827 1313 942 1379 bellum
964 1316 1089 1380 Antonii
1110 1326 1232 1401 togatus
1248 1319 1362 1383 Cicero
1386 1328 1512 1383 noster.

178 1411 262 1490 Quid
285 1410 344 1476 boc
366 1409 443 1474 mibi
465 1408 609 1493 prodest,
639 1408 666 1471 si
692 1429 813 1472 merces
841 1410 964 1473 Antonii
987 1410 1129 1495 oppressi
1152 1412 1293 1496 poscitur
1320 1412 1353 1476 in
1376 1411 1512 1477 Antonii

176 1507 280 1573 lecum
303 1504 474 1580 successim
497 1503 576 1567 etsi
599 1502 712 1566 vindex
734 1503 817 1568 illius
840 1504 926 1579 mali,
949 1514 1059 1569 auctor
1079 1506 1197 1570 exstitit
1219 1506 1368 1579 alterins,
1391 1506 1511 1571 sunda·

179 1609 316 1666 mentum
339 1606 370 1661 et
390 1597 511 1662 radices
533 1595 668 1661 habituri
691 1597 833 1669 altiores,
856 1598 882 1661 si
904 1599 1081 1682 patiamur?
1108 1610 1143 1663 ut
1165 1605 1226 1664 iam
1248 1600 1324 1672 ista,
1355 1620 1442 1685 quae
1464 1599 1510 1664 la·

142 1693 236 1770 weit,
259 1690 518 1762 dominationem,
541 1693 580 1753 an
595 1689 772 1763 dominum,
795 1711 834 1753 an
848 1691 1015 1755 Antonium
1039 1692 1172 1758 timentis
1194 1693 1266 1758 sint.
1304 1697 1376 1777 Ego
1398 1701 1508 1758 autem

179 1786 309 1871 gratiam
331 1806 394 1849 non
417 1783 533 1858 babeo,
556 1784 584 1848 si
605 1783 690 1870 quis,
713 1783 804 1858 dum,
827 1806 867 1848 ne
889 1784 969 1849 irato
991 1787 1122 1860 serviat,
1149 1809 1216 1852 rem
1239 1788 1340 1873 ipsam
1364 1807 1432 1851 non
1455 1784 1509 1849 dc·

179 1891 337 1967 precatur.
380 1883 479 1943 Immo
503 1877 680 1963 triumphus
702 1886 733 1942 et
756 1878 959 1962 stipendiuml
987 1886 1018 1944 et
1038 1879 1182 1946 omnibus
1204 1881 1342 1946 decretis
1368 1880 1507 1960 †borta-

179 1975 274 2041 tionis
301 1972 416 2059 pudeat
437 1972 656 2057 concupiscere
678 1971 852 2045 fortunam,
882 1973 970 2038 cuius
1000 1995 1112 2039 nealcen
1139 1977 1327 2059 susceperit,
1359 1976 1506 2040 consula-

178 2069 237 2140 ris,
260 2075 295 2131 ut
309 2067 468 2131 Ciceronis
490 2072 557 2130 esti
580 2071 609 2132 3.
634 2066 791 2143 Quoniam
813 2066 889 2130 mibi
912 2076 1014 2131 tacere
1037 2090 1099 2132 non
1118 2068 1220 2141 licuit,
1245 2069 1329 2154 leges
1345 2090 1431 2155 quae
1450 2069 1505 2134 tibi

141 2181 306 2240 peccasse
328 2168 376 2225 cst
397 2161 527 2225 molesta
550 2180 628 2224 esse.
670 2160 792 2224 Etenim
814 2160 881 2244 ipse
903 2166 1016 2234 sentia,
1049 2174 1166 2247 quanto
1194 2184 1265 2228 cum
1289 2164 1404 2229 dolore
1428 2163 1507 2228 baec

178 2255 218 2320 ad
239 2263 270 2318 te
298 2254 493 2340 scripserim,
522 2274 579 2317 nec
601 2254 727 2338 ignoro,
757 2253 832 2339 quid
854 2259 968 2319 sentias
997 2256 1085 2319 inre
1108 2255 1246 2341 publica,
1278 2269 1309 2321 et
1331 2279 1430 2343 quam
1453 2257 1506 2322 de-

178 2359 333 2434 speratam
356 2369 481 2434 quoque
505 2353 607 2413 sanari
630 2358 719 2433 putes
741 2368 844 2433 posse.
888 2353 950 2412 b'ec
972 2350 1150 2415 mehercule
1172 2361 1216 2424 te,
1248 2352 1364 2425 Attice,
1394 2372 1506 2435 repre-

180 2442 291 2507 bendo.
334 2449 425 2507 Aetas
447 2442 548 2515 enim,
570 2463 689 2516 mores,
713 2440 804 2506 liberi
826 2462 952 2525 segnem
975 2445 1127 2523 efficiunt;
1150 2445 1233 2531 quod
1258 2445 1385 2530 quidem
1411 2447 1504 2509 etiam

178 2560 219 2602 ex
248 2538 352 2602 Flavio
379 2545 488 2601 nostro
515 2536 674 2622 perspexi.
719 2539 750 2601 d.
780 2536 839 2600 Sed
870 2536 968 2602 redeo
995 2538 1033 2602 ad
1064 2539 1255 2604 Ciceronem.
1306 2538 1392 2616 Quid
1425 2538 1506 2603 inter

140 2630 390 2709 2³Salaidiennm
418 2640 448 2694 et
469 2651 540 2694 eum
563 2629 712 2693 interest?
745 2629 829 2705 Quid
851 2641 954 2694 antem
977 2633 1109 2718 amplius
1131 2633 1183 2697 ille
1206 2633 1417 2698 decerneret?
1456 2633 1506 2699 Ti·

177 2734 254 2796 met,
277 2724 414 2808 inquies,
438 2724 614 2788 etiamnunc
636 2722 784 2807 reliquias
806 2723 879 2788 belli
901 2726 1010 2791 civilis.
1054 2726 1226 2812 Quisquam
1249 2748 1326 2812 ergo
1349 2729 1391 2793 ita
1416 2728 1506 2792 timet

178 2817 394 2906 prolligatum,
423 2826 457 2882 ut
478 2839 579 2903 neque
602 2817 772 2902 potentiam
794 2818 881 2892 eius,
905 2821 959 2905 qni
989 2827 1161 2886 exercitum
1190 2822 1343 2887 victorem
1374 2820 1505 2897 babeat,

177 2932 280 2997 neque
309 2910 516 2976 temeritatem
546 2911 637 2995 pueri
658 2919 747 2995 putet
775 2912 1037 2980 extimescendam
1060 2921 1149 2979 esset
1187 2922 1233 2980 An
1255 2916 1316 2981 bec
1338 2916 1446 3002 ipsum
1470 2938 1505 2980 ea

177 3026 213 3069 rc
235 3004 323 3078 iacit,
352 3006 438 3091 quod
459 3006 503 3070 illi
532 3014 663 3090 propter
685 3006 919 3089 amplitudinem
943 3009 1047 3073 emnia
1077 3009 1138 3073 iam
1162 3009 1309 3095 ultroque
1332 3008 1505 3073 deferenda

140 3103 287 3186 goputat‘t
324 3103 515 3184 Omagnam
545 3099 705 3163 stultitiam
729 3100 865 3174 timoris,
895 3100 928 3165 id
951 3103 1066 3186 ipsum,
1096 3102 1180 3189 qued
1202 3103 1358 3177 verearis,
1390 3103 1434 3167 ita
1457 3125 1506 3167 ca-

178 3216 267 3268 vere,
297 3203 347 3267 ut,
377 3216 447 3258 cnm
471 3194 570 3259 vitare
592 3194 724 3258 sortasse
746 3195 904 3278 patueris,
936 3195 1019 3260 ultre
1047 3217 1184 3261 arcessas
1207 3206 1238 3261 et
1259 3198 1414 3262 attrabasl
1455 3197 1502 3261 Ni·

177 3288 276 3352 mium
297 3293 441 3353 timemus
464 3298 597 3352 mortem
620 3298 650 3353 et
672 3289 817 3352 exsilium
840 3298 870 3352 et
891 3299 1113 3373 paupertatem.
1150 3294 1233 3355 llaec
1255 3292 1334 3356 mibi
1359 3291 1505 3355 sidentur

179 3382 323 3446 Ciceroni
351 3384 458 3448 ultima
481 3405 548 3448 esse
570 3385 602 3448 in
625 3384 728 3459 malis;
760 3394 806 3458 et,
837 3383 909 3447 dum
933 3383 1043 3447 babeat
1070 3384 1224 3470 aquibus
1253 3385 1402 3471 impetret
1425 3406 1503 3471 quae

179 3474 267 3549 velit,
297 3485 328 3539 et
354 3498 370 3541 a
394 3477 507 3563 quibus
537 3477 657 3543 colatur
682 3498 718 3541 ac
739 3476 897 3549 laudetur,
927 3483 1124 3551 servitutem,
1154 3478 1361 3553 honorificam
1390 3478 1501 3551 mado,

143 3587 242 3644 „nen
265 3580 464 3653 aspernatur;
488 3571 514 3634 si
536 3572 705 3657 quidquam
728 3572 758 3635 in
775 3581 915 3634 extrema
937 3592 972 3633 ac
994 3572 1167 3636 miserrima
1190 3573 1381 3649 ceratumelia
1403 3581 1502 3658 potest

179 3660 386 3725 honorificum
414 3684 492 3728 esse.
537 3671 565 3728 5.
595 3665 680 3729 Licet
708 3686 784 3749 ergo
812 3675 931 3749 patrem
961 3665 1095 3749 appellet
1126 3668 1272 3729 Octavius
1299 3666 1498 3731 Ciceronem.

180 3752 298 3817 reserat
320 3756 438 3829 carnia,
468 3756 587 3834 laudet,
617 3759 731 3842 gratias
753 3769 837 3842 agat,
864 3766 965 3822 tamen
989 3757 1062 3822 illud
1086 3756 1262 3843 apparebit,
1287 3758 1387 3823 verba
1411 3759 1498 3824 rebus

180 3869 250 3912 esse
272 3850 438 3914 centraria.
483 3851 566 3928 Quid
590 3852 671 3915 enim
695 3862 757 3915 tam
780 3852 915 3916 alienum
943 3851 981 3915 ab
1005 3852 1146 3916 humanis
1168 3850 1311 3916 sensibus
1335 3863 1384 3916 est
1413 3871 1503 3938 quam

252 4004 471 4053 2.dubitaeitl,
500 4030 530 4039 -
568 4006 594 4053 5.
615 4005 723 4053 irisbll.
745 4030 775 4039 —
814 4008 854 4055 11,
875 4006 1037 4053 Sustinuisse
1053 4021 1079 4054 se
1096 4008 1162 4054 sitiit
1180 4007 1337 4055 Lambinus.
1362 4031 1394 4041 -
1434 4017 1506 4070 topa-

181 4079 281 4122 tusest
302 4075 391 4122 Cicero
411 4075 432 4123 l.
456 4097 482 4107 -
522 4072 824 4135 tl.si]sicltll1.-
854 4072 929 4136 facit]
949 4075 1076 4136 laciscunt
1096 4079 1155 4130 asic)
1176 4077 1196 4123 l.
1218 4101 1248 4111 -
1280 4078 1323 4125 15.
1345 4079 1508 4128 ‹tenuantis-

181 4155 256 4201 nem,
281 4156 317 4190 an
334 4145 488 4202 dominum,
509 4158 545 4191 an
563 4144 704 4192 Antonium
730 4144 807 4193 ltllil:
835 4158 888 4191 nen
907 4145 1126 4204 (tentatationum,
1146 4161 1199 4194 nen
1217 4145 1373 4205 (lominum,
1394 4152 1441 4197 sed
1459 4154 1509 4198 ‚in-

183 4214 284 4259 tonium
303 4213 327 4271 i,
347 4226 402 4260 non
419 4215 640 4272 dominationem,
660 4215 705 4260 sed
724 4214 857 4263 (lominum
876 4215 1019 4263 Antonium
1039 4216 1185 4264 Ernestlus.
1208 4241 1236 4251 -
1264 4217 1306 4265 17.
1326 4221 1509 4279 stipendium!

184 4287 208 4328 et
226 4281 284 4328 Ml:
305 4284 462 4341 stipendium
480 4285 627 4333 decernitur
646 4289 669 4330 et
688 4284 741 4331 lili.
763 4310 793 4319 -
825 4285 932 4334 slecrctia
949 4286 1109 4334 lacerationis
1128 4322 1135 4335 .
1153 4285 1252 4349 pudeat
1270 4302 1310 4348 pr.
1332 4287 1378 4337 bl:
1399 4289 1511 4340 ciecretis

184 4350 376 4400 hortationibus
393 4356 491 4413 pudeat
512 4368 579 4402 corr.
601 4355 643 4412 ii,
665 4354 772 4402 decretis
790 4356 913 4403 hortatur
932 4389 938 4402 .
957 4357 1055 4414 pudeat
1073 4356 1109 4412 R,
1130 4357 1235 4404 decretis
1255 4364 1374 4406 errentur
1393 4396 1399 4409 .
1420 4361 1512 4410 berta·

185 4419 299 4467 tionibus
315 4421 414 4482 pudeat
432 4423 459 4474 l,
481 4424 588 4472 decretis
606 4428 717 4472 eruatur
737 4460 743 4472 .
765 4426 864 4474 Pudeat
883 4425 912 4473 ll.
949 4425 1059 4475 Malim:
1085 4427 1192 4475 decretis
1209 4426 1392 4481 hortationes.
1411 4439 1443 4480 ut
1464 4447 1513 4480 au·

185 4488 257 4535 deat-
284 4490 334 4540 Oa.
362 4517 392 4527 -
431 4493 472 4540 18.
493 4491 682 4555 concuspiscere]
703 4497 847 4555 conspicere
867 4496 896 4543 lt·
923 4520 956 4528 -
992 4499 1133 4556 susceperit
1151 4510 1186 4543 an
1203 4497 1356 4547 consularis
1375 4509 1423 4550 aiat
1444 4503 1514 4553 Circ-

185 4559 258 4608 renis
277 4567 314 4610 est
333 4560 362 4610 n.
400 4559 507 4611 blalim:
527 4566 682 4625 susceperim·
703 4564 731 4609 id
749 4566 897 4613 ceruularts
914 4571 962 4613 aut
981 4568 1113 4615 Ciceronis
1131 4567 1185 4615 est?
1212 4566 1263 4616 On.
1295 4593 1323 4604 -
1364 4571 1410 4620 20.
1432 4575 1516 4623 ruele-

181 4633 238 4676 stas
257 4630 279 4677 l.
299 4656 333 4664 -
369 4631 416 4678 asae
437 4632 457 4680 l.
483 4656 509 4668 -
546 4634 589 4680 21.
609 4635 756 4693 scripserim
775 4634 841 4683 ltili:
857 4637 1054 4696 perscripserim
1075 4637 1117 4684 lli.
1140 4661 1172 4670 —-
1207 4637 1252 4684 2³.
1275 4636 1367 4702 etiam]
1388 4642 1458 4691 etl.
1483 4671 1511 4680 -

181 4698 225 4747 et.
244 4695 286 4760 eu]
305 4702 333 4748 in
352 4702 508 4749 Lambinus.
540 4727 567 4737 -
606 4703 648 4751 25.
669 4704 848 4753 Sialuidienum
866 4705 996 4754 Orellius:
1027 4706 1200 4755 Salvidenum
1221 4707 1320 4756 blltlli.
1359 4709 1418 4760 Ct'r.
1440 4716 1515 4763 (lna-

181 4771 312 4818 masticon
332 4774 358 4819 in
379 4773 429 4819 boc
448 4786 472 4819 r.
496 4797 521 4805 -
556 4772 599 4821 31.
620 4785 739 4820 accersas
759 4775 809 4823 ait.
832 4800 859 4809 -
889 4776 1018 4826 Nimirum
1038 4778 1058 4824 l.
1080 4802 1107 4812 -
1142 4777 1185 4824 39..
1205 4775 1280 4825 >Haec
1299 4779 1367 4827 milri
1386 4784 1516 4835 uidentur

180 4837 234 4887 Ml:
260 4839 332 4889 Haec
352 4842 470 4890 uidentur
489 4841 542 4889 1111.
571 4862 603 4876 -
639 4842 681 4891 tt.
702 4840 743 4905 ac]
763 4849 787 4894 et
805 4845 838 4894 11.
870 4868 896 4879 -
934 4846 978 4896 37.
998 4843 1107 4909 referat]
1127 4846 1236 4897 Malim:
1258 4847 1374 4909 delerat.
1405 4854 1460 4905 Oa.
