3256 5400
614 244 1076 344 cmvnnma¹
1402 250 1463 314 0

144 418 198 463 ees
218 402 262 465 ita
282 419 347 465 nen
368 419 471 475 ames,
503 408 538 464 ut
559 421 599 464 ne
620 400 659 465 ad
681 400 786 466 villam
813 400 941 489 quidem
961 412 1047 468 tuam
1068 402 1120 468 via
1143 406 1261 470 Graeca
1281 404 1329 470 ire
1350 404 1463 471 soleas.

143 495 219 556 Nam
241 492 316 577 quid
338 514 398 579 ego
419 502 451 559 10
472 494 601 560 athletas
623 504 728 581 putem
751 495 948 571 desiderare,
984 500 1038 582 qui
1061 496 1247 582 gladiatores
1269 508 1464 584 contempse-

144 584 210 650 risl
246 584 278 650 in
311 586 424 674 quibus
452 588 519 674 ipse
544 589 711 674 Pompeius
733 588 902 654 confitetur
922 611 957 654 se
978 599 1010 653 et
1030 610 1159 676 operam
1181 602 1213 659 01
1233 593 1337 658 oleum
1358 593 1465 679 perdi·

144 677 237 744 disse.
280 680 429 767 Reliquae
450 691 522 746 sunt
542 687 721 748 venationes
743 682 834 747 binae
861 703 920 768 per
943 682 1010 748 dies
1035 685 1188 772 quinque,
1220 686 1400 772 magnificae
1421 722 1464 734 -

144 792 237 836 neme
252 782 346 857 negat
356 811 409 848 -,
424 775 479 840 sed
491 797 570 862 quae
585 776 814 861 potesthomini
829 798 897 841 esse
912 777 1012 862 polito
1026 777 1203 853 delectatio,
1214 801 1285 845 cum
1300 791 1352 846 aut
1366 781 1487 845 homos

143 863 317 931 imbecillus
342 887 360 930 a
388 868 596 933 valentissima
623 868 722 935 bestia
749 870 883 935 laniatur
909 878 963 935 ant
989 871 1150 956 praeclara
1176 871 1276 938 bestia
1306 873 1462 939 venabulo

143 957 434 1026 transverberatur?
469 964 557 1038 Quae
578 971 695 1035 tamen,
718 963 744 1028 si
759 963 892 1030 videnda
911 973 996 1038 sunt,
1019 985 1113 1049 saepe
1133 965 1254 1043 vidisti;
1277 988 1378 1052 neque
1393 989 1461 1043 uos,

142 1051 198 1139 qni
218 1051 296 1117 haee
322 1064 511 1139 spectamus,
540 1056 711 1142 quidquam
738 1057 813 1122 novi
836 1058 981 1122 vidimus.
1034 1061 1202 1123 Extremus
1225 1060 1463 1145 elephantorum

144 1146 209 1212 dies
229 1145 303 1221 1011,
332 1152 366 1212 10
392 1170 456 1235 quo
482 1149 647 1214 admiratio
669 1171 779 1234 magna
807 1151 893 1235 vulgi
924 1160 1017 1236 atque
1039 1150 1169 1224 turbae,
1192 1150 1355 1218 delectatio
1377 1154 1462 1219 nulla

144 1239 270 1305 exstitit.
328 1241 413 1319 Quin
445 1246 538 1306 etiam
566 1242 781 1308 misericordia
809 1243 961 1329 quaedam
983 1253 1149 1309 consecuta
1170 1255 1217 1310 est
1238 1255 1332 1331 atque
1354 1249 1462 1332 opinio
1473 1264 1500 1308 ae

145 1331 312 1407 eiusmodi,
336 1354 404 1398 esse
419 1334 574 1422 quandam
588 1336 634 1401 illi
650 1334 760 1401 beluae
775 1357 845 1402 cnm
860 1358 974 1422 genere
989 1336 1126 1402 humane
1142 1339 1331 1405 societatem.
1353 1344 1385 1406 1.
1406 1341 1463 1406 His

144 1446 202 1511 ege
222 1438 326 1492 100000
347 1427 473 1503 diebus,
496 1429 576 1495 ludis
598 1430 744 1504 scenicis,
766 1452 806 1495 ne
828 1431 909 1496 sorte
930 1430 1040 1495 videar
1061 1430 1118 1496 tibi
1135 1453 1198 1497 nen
1214 1433 1310 1498 modo
1333 1432 1462 1508 beatus,

143 1521 197 1586 sed
214 1520 297 1587 liber
315 1527 444 1587 omnino
462 1522 574 1599 baisse,
597 1523 701 1609 dirupi
726 1546 777 1589 me
797 1546 895 1611 paene
919 1525 951 1589 in
974 1523 1093 1590 iudicio
1115 1525 1192 1590 Galli
1217 1527 1351 1600 Caninii,
1373 1526 1464 1591 lami-

143 1614 227 1680 liaris
251 1617 308 1681 tui.
353 1617 473 1694 Quodsi
496 1628 558 1683 tam
575 1617 699 1682 facilem
721 1619 871 1703 populum
888 1617 1053 1693 haberem,
1075 1640 1170 1705 quam
1184 1625 1326 1706 Aesopus
1344 1619 1461 1694 habuit,

143 1707 274 1775 libenter
297 1709 475 1775 mehercule
505 1721 604 1776 artem
631 1710 806 1776 desinerem
830 1721 995 1798 tecumque
1025 1720 1152 1777 etcum
1184 1713 1339 1778 similibus
1362 1713 1500 1779 000101ιο

143 1805 291 1868 viverem.
339 1807 416 1867 Nam
444 1825 495 1868 me
516 1825 587 1869 cum
609 1813 697 1868 antea
720 1804 881 1879 taedebat,
918 1826 989 1870 cum
1011 1814 1043 1869 01
1065 1814 1149 1871 aetas
1180 1816 1211 1871 et
1243 1807 1373 1873 ambitio
1410 1827 1461 1872 me

143 1893 325 1961 hortabatur
346 1907 377 1962 et
397 1895 508 1961 licebat
529 1897 678 1983 deniqne,
705 1920 799 1985 quem
821 1898 979 1972 nolebam,
1003 1920 1066 1963 non
1088 1899 1273 1974 defendere,
1296 1909 1362 1966 tum
1384 1920 1462 1966 vere

143 1987 201 2053 hec
218 2001 361 2075 tempore
381 1995 444 2055 vita
464 1991 549 2056 nulla
577 2000 633 2056 cst.
685 1997 792 2078 Neque
822 1993 906 2056 enim
933 1992 1068 2058 lructum
1091 1994 1190 2058 ullum
1211 1992 1328 2058 laboris
1350 2013 1463 2078 exspe-

142 2092 207 2158 cto,
242 2094 275 2148 et
301 2105 399 2170 cogor
419 2107 641 2171 nonnunquam
670 2085 812 2151 homines
840 2107 905 2151 non
925 2091 1042 2171 optime
1064 2087 1171 2151 deme
1194 2091 1324 2152 meritos
1348 2094 1462 2170 rogatu

143 2196 266 2251 eorum,
288 2181 342 2263 qui
363 2176 559 2243 benemeriti
573 2189 657 2252 sunt,
681 2178 860 2244 defendere.
903 2183 933 2244 5.
955 2184 1062 2265 ltaque
1082 2200 1202 2265 quaero
1224 2200 1332 2243 causas
1352 2193 1499 2244 omneste

142 2269 308 2356 aliquande
321 2270 447 2337 vivendi
460 2271 612 2338 arbitratu
626 2293 714 2348 mee,
737 2281 831 2358 teque
847 2281 878 2337 et
898 2274 988 2338 istam
1007 2273 1161 2338 rationem
1178 2273 1234 2338 0111
1257 2272 1302 2338 101
1321 2280 1352 2336 01
1365 2270 1462 2336 laudo

142 2362 341 2428 vehementer
361 2358 392 2430 et
419 2364 538 2450 probo,
571 2366 718 2453 quodque
745 2388 803 2431 nes
831 2371 934 2431 minus
961 2367 1132 2440 intervists,
1163 2366 1224 2431 hoc
1257 2366 1327 2431 lero
1355 2370 1461 2430 animo

142 2462 306 2544 aequiore,
337 2457 437 2544 quod,
466 2458 493 2524 si
514 2464 632 2524 Romae
652 2481 752 2534 esses,
775 2469 879 2524 tamen
901 2481 1002 2546 neque
1023 2481 1081 2524 nos
1101 2461 1210 2545 lepore
1233 2469 1289 2524 100
1310 2479 1411 2545 neque
1431 2471 1462 2523 te

143 2555 228 2615 —si
256 2555 311 2637 qui
332 2551 433 2616 estin
453 2573 503 2617 me
526 2589 566 2599 -
587 2574 660 2618 meo
687 2552 751 2617 frui
776 2552 885 2617 liceret
912 2561 1044 2639 propter
1072 2553 1306 2618 molestissimas
1328 2573 1461 2637 occupa-

141 2644 240 2710 tiones
261 2666 360 2723 meas;
396 2645 511 2731 quibus
532 2645 559 2712 si
590 2667 641 2710 me
662 2646 808 2711 relaxaro
830 2683 872 2692 -
894 2668 982 2720 nam,
1009 2655 1044 2712 ut
1072 2647 1163 2731 plane
1186 2646 1363 2719 exsolvam,
1397 2657 1500 2708 nense

141 2738 265 2824 postule
287 2774 345 2815 —,
367 2747 398 2804 te
419 2738 538 2825 ipsum,
560 2739 615 2825 qui
636 2741 752 2805 multos
773 2761 871 2806 annes
887 2739 963 2804 nihil
979 2740 1064 2804 aliud
1079 2739 1315 2812 commentaris,
1338 2737 1461 2803 docebo

142 2830 296 2916 profecte,
319 2831 396 2918 quid
416 2833 456 2898 sit
478 2833 653 2898 humaniter
674 2833 792 2898 vivere.
845 2839 893 2900 Tu
914 2834 1010 2899 modo
1027 2833 1119 2898 istam
1143 2832 1386 2897 imbecillitatem
1407 2852 1463 2895 va·

140 2925 286 2991 letudinis
305 2935 378 2991 1000
400 2936 537 2991 sustenta
559 2936 591 2990 01
610 2935 715 3001 10000,
747 2935 782 2992 01
802 2926 894 3002 facis,
923 2936 959 2992 ut
980 2936 1103 2992 nostras
1124 2927 1214 2991 villas
1236 2925 1326 2991 obire
1348 2933 1380 2990 01
1397 2945 1464 2989 me-

141 3040 212 3084 eum
232 3019 326 3084 simul
356 3019 498 3085 lecticula
526 3041 715 3086 concursare
746 3021 859 3106 possis.
911 3027 941 3087 6.
970 3025 1055 3085 llaec
1076 3019 1115 3084 ad
1138 3030 1168 3084 te
1190 3019 1333 3105 pluribus
1355 3016 1461 3082 verbis

141 3112 251 3199 scripsi
272 3134 366 3200 qnam
388 3113 495 3187 soleo,
528 3134 592 3177 non
614 3114 671 3178 0111
692 3113 881 3178 abundantia
903 3114 959 3179 sed
992 3113 1109 3178 amoris
1131 3133 1207 3198 erga
1229 3121 1273 3186 te,
1304 3111 1390 3196 quod
1410 3123 1500 3174 mett

142 3207 274 3294 quadam
302 3207 433 3293 epistola
467 3205 689 3282 subinvitaras,
722 3207 749 3271 si
771 3211 923 3272 memoria
946 3215 1048 3282 tenes,
1070 3215 1106 3270 ut
1126 3205 1166 3270 ad
1188 3215 1217 3270 te
1239 3204 1357 3291 aliquid
1380 3204 1464 3268 eius·

141 3300 227 3366 medi
254 3301 442 3375 scriberem,
477 3321 542 3386 quo
563 3301 666 3365 minus
692 3309 723 3366 10
744 3301 993 3385 praetermisisse
1022 3298 1113 3364 ludos
1135 3300 1322 3385 poeniteret.
1366 3296 1462 3374 Quod

141 3394 169 3460 si
198 3403 357 3460 assecutus
384 3415 469 3468 sum,
495 3394 632 3478 gaudeo;
665 3394 713 3459 sin
744 3394 864 3468 minus,
899 3393 958 3458 hec
979 3415 1030 3457 me
1053 3402 1156 3457 tamen
1178 3391 1339 3464 consolor,
1376 3389 1463 3475 qued

140 3488 270 3575 posthac
297 3488 338 3553 ed
364 3487 456 3554 ludes
487 3487 594 3552 venies
616 3509 736 3573 nosque
757 3488 839 3553 vises
860 3508 963 3573 neque
984 3487 1018 3552 in
1039 3485 1179 3572 epistolis
1202 3487 1360 3571 relinques
1382 3483 1461 3547 meis

142 3602 228 3668 spem
249 3582 385 3670 aliquam
407 3581 620 3647 delectationis
640 3590 725 3650 tuae.
1471 3585 1501 3630 ⁸⁵

618 3718 974 3809 decemp

530 3848 572 3909 Μ.
595 3845 737 3909 CICERO
760 3847 791 3909 S.
811 3847 849 3908 D.
868 3847 909 3908 M.
930 3844 1067 3908 manle.

227 3961 255 4022 1.
276 3955 454 4022 Mandatum
475 3964 564 4020 tuum
586 3954 704 4020 curabo
726 3955 900 4040 diligenter.
943 3954 1005 4020 Sed
1033 3953 1129 4018 homo
1150 3961 1259 4017 acutus
1281 3951 1311 4016 01
1332 3949 1461 4016 manda·

143 4048 181 4115 sti
199 4050 417 4135 potissimum,
441 4050 493 4114 cui
513 4049 677 4134 expediret
697 4048 775 4113 illud
796 4049 904 4113 venire
926 4068 1021 4134 quam
1043 4046 1190 4132 plurimo.
1235 4045 1297 4110 Sed
1319 4066 1358 4109 eo
1381 4045 1462 4111 vidi·

142 4140 181 4207 sti
208 4143 360 4218 multum,
397 4141 482 4228 quod
509 4141 695 4227 praefinisti,
732 4163 796 4228 quo
832 4163 871 4206 ne
898 4141 997 4227 pluris
1025 4161 1174 4204 emerem.
1231 4139 1353 4216 Quodsi
1386 4137 1502 4203 mihi⁴⁰

142 4235 352 4322 permisisses,
374 4236 429 4322 qui
443 4257 531 4300 mens
546 4256 634 4300 amor
647 4234 681 4299 in
695 4244 725 4299 te
740 4244 801 4308 est,
824 4234 1026 4300 coniecissem
1039 4255 1110 4298 cum
1125 4231 1348 4310 coheredibus;
1372 4253 1463 4305 nunc,

212 4388 239 4439 ⁸.
258 4397 403 4452 spectemus
420 4389 464 4439 M:
483 4391 654 4451 spectavimus
672 4389 703 4439 E.
722 4414 754 4423 -
782 4389 825 4438 te.
844 4395 1005 4440 consecutost
1022 4388 1060 4440 111.
1081 4411 1114 4424 -
1141 4389 1184 4437 13.
1204 4387 1308 4448 dtrrept
1325 4398 1365 4434 me
1381 4399 1466 4447 poene

143 4457 189 4518 lt,
208 4460 297 4522 dirupi
312 4472 396 4523 poene
412 4473 452 4508 ma
470 4458 627 4508 Lambinus.
655 4480 686 4495 -·
722 4460 765 4509 l'l.
786 4460 943 4508 hortabatur
960 4459 1003 4511 hl:
1029 4457 1206 4507 hertebenter
1223 4456 1253 4505 E.
1276 4479 1306 4490 -
1344 4453 1386 4504 18.
1407 4455 1465 4502 net·

143 4526 194 4578 leat
211 4529 250 4579 hl.
272 4553 302 4564 -
322 4530 419 4578 teberti
437 4536 554 4591 exspecto
574 4530 628 4578 Vb:
656 4528 753 4578 leheris
771 4531 898 4590 extspecte
918 4528 1035 4591 (11110000
1052 4529 1075 4576 is
1094 4530 1199 4590 punctis
1219 4530 1325 4574 notatae
1344 4521 1418 4586 suot)
1437 4523 1465 4574 bl

144 4594 204 4659 (010.
225 4598 424 4659 1110000.
445 4600 489 4649 ubi
508 4600 572 4650 item
590 4601 748 4660 extspectere
767 4614 815 4663 pre
842 4607 990 4662 respectare
1015 4599 1095 4648 habet
1121 4598 1158 4649 bl.
1186 4592 1297 4656 Bata-l,
1317 4593 1415 4643 leheris
1433 4606 1466 4643 ee

143 4668 182 4717 his
199 4675 318 4732 exspecto
337 4668 375 4729 E,
404 4669 502 4719 leheris
519 4670 684 4732 0011100010
703 4669 787 4720 Cedd.
813 4669 875 4719 Bas.
896 4670 968 4733 lips.
989 4668 1096 4717 hmbrr.
1117 4680 1211 4718 omnes
1230 4664 1399 4729 praeterit.
1420 4663 1462 4712 15.

143 4736 198 4789 201.
223 4738 255 4788 tt.
281 4739 330 4788 Ed.
357 4739 435 4789 Rem.
463 4739 620 4789 Cratander.
657 4763 685 4773 -
723 4739 767 4788 211.
797 4740 902 4801 postule
929 4747 953 4789 et
970 4740 1054 4800 ipsum
1080 4739 1142 4801 qnid
1171 4736 1208 4787 bl.
1230 4758 1260 4769 -
1280 4740 1464 4782 commentores

143 4805 180 4858 lt.
212 4832 244 4844 -
280 4808 325 4857 27.
347 4808 544 4859 Temedohl:
577 4808 791 4858 Temtbt‘mode
811 4809 840 4858 11.
866 4833 897 4844 -
933 4810 978 4859 111.
997 4806 1187 4860 semodius
1214 4803 1361 4854 huiusmodi
1379 4802 1411 4854 11.
1431 4826 1462 4840 -

142 4876 187 4929 8³.
204 4877 359 4929 semeleter
377 4878 408 4928 B.
430 4905 459 4916 -
497 4879 542 4931 39.
560 4880 722 4930 dettttt'mttm
739 4879 785 4942 qni
805 4877 843 4928 11.
