3216 5408
159 235 231 299 rsa
647 215 778 281 3333
801 211 1017 278 caravanas.

165 385 323 478 publicam
344 377 460 455 lelclli;
485 395 546 460 cgo
567 374 636 461 ipse
658 380 800 438 senatum
822 367 883 434 sibi
902 386 1014 433 manus
1035 364 1151 431 allerre
1171 367 1279 453 coegi,
1302 389 1377 434 cum
1397 380 1431 436 te
1451 377 1504 438 Iu-

164 480 297 548 nonium
326 492 462 561 puerum
491 480 524 535 et
552 466 661 533 matris
690 475 762 531 tuac
790 473 913 549 partum
943 480 1074 525 aureum
1104 479 1173 524 esse
1201 460 1279 529 dixi.
1325 465 1502 533 11131313

165 573 286 663 patriae
301 566 447 636 Paridem
469 561 609 629 loturum
632 555 871 647 praedicebant,
894 559 948 642 qui
968 562 1105 619 vastares
1126 551 1239 618 urbem
1254 556 1421 634 incendio,
1442 565 1504 626 lta·

166 669 240 735 liam
261 663 364 736 bello,
393 658 448 747 qui
477 666 578 721 castra
606 654 638 718 in
661 651 784 738 templis
806 649 939 714 deorum
961 647 1201 720 immortalium.
1230 662 1376 717 senatum
1397 654 1431 718 in
1451 675 1502 720 ca.

142 761 240 839 ,stris
262 755 428 822 habiturus
450 771 545 815 esses.
581 753 612 813 7.
637 746 825 813 Omiseram
849 752 880 807 31
902 742 934 807 13
954 740 1044 807 brevi
1067 750 1128 806 tam
1149 741 1285 807 celerem
1309 754 1342 809 ct
1363 756 1428 812 tam
1449 770 1504 814 33-

163 854 245 920 riam
267 846 476 931 reipublicae
499 840 791 909 commutationeml
815 836 965 914 Quisnam
987 835 1039 900 tali
1062 834 1186 900 iuturus
1207 836 1338 922 ingenio
1362 851 1425 915 est,
1448 844 1503 929 qui

164 943 266 1034 possit
287 941 365 1006 haec
386 939 428 1004 ita
451 936 600 1001 mandare
622 934 752 1006 litteris,
775 941 810 997 ut
824 932 922 1003 lacta,
944 949 1008 993 non
1030 927 1101 994 ficta
1123 928 1289 997 videantur
1304 939 1399 998 esse?
1423 937 1504 1012 Quis

165 1040 228 1106 crit
248 1044 332 1102 tanta
354 1031 450 1098 animi
471 1030 634 1104 facilitate,
664 1027 736 1114 qui,
766 1046 846 1112 quae
867 1023 1032 1088 verissime
1061 1024 1214 1089 memoria
1235 1037 1412 1111 propagata
1434 1030 1504 1094 l'ue-

164 1133 244 1204 rint,
268 1149 332 1194 nou
347 1125 471 1191 labulae
494 1122 606 1189 similia
621 1122 661 1186 sit
682 1121 938 1185 existimaturus?
961 1117 1069 1202 Cogita
1091 1119 1175 1183 enim
1189 1121 1360 1185 Antonium
1376 1122 1502 1187 hostem

42 1272 51 1289 .
130 1225 354 1310 „indicatum
379 1218 475 1284 abeo
496 1216 736 1280 circumsessum
759 1212 919 1278 consulem
940 1210 1137 1294 designatum
1159 1212 1358 1301 eundemque
1379 1216 1430 1280 rei
1445 1236 1505 1300 pu·

167 1319 268 1386 blicae
290 1324 469 1402 parentem:
492 1319 522 1375 te
543 1308 718 1395 proiectum
741 1306 779 1370 ad
795 1305 954 1370 consulem
978 1303 1172 1370 liberandum
1196 1316 1227 1371 et
1247 1306 1370 1373 hostem
1391 1311 1504 1396 oppri-

166 1410 341 1482 mendum,
378 1405 564 1489 hostemque
592 1424 611 1467 a
642 1412 671 1466 te
699 1401 839 1484 iugatum
869 1408 901 1463 ct
928 1398 1089 1463 consulem
1118 1398 1282 1465 obsidione
1309 1400 1501 1480 liberatum;

167 1502 282 1571 deiude
304 1499 410 1586 paullo
433 1508 505 1582 post
525 1496 667 1578 iugatum
695 1494 784 1558 illurn
811 1493 931 1558 hostem
954 1496 1152 1564 arcessitum,
1180 1505 1339 1580 tamquam
1366 1497 1503 1562 cohere-

167 1598 240 1664 dem
261 1602 385 1661 mortua
406 1613 444 1657 re
465 1589 591 1677 publica
611 1588 655 1653 ad
675 1586 760 1653 bona
783 1587 891 1673 populi
913 1586 1045 1652 Romani
1067 1585 1231 1672 capienda;
1261 1589 1425 1654 consulem
1447 1590 1504 1656 de-

133 1691 325 1777 msignatum
351 1705 479 1750 rursum
506 1682 660 1747 inclusum
683 1701 738 1756 eo,
769 1678 824 1746 ubi
852 1701 886 1745 sc
908 1701 971 1745 333
993 1678 1157 1745 moenibus
1186 1680 1241 1745 sed
1262 1681 1448 1749 fluminibus
1469 1695 1502 1749 31

167 1781 327 1850 montibus
356 1787 509 1843 tueretur.
552 1779 637 1841 llaec
665 1775 735 1860 quis
757 1771 923 1839 conabitur
945 1780 1126 1859 exponere?
1154 1776 1224 1859 quis
1245 1776 1376 1841 eredere
1403 1777 1502 1842 aude-

148 1874 235 1943 ·bit?
256 1875 362 1940 Liceat
376 1871 473 1936 semel
493 1870 622 1956 impune
636 1890 798 1954 peccasse;
822 1868 861 1933 sit
877 1867 995 1932 erranti
1015 1866 1169 1931 medicina
1183 1867 1352 1934 consessio.
1382 1873 1415 1935 8.
1439 1876 1500 1935 Ve-

167 1989 240 2035 rum
268 1966 353 2032 enim
381 1963 493 2029 dicam.
536 1964 658 2029 Utinam
680 1973 711 2028 tc
732 1963 854 2049 potius,
883 1961 1015 2035 Antoni,
1043 1960 1204 2026 dominum
1233 1984 1296 2028 uon
1323 1964 1499 2050 expulisse-

170 2082 257 2137 mus,
286 2080 381 2147 quam
406 2058 490 2124 hunc
510 2058 740 2143 reciperemus!
769 2077 834 2121 non
855 2077 919 2143 quo
946 2056 1009 2121 ulla
1030 2054 1070 2119 sit
1098 2056 1232 2140 optanda
1261 2057 1413 2130 servitus,
1443 2056 1499 2121 sed

131 2154 244 2242 ,oquia
267 2152 418 2238 dignitate
441 2151 560 2219 domini
583 2151 687 2217 minus
708 2152 809 2238 turpis
831 2159 879 2215 est
899 2150 1023 2215 lortuua
1046 2142 1217 2214 3333113
1246 2151 1370 2216 duobus
1391 2162 1498 2215 autem

170 2245 260 2312 malis
286 2266 358 2311 cum
387 2245 571 2331 fugiendum
600 2245 700 2311 maius
725 2246 782 2320 sit,
811 2243 912 2309 levius
940 2252 987 2308 est
1015 2242 1204 2327 eligendum.
1245 2245 1300 2309 lllc
1328 2267 1365 2310 33
1392 2256 1499 2310 tamen

170 2338 339 2415 exorabat,
370 2361 450 2426 quac
472 2338 598 2405 volebat
618 2338 762 2404 33133333
786 2347 829 2404 -tu
859 2347 1039 2421 extorques.
1081 2336 1137 2401 lllc
1165 2338 1272 2402 consul
1300 2340 1497 2422 provinciam

168 2432 310 2521 petebat:
333 2443 368 2498 tu
389 2433 529 2519 privatus
551 2433 735 2520 concupisti.
779 2433 833 2498 llle
855 2431 896 2496 ad
916 2431 1071 2496 malorum
1093 2430 1222 2496 salutem
1243 2430 1359 2496 iudicia
1380 2431 1500 2496 consti-

169 2526 279 2593 tuebat
300 2537 332 2593 ct
352 2527 437 2613 leges
458 2524 593 2592 larebat:
620 2536 654 2592 tu
675 2525 715 2591 ad
737 2526 909 2612 perniciem
931 2525 1134 2610 optimorum.
1176 2524 1231 2589 lllc
1253 2544 1272 2589 a
1292 2527 1445 2610 sanguine
1466 2537 1499 2590 31

132 2619 316 2706 ainccndio
338 2640 504 2686 servorum
528 2619 713 2706 Capitolium
736 2618 897 2685 tuebatur:
924 2627 958 2683 tu
979 2638 1093 2682 cruore
1115 2626 1146 2682 et
1166 2617 1290 2683 llamma
1310 2630 1423 2684 cuncta
1444 2617 1499 2684 de·

169 2714 237 2780 1333
258 2713 316 2778 vis.
354 2715 402 2789 Si,
425 2714 480 2800 qui
502 2712 597 2777 dabat
616 2713 794 2800 provincias
810 2716 916 2778 Cassio
933 2720 964 2776 et
977 2717 1081 2778 Brutis
1103 2721 1135 2777 et
1154 2712 1215 2778 illis
1236 2714 1419 2780 custodibus
1440 2735 1498 2780 no-

169 2807 263 2874 minis
284 2806 400 2882 nostri,
422 2804 590 2891 regnabat,
612 2807 689 2893 quid
710 2807 820 2883 faciet,
842 2806 1013 2892 quiritem
1035 2806 1166 2871 adimit?
1202 2810 1250 2882 si,
1275 2809 1329 2893 qui
1353 2830 1393 2872 ex
1416 2806 1495 2874 urbe

170 2899 333 2975 eiiciebat‚
356 2909 504 2989 tyrannus
527 2909 610 2976 erat,
633 2922 727 2986 quem
749 2900 831 2965 hunc
846 2921 1009 2975 vocemus,
1033 2899 1087 2985 qui
1109 2922 1148 2964 nc
1171 2901 1274 2967 locum
1295 2902 1425 2988 quidem
1447 2925 1496 2966 re-

168 2993 261 3081 liquit
282 2993 416 3081 exsilio?
453 2997 483 3058 9.
511 2997 619 3079 ltaque
641 2994 668 3058 si
690 2994 764 3081 quid
788 2994 860 3058 illae
883 2994 1037 3058 maiorum
1059 3004 1239 3059 nostrorum
1261 2995 1401 3080 sepultae
1423 2996 1497 3060 reli·

133 3088 263 3177 „quiae
284 3089 424 3174 sapiunt,
456 3087 481 3152 si
503 3107 567 3153 non
588 3108 651 3151 una
672 3109 744 3153 cum
765 3108 901 3172 corpore
927 3108 1035 3153 sensus
1057 3088 1160 3153 omnis
1181 3111 1245 3153 uno
1266 3100 1360 3176 atque
1382 3090 1495 3154 eodem

170 3193 372 3267 consumptus
401 3189 448 3246 cst
468 3181 549 3266 igni,
579 3180 655 3268 quid
676 3181 737 3246 illis
759 3179 1038 3267 interrogantibus,
1068 3181 1144 3266 qnid
1165 3192 1235 3265 agat
1256 3204 1338 3247 nunc
1358 3184 1494 3269 populus

170 3280 343 3350 Romanus,
368 3275 572 3361 respondebit
592 3261 704 3361 aliquis
726 3280 885 3349 nostrum,
915 3279 968 3360 qui
990 3276 1154 3361 proximus
1176 3275 1311 3340 inillam
1334 3286 1494 3340 aeternam

171 3369 299 3436 domum
322 3369 523 3436 discesserit?
544 3375 606 3435 Aut
627 3390 721 3455 quem
743 3369 896 3455 accipient
917 3369 956 3434 dc
976 3370 1040 3434 suis
1060 3375 1195 3455 posteris
1210 3374 1352 3435 nuntium
1373 3370 1418 3434 illi
1442 3390 1497 3433 vc-

168 3471 253 3527 tcres
273 3461 426 3538 Africani,
455 3462 599 3554 Maximi,
627 3463 743 3538 Paulli,
775 3464 957 3548 Scipiones?
988 3463 1064 3550 quid
1092 3463 1131 3529 de
1154 3485 1209 3528 sua
1230 3464 1329 3549 patria
1350 3463 1494 3536 audient,

132 3576 266 3642 „quam
295 3556 402 3641 spoliis
431 3556 659 3643 triumphisque
687 3556 897 3623 decorarunt?
932 3562 979 3622 An
1009 3579 1076 3621 esse
1105 3557 1260 3644 quendam
1285 3578 1384 3621 annos
1405 3577 1495 3622 nvn.

168 3656 293 3721 natum,
323 3648 413 3713 cuius
442 3670 518 3714 avus
547 3649 643 3715 suerit
669 3651 879 3734 argentariae,
902 3649 1105 3735 adstipulator
1126 3660 1229 3735 patcr;
1259 3658 1393 3735 uterquc
1416 3669 1494 3712 vero

56 3766 67 3787 ·
170 3740 348 3828 precarium
369 3752 533 3828 quaestum
554 3744 680 3818 lecerit,
710 3744 766 3809 sed
787 3743 867 3808 alter
887 3763 987 3829 usque
1008 3742 1046 3806 ad
1068 3753 1273 3816 senectutem,
1296 3750 1331 3806 ut
1352 3762 1417 3806 non
1440 3762 1495 3804 ne·

168 3843 274 3921 garet;
302 3834 381 3900 31133
401 3856 420 3899 3
440 3837 592 3921 pucritia,
614 3847 733 3903 utnon
755 3846 861 3924 posset
882 3856 944 3902 non
966 3836 1124 3902 confiteri:
1153 3859 1225 3901 eum
1247 3856 1356 3921 agere,
1378 3855 1493 3919 rapere

167 3949 235 3994 rem
250 3926 423 4014 publicam,
447 3929 498 3994 cui
520 3931 603 3996 nulla
625 3930 744 4004 virtus,
767 3931 926 3995 nonullae
941 3928 1024 3995 bello
1043 3928 1189 3995 subactae
1211 3939 1242 3994 ct
1262 3928 1303 3993 ad
1322 3928 1491 4013 imperium

130 4021 332 4103 qadiuuctae
356 4021 554 4108 provinciae,
577 4023 661 4088 nulla
683 4022 815 4107 dignitas
837 4023 990 4088 maiorum
1012 4023 1206 4089 conciliasset
1227 4043 1295 4087 cam
1308 4021 1492 4107 potentiam,

167 4114 222 4178 sed
242 4113 345 4179 forma
365 4135 424 4201 per
445 4115 596 4189 dedecus,
621 4116 786 4201 pecuniam
807 4126 838 4181 31
859 4138 973 4182 nomeu
994 4117 1100 4182 nobile
1121 4117 1367 4182 consceleratum
1389 4113 1494 4197 impu-

235 4286 262 4336 1.
274 4287 360 4347 ipsum
369 4287 526 4338 Cratander.
538 4312 570 4325 -
589 4289 616 4340 2.
629 4289 665 4339 ,lc
676 4288 698 4339 1.
711 4313 741 4324 -
761 4289 787 4340 3.
798 4290 989 4350 praedicebant
1002 4290 1162 4339 Lambinus:
1173 4287 1371 4352 praedicabant
1385 4285 1489 4335 11111.-

166 4352 527 4420 33333333313133313111.
551 4384 586 4392 -
622 4360 882 4409 13333333113331.
911 4384 938 4397 -
976 4360 1019 4409 ts.
1039 4359 1235 4420 capiendum:
1254 4356 1437 4419 rapiendam
1459 4382 1489 4392 -

165 4423 210 4474 17.
226 4438 335 4486 peecare
354 4426 377 4475 1.
397 4453 429 4463 -
466 4429 676 4478 333333131-
712 4431 754 4480 sa.
773 4443 824 4494 qao
843 4431 864 4479 11
883 4436 943 4479 313
962 4429 1027 4480 Cod.
1056 4430 1112 4480 lac.
1131 4428 1299 4479 Gronovius:
1319 4427 1390 4489 quod
1409 4425 1490 4475 111.-

164 4494 209 4544 21.
230 4509 261 4545 33
279 4502 365 4545 133333
385 4496 436 4546 1113
456 4500 544 4546 tumen
562 4499 642 4549 3311.
666 4523 700 4533 —
735 4500 779 4549 23.
798 4497 940 4562 malorum]
960 4502 1085 4550 mutarem
1104 4500 1126 4549 l.
1147 4524 1176 4535 -
1214 4498 1260 4548 27.
1279 4498 1310 4547 st
1327 4510 1383 4546 om·
1403 4496 1437 4544 11.
1459 4518 1494 4532 -

164 4564 211 4628 que·
228 4578 261 4615 33
277 4565 413 4617 33131113
433 4568 608 4630 3313313311.
630 4594 659 4606 -
685 4568 730 4618 28.
749 4570 815 4619 hune
833 4584 888 4620 om.
909 4571 940 4619 11.
963 4597 991 4607 -
1016 4568 1279 4631 2333331133337.
1302 4592 1331 4604 -
1357 4567 1402 4615 31.
1423 4573 1493 4627 aaut

164 4644 207 4684 res
220 4633 328 4696 publica
347 4631 415 4698 (om.
433 4637 514 4695 3333)
533 4637 564 4686 11.
585 4663 617 4673 -
636 4638 680 4687 32.
696 4640 817 4700 proxime
836 4640 869 4689 Τ.
888 4667 921 4677 -
946 4639 989 4690 33.
1009 4641 1152 4690 discesserit
1170 4638 1224 4688 1113
1242 4638 1381 4688 decesserit
1398 4636 1493 4685 Tu.-

163 4701 209 4754 ³5.
228 4717 291 4754 sur.
311 4704 357 4755 111.
383 4727 417 4741 -
451 4705 496 4756 37.
516 4704 605 4766 lecerit
623 4714 761 4770 quaestum
779 4710 802 4760 1.
828 4734 859 4745 -
896 4710 940 4761 33.
960 4724 1015 4758 aon
1032 4710 1173 4758 3311331113
1191 4708 1280 4758 nullae
1298 4707 1330 4756 11.
1353 4730 1389 4744 -
1425 4706 1494 4756 bello

163 4784 219 4823 om.
239 4775 261 4825 1.
284 4799 313 4811 -
350 4775 395 4825 10.
415 4777 579 4827 conciliasset
597 4791 670 4839 opem
685 4782 835 4840 parenstam
853 4780 888 4841 11,
915 4779 1009 4830 concil.
1028 4781 1053 4831 es'
1067 4780 1216 4842 potentium
1234 4778 1257 4832 1.
1293 4777 1368 4828 Fert.
1395 4777 1493 4826 333311.

163 4855 237 4903 opem
255 4851 280 4894 et
296 4845 451 4906 potentiam.
476 4845 527 4897 03.
549 4871 579 4882 -
616 4847 661 4897 tt.
679 4850 861 4911 inmadtes'ta'ne
879 4849 924 4899 111.
