3256 5400
195 228 273 276 11·ss

197 371 363 463 dtbcavlt,
392 373 597 458 omniumque
618 371 776 438 librorum
798 372 896 458 copia
917 373 952 439 et
971 372 1137 439 varietate
1160 371 1318 438 instruxit
1339 373 1441 458 atque
1463 388 1523 436 or-

197 479 308 543 navit:
331 494 415 563 quae
436 476 557 542 nemini
578 475 693 542 clausa
715 479 768 542 est
789 476 936 542 invisere
958 476 1096 541 uolenti.
1138 475 1212 542 llos
1231 494 1314 565 ergo
1330 476 1472 566 quinque
1488 476 1523 540 ln

197 583 368 665 potestate
389 579 507 667 babai,
529 582 685 666 totosque
707 597 779 646 cum
802 580 884 645 totis
905 579 1095 665 syllabatim
1116 577 1358 666 fastidioseque
1379 579 1522 648 contult:

196 684 345 769 reliquos
365 701 443 767 sex,
465 682 554 769 quod
575 683 679 748 nihilo
692 684 846 749 meliores
860 684 1116 772 comperiebam,
1138 686 1239 770 prout
1253 701 1308 750 res
1322 683 1415 771 tulit,
1437 700 1523 750 con-

197 786 283 852 sului
305 786 416 871 potius
437 779 634 873 aliquando,
657 804 753 873 quam
774 786 859 876 legi:
894 786 929 850 ln
952 786 1070 872 quibus
1090 789 1162 852 tres
1183 787 1319 853 fuerunt
1340 784 1524 853 doctissimi

195 890 261 956 viri
281 888 483 955 Bernardinl
503 887 621 956 Mallei
644 889 848 968 Cardlnalts,
870 907 954 976 quos
975 906 1081 975 penes
1101 888 1245 957 beredes
1265 889 1406 975 reperiri
1428 889 1523 956 licet:

196 1011 283 1060 unm
304 987 493 1060 tiardinalis
514 982 656 1078 metit),
684 993 739 1079 qai
760 996 839 1079 post
859 993 983 1059 obitum
1004 992 1111 1081 illius,
1133 1010 1206 1060 cum
1227 993 1357 1080 reliqua
1378 993 1524 1078 optimo-

195 1115 266 1163 rum
294 1096 453 1163 librorum
482 1094 702 1180 bibliotheca,
733 1097 767 1161 ln
796 1112 926 1163 manum
946 1095 1042 1162 venit
1063 1095 1237 1164 clarissimi
1257 1096 1468 1184 imperatoris
1489 1097 1523 1161 et

195 1199 369 1268 fortlmimi
390 1199 531 1266 hominis
552 1199 645 1266 Petri
666 1195 829 1287 Stroaae,
863 1216 931 1264 non
958 1200 1065 1266 minus
1085 1199 1216 1266 Latinis
1237 1198 1443 1287 Graecisque
1464 1200 1525 1265 llt-

195 1306 296 1392 teris,
318 1322 414 1392 quam
435 1305 534 1371 animi
554 1302 800 1393 magnitudine,
823 1320 887 1390 qua
909 1306 1043 1370 ceteros
1059 1306 1249 1392 superavit,
1271 1303 1524 1392 praecellentia:

197 1425 294 1495 quam
316 1427 443 1474 omnem
464 1406 710 1475 Bibliothecam
738 1407 836 1473 audio
863 1405 1051 1492 Philippum
1076 1407 1176 1476 tilium
1205 1422 1278 1477 cum
1299 1409 1428 1495 reliqua
1450 1425 1524 1475 cum

195 1513 410 1600 pecuniarum
441 1514 509 1577 tum
537 1511 697 1576 vtrtutum
725 1514 938 1596 paternarum
969 1509 1158 1579 hereditate
1188 1513 1347 1581 crevisse.
1390 1511 1524 1596 Reliqui

197 1616 263 1682 dno
291 1617 383 1701 libri,
418 1615 506 1682 alter
533 1613 623 1700 apud
652 1611 830 1682 Octavium
856 1612 1105 1704 Pantagatbum
1127 1619 1219 1701 erat,
1254 1616 1350 1685 cutus
1370 1616 1426 1682 ille
1448 1615 1525 1681 mibi

195 1723 342 1807 copiam,
371 1719 632 1806 quotiescunque
653 1718 761 1802 uolui,
791 1718 880 1783 ultro
902 1717 998 1785 fecit:
1034 1738 1130 1806 quem
1153 1725 1263 1787 tamen
1284 1719 1397 1788 alebat
1418 1719 1524 1786 luisse

196 1823 407 1893 eruditissimi
434 1823 500 1887 viri
528 1825 563 1888 et
589 1822 851 1888 innocentissimi
880 1823 1049 1908 episcopi,
1078 1823 1220 1889 Antonii
1242 1822 1445 1914 Augustini,
1483 1821 1525 1889 de

196 1948 261 2016 qao
283 1945 366 1994 vere
388 1925 452 1994 boc
474 1929 624 2013 tempore
644 1923 811 1991 attirmare
833 1943 1026 2013 possumus,
1050 1925 1139 2013 quod
1153 1946 1214 1993 suo
1234 1926 1277 1993 de
1298 1925 1339 2011 0.
1355 1923 1526 1995 Scaevola

197 2032 322 2099 dixisse
352 2029 509 2099 crassam
537 2027 588 2095 M.
608 2026 737 2094 'lollius
758 2028 892 2094 scribit:
929 2047 1007 2095 esse
1029 2030 1119 2096 illum
1141 2031 1427 2119 iurisperitorum
1450 2031 1526 2098 elo-

196 2135 460 2224 quentissimum,
474 2135 509 2200 et
518 2132 833 2217 eloquentiamluris
842 2133 1090 2218 peritissimum:
1112 2135 1375 2202 alterinnostris
1386 2133 1527 2202 aedibus

194 2241 275 2310 utu
304 2235 500 2307 servatoris
527 2235 719 2320 Bononiae,
754 2236 789 2300 ln
816 2235 986 2323 locuplete
1008 2240 1043 2303 et
1065 2239 1277 2305 ornatissima
1297 2236 1528 2320 Bibliotheca:

197 2364 292 2434 quem
314 2361 379 2434 ego
401 2341 443 2408 ed
464 2340 690 2426 praeteriens,
711 2339 839 2426 aliquot
861 2340 895 2405 in
917 2340 1017 2430 locis,
1039 2345 1077 2407 at
1099 2342 1153 2426 tit,
1173 2343 1265 2409 nullo
1287 2342 1403 2411 ordine
1418 2343 1527 2434 attigi.

195 2450 261 2517 llis
288 2465 373 2537 ergo
400 2445 550 2512 omnibus
578 2462 659 2509 usus
687 2458 775 2508 sum:
813 2462 897 2527 quos
924 2462 1008 2534 ego,
1041 2464 1179 2532 quorum
1206 2448 1241 2512 in
1267 2466 1366 2513 manu
1393 2450 1527 2535 essent,

197 2551 386 2640 signiticare
406 2549 515 2630 volui,
550 2551 604 2634 ut,
637 2548 669 2612 sl
690 2548 743 2612 cul
766 2544 849 2612 tides
871 2550 988 2614 nostra
1009 2548 1043 2613 in
1064 2550 1289 2634 suspicionem
1312 2552 1461 2638 veniret,
1497 2552 1528 2616 is

197 2655 338 2722 baberet
359 2650 447 2720 ande
462 2669 534 2718 cam
548 2653 665 2737 posset
680 2649 861 2733 deponere.
902 2648 974 2717 Nos
988 2654 1081 2719 certe
1097 2656 1134 2717 ut
1149 2671 1170 2718 a
1187 2654 1306 2739 culpae
1320 2656 1529 2722 conscicntia

198 2760 372 2848 absumus,
392 2758 441 2822 lta
463 2756 551 2822 omni
570 2754 761 2839 suspicione
784 2752 946 2822 mendacii
967 2772 1084 2823 carere
1103 2756 1265 2822 volumus
1307 2752 1528 2825 Emendatio-

198 2883 276 2931 num
303 2880 386 2930 vero
413 2863 449 2927 et
476 2859 702 2943 suspicionum
729 2858 969 2945 inscripsimus,
1007 2877 1051 2925 ne
1081 2858 1198 2926 eodem
1228 2862 1303 2928 loco
1339 2862 1529 2930 videremur

198 2966 323 3037 habere
345 2969 380 3032 et
401 2981 486 3050 quae
508 2980 551 3028 ex
573 2961 709 3050 ingenio
732 2963 767 3025 et
788 2979 873 3044 quae
896 2979 938 3027 ex
959 2966 1105 3029 uetustis
1125 2963 1220 3032 libris
1241 2968 1398 3032 restituta
1418 2970 1525 3033 sunt.»

283 3069 464 3138 Lambinus
486 3069 604 3133 autem
632 3063 675 3129 de
702 3064 773 3129 suls
800 3062 906 3131 codd.
934 3065 1019 3134 baec
1047 3068 1154 3134 refert
1181 3070 1214 3133 ln
1237 3067 1529 3138 Annotatt.(lurls

199 3173 357 3247 mennas
385 3191 428 3239 ex
455 3169 602 3237 editione
629 3164 908 3237 Sanctandreana
936 3169 1184 3238 M.n.1.xxx.
1219 3173 1254 3237 8.
1287 3191 1365 3263 pag.
1392 3170 1527 3239 4002:

202 3280 317 3366 nouae
337 3280 372 3345 in
393 3277 446 3344 bis
466 3275 511 3343 ad
532 3272 682 3342 Atticum
704 3275 857 3358 epistolis
879 3274 1054 3341 emendata
1075 3279 1169 3359 sunt,
1192 3277 1387 3343 omniafere
1408 3276 1448 3343 P.
1463 3277 1528 3343 Vi-

200 3387 326 3476 ctorlo,
358 3382 478 3449 Paullo
501 3379 674 3464 Manutio,
700 3373 780 3445 Seb.
794 3378 962 3470 corrado,
992 3378 1076 3445 Adr.
1091 3379 1263 3466 Turnebo,
1292 3381 1530 3447 Leon.Ma1a-

201 3491 330 3576 sptnae,
364 3489 399 3553 et
421 3483 594 3554 codicibus
614 3480 840 3569 Memmianis,
875 3483 1054 3548 Huraltino
1087 3487 1122 3550 et
1150 3483 1358 3551 'farnesiano
1386 3488 1529 3571 accepta

201 3589 382 3661 referenda
402 3591 509 3656 sunt.»
533 3616 576 3632 -
606 3584 692 3652 ibid.
713 3585 741 3650 l.
762 3584 796 3651 1.
817 3589 876 3674 qut
901 3591 938 3651 et
961 3590 1103 3674 raepoott
1127 3591 1163 3652 et
1189 3592 1322 3654 ttaraott
1349 3578 1528 3670 morbum]

204 3699 274 3766 «sic
295 3692 473 3787 legendum
494 3694 529 3759 et
550 3692 598 3756 ita
618 3689 777 3774 scriptum
800 3692 853 3755 est
875 3691 910 3753 ln
931 3689 1048 3757 codice
1074 3689 1282 3757 'farnesiano
1310 3693 1530 3780 antiquis-

202 3804 332 3871 simo.»
359 3828 401 3842 -
436 3815 515 3886 pag.
535 3788 671 3860 4004:
709 3790 832 3857 «uther
858 3811 1022 3860 manuscr.
1048 3793 1275 3861 'lurnesianus
1297 3799 1332 3861 et
1352 3797 1399 3885 is,
1433 3814 1559 3882 quem·

201 3905 281 3975 mlbl
307 3900 514 3972 commodato
542 3896 634 3965 dedit
655 3896 683 3963 1.
703 3895 903 3962 llaraltinus
923 3894 1146 3963 Boetallerlus
1167 3902 1202 3964 et
1224 3918 1308 3986 quos
1328 3917 1350 3965 a
1370 3899 1529 3966 Memmio

202 4010 321 4096 accept
348 4010 431 4076 cet.»
463 4034 506 4050 -
535 4021 614 4093 pag.
638 3995 773 4066 4005:
804 4003 981 4087 «proxime
1013 3996 1218 4088 Pompeiam
1250 3993 1435 4085 cedebam]
1469 3998 1530 4071 Sic

201 4114 336 4181 restitut
355 4129 400 4178 ex
421 4105 589 4175 Diomede.
632 4102 719 4188 Quin
747 4105 797 4171 sie
826 4102 971 4171 babebat
999 4107 1034 4169 et
1059 4103 1168 4171 codex
1189 4105 1435 4195 lurnesianus3
1468 4106 1531 4175 scd

203 4215 405 4286 correctoris
427 4229 489 4280 seu
510 4212 622 4296 potius
643 4209 851 4292 corruptoris
871 4224 988 4273 manus
1008 4207 1116 4275 locum
1138 4210 1325 4295 inquinavit
1346 4215 1381 4278 et
1404 4210 1531 4298 depra-

203 4322 326 4389 vavit.»
360 4354 403 4369 »-
438 4335 470 4403 p.
491 4310 625 4383 4008.:
659 4311 876 4379 «tarassiam
907 4312 1140 4379 auctoritatem
1171 4313 1301 4398 plurimi
1333 4315 1452 4384 tacto.»
1487 4346 1530 4363 -

204 4446 238 4514 p.
254 4420 388 4496 4010:
412 4420 660 4486 «lurnesianus
680 4416 719 4483 P.
733 4417 874 4483 Victorii
895 4413 1012 4483 codice
1034 4416 1137 4507 longe
1158 4420 1194 4483 et
1215 4419 1384 4504 antiquior
1405 4422 1439 4485 et
1454 4439 1528 4487 me.

203 4531 270 4597 lior
282 4532 362 4596 est.»
378 4555 420 4572 -·
434 4544 469 4611 p.
481 4520 615 4591 4013:
640 4520 898 4587 «uurnestsnum
913 4520 1063 4587 omnibus
1077 4523 1276 4606 antepono.»
1292 4551 1334 4564 —
1349 4541 1381 4608 p.
1394 4518 1528 4591 torn:

97 4672 104 4681 ·
208 4633 303 4703 «Non
324 4632 418 4720 potul
438 4632 491 4696 tot
512 4629 668 4696 librorum
690 4627 725 4692 et
745 4625 938 4694 Italicorum
958 4629 993 4692 et
1015 4626 1231 4714 nostratium,
1254 4625 1529 4694 Memmianorum

277 4846 299 4918 'l
316 4845 439 4904 Nicotaus
456 4843 607 4909 ltodullua,
625 4840 790 4906 caraunus,
809 4847 937 4906 pauouua
955 4841 1044 4897 tuerat
1060 4840 1236 4909 llalaaptnaa.
