3256 5400
633 229 708 293 un.
730 228 786 291 lx.
827 229 887 291 BP.
911 226 960 291 14.
984 229 1032 290 15.
1408 229 1466 290 581

158 389 245 456 Bruti
266 408 300 453 se
320 407 438 472 poenas
458 384 605 471 persequi
629 385 831 470 omniumque
853 405 978 457 eorum,
1001 385 1034 448 in
1056 404 1135 470 quos
1157 383 1242 449 Sulla
1262 382 1397 449 crudelis
1410 383 1470 448 boc

158 485 243 550 socio
265 482 390 554 suisset,
422 480 498 544 nibil
521 479 688 545 Curionem
711 500 744 543 se
767 479 844 542 duce
872 477 993 551 lacere,
1023 478 1108 563 quod
1130 499 1191 542 non
1214 478 1264 543 bic
1285 477 1369 542 Sulla
1391 477 1470 543 duce

155 578 280 643 iecisset
311 574 381 656 †ad
410 572 610 637 ambitionem
640 571 753 658 quibus
780 572 868 638 exilii
896 592 997 655 poena
1026 570 1242 656 superioribus
1264 572 1385 657 legibus
1406 593 1470 637 non

156 672 284 745 suisset;
317 669 355 734 ab
385 669 439 733 illo
472 671 593 750 patriae
622 665 800 748 proditores
829 666 868 730 de
891 665 987 730 exilio
1019 664 1166 729 reductos
1199 686 1283 742 esse;
1320 671 1408 752 queri
1431 665 1469 729 de

156 767 270 832 Milone
284 785 342 849 per
356 763 418 827 vim
435 761 580 846 expulso;
597 761 751 824 neminem
767 768 867 823 tamen
883 781 916 823 se
933 758 1139 831 violaturum,
1157 761 1216 823 nisi
1228 760 1281 845 qui
1297 782 1381 824 arma
1397 779 1493 824 con-s

157 868 214 924 tra.
256 863 340 922 Haec
367 853 500 921 Baebius
530 853 671 939 quidam,
709 875 725 916 a
756 855 891 918 Curione
922 872 973 917 ιιι.
1001 852 1046 916 Id.
1078 853 1253 936 prolectas,
1291 854 1385 918 bomo
1408 874 1471 917 non
1526 927 1528 931 ¹

157 953 273 1026 iulans,
306 950 392 1031 †sed
424 954 512 1035 quis,
544 948 599 1012 ulli
629 967 691 1011 non
722 946 811 1010 dicat.
856 947 946 1010 Plane
977 946 1100 1018 nescio,
1137 947 1210 1027 quid
1239 967 1338 1030 agani.
1391 946 1471 1010 lllim

159 1046 303 1132 equidem
326 1048 462 1110 Cnaeum
483 1041 659 1126 proiectum
681 1051 767 1123 puto.
811 1039 970 1124 Quidquid
993 1049 1055 1113 est,
1089 1038 1184 1104 biduo
1207 1041 1350 1104 sciemus.
1393 1044 1471 1103 Ate

157 1138 248 1215 nibil;
272 1158 311 1202 ne
332 1142 464 1200 Anteros
487 1133 611 1220 quidem
634 1132 709 1217 quid
730 1135 914 1199 litterarum.
957 1139 1019 1197 Noe
1041 1133 1174 1198 mirum:
1213 1132 1288 1218 quid
1310 1132 1392 1195 enim
1415 1141 1470 1204 est,

157 1231 242 1315 qnod
264 1229 457 1295 scribamus?
490 1232 556 1311 Ego
578 1238 680 1291 tamen
701 1227 819 1291 nullum
843 1228 924 1292 diem
948 1233 1170 1313 praetermitto.
1216 1232 1245 1291 3.
1270 1226 1389 1309 Scripta
1405 1226 1508 1309 epi-¹⁰

157 1325 251 1397 stola,
273 1324 394 1388 litterae
416 1321 490 1385 mibi
512 1331 582 1385 ante
603 1320 704 1384 lucem
726 1341 743 1382 a
764 1324 861 1407 Lepta
884 1327 986 1406 Capua
1008 1320 1148 1385 redditae
1171 1330 1242 1385 sunt
1263 1317 1342 1383 ldib.
1365 1323 1470 1389 Mart:

156 1418 338 1503 Pompeium
360 1438 378 1481 a
399 1414 565 1480 Brundisio
587 1412 817 1489 conscendisse,
855 1424 887 1479 at
908 1419 1071 1481 Caesarem
1100 1436 1127 1478 a.
1157 1414 1187 1478 d.
1211 1434 1269 1479 vn.
1291 1412 1359 1477 lial.
1381 1413 1471 1496 Apri·

157 1510 202 1575 les
225 1514 348 1596 Capuae
368 1510 449 1576 lore.

615 1651 678 1713 ιιι.
722 1650 781 1728 (ι.
808 1652 840 1713 n.
864 1652 895 1714 c.
918 1652 1011 1731 τοι.)

631 1772 775 1837 cronno
797 1775 941 1837 arrico
964 1775 996 1840 s.
1357 1808 1360 1819 ·
1482 1795 1507 1833 ι.

243 1906 270 1968 1.
307 1904 384 1968 Cum
412 1899 566 1965 dedissem
596 1900 635 1965 ad
664 1911 693 1966 te
726 1902 861 1977 litteras,
895 1912 929 1966 ut
956 1902 1052 1966 scires
1080 1906 1242 1968 Caesarem
1264 1903 1386 1985 Capuae
1407 1919 1470 1964 vrr.

156 1996 285 2062 Kalend.
314 1995 399 2069 lore,
443 1994 553 2058 allatae
585 1994 660 2060 mibi
690 1999 794 2081 Capua
824 2005 895 2061 sunt
926 1996 1045 2060 litterae
1074 2017 1146 2060 eum
1179 1996 1211 2059 in
1239 1994 1357 2059 Albano
1387 1992 1470 2078 apud

158 2092 324 2157 Curionem
347 2108 379 2153 v.
401 2089 467 2153 llal.
488 2087 568 2152 fore.
621 2093 701 2153 Eum
723 2111 794 2154 cum
815 2089 942 2164 videro,
971 2089 1121 2175 Arpinum
1144 2109 1281 2174 pergam.
1339 2087 1371 2151 Si
1393 2085 1470 2151 mibi

158 2183 294 2255 veniam,
328 2203 420 2267 quam
441 2191 539 2268 peto,
567 2181 703 2256 dederit,
732 2194 803 2247 utar
823 2183 907 2248 illius
928 2183 1126 2259 condicione;
1155 2183 1202 2248 sin
1225 2182 1341 2254 minus,
1372 2181 1470 2267 impe·

158 2275 247 2341 trabo
274 2274 390 2360 aliquid
418 2297 435 2339 a
465 2297 515 2339 me
543 2275 622 2360 ipso.
670 2277 742 2351 Ille,
777 2276 816 2341 ad
844 2298 893 2340 me
925 2286 960 2340 ut
991 2277 1128 2362 scripsit,
1167 2276 1304 2359 legiones
1335 2275 1507 2358 singulas²⁰

157 2371 262 2456 posuit
282 2367 454 2441 Brundisii,
489 2368 634 2443 Tarenti,
665 2370 795 2454 Siponti.
854 2369 1005 2436 Claudere
1035 2371 1111 2435 mibi
1145 2370 1268 2434 videtur
1297 2368 1470 2432 maritimos

157 2464 274 2535 exitus,
308 2471 339 2526 et
367 2473 469 2526 tamen
501 2462 568 2546 ipse
602 2463 762 2527 Graeciam
785 2475 924 2545 spectare
947 2464 1050 2548 potius
1078 2486 1170 2550 quam
1194 2462 1365 2548 Hispanias.
1408 2460 1470 2525 Sed

157 2556 233 2619 baec
253 2555 376 2638 longius
398 2553 518 2618 absunt.
575 2558 605 2618 2.
641 2559 690 2619 Me
720 2576 800 2618 mmc
833 2564 864 2618 et
885 2576 1069 2639 congressus
1092 2556 1182 2620 buius
1204 2556 1340 2621 stimulat
1370 2592 1408 2603 -
1441 2555 1470 2620 is

157 2670 234 2714 vero
257 2648 344 2712 adest
365 2680 416 2720 -,
447 2658 477 2711 et
498 2647 614 2732 primas
636 2652 703 2711 eius
725 2648 861 2711 actiones
884 2648 1010 2714 horreo.
1053 2648 1144 2714 Volet
1167 2648 1264 2722 enim,
1298 2648 1407 2720 credo,
1438 2651 1469 2712 S.

158 2746 190 2807 C.
212 2741 334 2818 lacere3
367 2740 451 2804 volet
472 2761 625 2825 augurum
648 2741 822 2817 decretum;
850 2747 1008 2827 rapiemur
1030 2751 1082 2807 aut
1104 2741 1246 2807 absentes
1268 2742 1507 2816 vexabimunu

156 2834 206 2898 vel
229 2844 263 2898 ut
292 2833 434 2898 consules
462 2842 554 2917 roget
575 2842 702 2919 praetor
734 2834 783 2899 vel
811 2835 991 2901 dictatorem
1024 2836 1121 2909 dicat,
1160 2858 1295 2922 quorum
1323 2847 1468 2900 neutrum

157 2930 204 2994 ius
227 2940 282 2994 est.
326 2929 387 2993 Sed
408 2928 434 2994 si
457 2928 541 2993 Sulla
565 2928 666 3014 potuit
687 2928 825 3004 efficere,
857 2927 1073 3013 ab'interrege
1094 2938 1129 2995 nt
1150 2927 1282 2995 dictator
1302 2930 1469 3004 diceretur,

157 3045 214 3088 cur
242 3023 292 3087 bic
322 3044 384 3087 non
413 3022 532 3108 possiti
568 3021 649 3086 nihil
678 3021 828 3107 expedio,
865 3022 925 3086 nisi
952 3032 986 3086 ut
1007 3032 1060 3087 aut
1081 3021 1119 3085 ab
1142 3023 1215 3095 boc,
1252 3031 1407 3108 tamquam
1430 3024 1469 3099 Q.

156 3118 292 3192 Mucius,
321 3126 373 3182 aut
399 3115 438 3181 ab
467 3117 536 3192 illo,
574 3127 729 3201 tamquam
751 3119 785 3179 L.
808 3115 922 3199 Scipio.
966 3120 995 3180 3.
1019 3119 1096 3180 Cum
1123 3125 1157 3180 tu
1179 3114 1254 3179 haec
1276 3116 1376 3199 leges,
1410 3135 1469 3199 ego

158 3212 243 3275 illum
274 3210 403 3275 sortasse
436 3230 624 3278 convenero.
668 3211 825 3273 Τέτλιιθιῑ
853 3245 894 3255 -
927 3211 1085 3294 κύντερον·
1110 3245 1148 3256 -
1178 3231 1217 3273 ne
1245 3208 1321 3272 illud
1343 3207 1506 3293 quidemn

158 3315 299 3369 nostrum
326 3303 501 3390 proprium.
543 3307 617 3367 Erat
646 3302 727 3366 enim
756 3322 826 3386 spes
858 3304 1025 3389 propinqui
1052 3303 1187 3380 reditus;
1220 3311 1287 3366 erat
1309 3301 1469 3365 hominum

225 3524 251 3572 2.
272 3524 379 3573 Curione
398 3523 433 3571 111
452 3528 478 3572 et
496 3535 535 3585 pr.
555 3522 592 3572 M.
626 3545 656 3556 -
693 3521 719 3571 3.
739 3523 774 3571 ad
793 3523 959 3571 ambitionem
978 3523 1069 3585 quibui
1087 3521 1168 3570 Mill:
1196 3522 1232 3569 ad
1250 3520 1432 3578 ambitionem·
1451 3534 1469 3569 a

156 3607 199 3651 se,
226 3594 316 3656 quibus
334 3606 363 3641 ex
383 3599 528 3654 partccum
552 3592 667 3642 Graevio
694 3592 725 3640 B.
762 3591 960 3645 (Lambinueea
979 3592 1038 3640 Lib.
1061 3590 1142 3648 tei,
1162 3591 1187 3639 8.
1208 3593 1247 3639 sic
1263 3591 1415 3653 supplevit:
1433 3592 1469 3654 {e-

157 3666 247 3719 ciuem
275 3663 307 3711 ab
326 3664 373 3711 tae
391 3664 443 3726 leae
461 3662 491 3711 de
509 3663 609 3712 ambitu
627 3676 669 3711 eae
686 3676 719 3711 ea
741 3663 802 3710 urbe
820 3677 870 3711 esse
889 3665 996 3719 eiectos,
1023 3659 1137 3724 quibus.)
1156 3680 1189 3694 -·
1224 3661 1250 3709 5.
1270 3675 1347 3710 arma
1364 3669 1467 3709 eontra.

157 3734 228 3782 Haec
245 3733 355 3781 Baebius
373 3731 528 3782 Schuetzius
541 3746 548 3780 ε
567 3746 643 3780 arma
661 3734 721 3782 baeu
733 3740 825 3782 contra
842 3733 945 3781 baebius
959 3745 999 3793 pr.
1011 3731 1048 3790 M,
1061 3744 1137 3779 arma
1150 3731 1211 3778 baec
1223 3738 1314 3779 cantra
1327 3731 1469 3780 BaebiusB

158 3810 183 3852 et
193 3816 263 3851 corr.
278 3801 321 3860 bl,
340 3817 417 3851 arma
436 3804 497 3851 haee
515 3809 607 3850 contra
622 3816 648 3851 ae
664 3809 809 3850 mouerant.
828 3803 920 3851 Bebiua
935 3802 955 3850 Ι.
972 3824 998 3834 -
1019 3802 1045 3850 7.
1065 3801 1170 3863 infamia
1183 3800 1214 3849 B.
1226 3822 1257 3833 -
1276 3801 1333 3863 quia
1344 3801 1404 3847 tuit
1415 3814 1470 3849 nom

158 3873 233 3933 Pius,
245 3872 358 3936 quirillo
368 3886 421 3921 nan
433 3872 579 3920 Lambinus
590 3877 616 3920 et
626 3872 646 3919 Ι.
659 3873 701 3920 Fr.
711 3871 872 3921 Gronovius.
886 3896 916 3907 -
936 3873 1005 3920 lilim
1017 3871 1131 3934 equidem
1140 3875 1249 3919 auctore
1262 3869 1473 3920 VictorioGree·

157 3944 215 3992 vius
227 3956 234 3990 ι
255 3943 299 3991 liti
311 3957 349 3990 ine
361 3943 462 4004 quidem
474 3943 523 3991 MR
535 3977 542 3998 ,
558 3942 634 3990 illinc
645 3943 746 4005 quidem
756 3942 777 3999 l,
790 3941 864 3991 illinc
873 3943 986 4004 equidem
996 3942 1026 3990 li.
1038 3966 1068 3976 -
1086 3942 1113 3990 o.
1127 3954 1158 3989 ne
1167 3936 1287 4001 Anteros]
1297 3946 1397 3988 staurus
1406 3945 1469 4003 poet

158 4012 199 4071 Y,
230 4026 261 4061 ne
280 4019 340 4060 ante
362 4015 420 4073 pios
443 4013 483 4068 B,
511 4024 543 4060 ne
561 4020 621 4060 aute
639 4025 745 4073 prorsas
768 4010 818 4060 Ml.
856 4012 900 4068 (Ut
919 4025 982 4067 nos,
1003 4011 1121 4065 Bosius.)
1155 4032 1182 4042 ·-
1220 4011 1282 4073 quid
1310 4005 1468 4072 litterarum]

157 4083 202 4144 qui
228 4095 245 4130 u
271 4089 295 4130 te
312 4082 332 4130 l.
358 4080 394 4139 l,
421 4084 484 4144 quin
511 4088 536 4129 te
563 4082 581 4130 i.
610 4081 670 4130 MB.
703 4106 731 4118 -
771 4080 813 4129 11.
834 4082 921 4143 Capua
938 4083 982 4139 M,
1012 4082 1116 4142 Capuae
1135 4080 1179 4129 ill.
1211 4103 1244 4114 -
1280 4079 1341 4127 idue
1364 4080 1415 4129 ΜΙ.
1435 4105 1466 4116 -

157 4151 272 4201 Marciae
297 4150 333 4200 M.
362 4176 394 4186 -
431 4151 472 4199 12.
497 4146 537 4212 at]
567 4152 602 4200 ad
618 4165 657 4212 pr.
678 4151 723 4208 M,
751 4165 782 4200 ae
801 4151 832 4199 B.
870 4150 915 4213 (Ut
934 4164 982 4200 nos
1002 4151 1013 4198 1
1032 4157 1057 4199 et
1076 4164 1145 4198 corr.
1167 4146 1218 4212 M.)
1243 4174 1275 4184 -
1313 4148 1357 4199 13.
1378 4150 1469 4212 Capua

157 4220 195 4270 M.
227 4242 257 4254 -
296 4221 338 4269 17.
357 4221 421 4268 mibi
449 4221 539 4280 Capua
565 4227 625 4269 eunt
651 4221 802 4270 victorius:
828 4222 891 4269 mibi
911 4221 1015 4282 Capuae
1038 4228 1097 4268 eunt
1117 4220 1183 4277 MR,
1213 4220 1277 4268 mibi
1294 4224 1354 4268 eunt
1372 4219 1415 4269 lli.
1437 4244 1468 4256 -

157 4290 261 4339 litterae
278 4285 343 4349 eum]
364 4296 388 4339 et
405 4290 452 4338 bae
469 4292 532 4338 milii
551 4299 574 4339 et
593 4290 654 4340 ΜΒ.
692 4290 736 4353 (Ut
756 4304 821 4348 nos,
843 4291 870 4346 1,
891 4292 936 4339 sed
957 4292 1021 4339 latet
1040 4289 1201 4351 corruptela.
1222 4286 1287 4349 On.)
1306 4314 1337 4322 -
1377 4291 1420 4342 18.
1440 4304 1467 4341 ι.

156 4360 219 4408 Καὶ.
247 4372 301 4408 οιιι.
332 4359 352 4406 l.
382 4385 414 4395 --
451 4361 492 4409 19.
521 4362 613 4409 imnar
642 4361 679 4412 M·
712 4385 740 4395 -
777 4361 865 4418 itlius,
884 4361 955 4422 quod
975 4359 1098 4410 babetM
1118 4366 1144 4408 et
1162 4372 1216 4420 mg.
1237 4358 1392 4418 Cratandri,
1413 4373 1468 4409 om.

157 4430 224 4478 BlB.
254 4451 284 4463 -
321 4425 372 4492 sin]
400 4431 423 4479 ei
449 4429 523 4480 Mill.
552 4453 583 4467 -
620 4431 663 4481 20.
683 4428 793 4493 aliquid]
821 4432 895 4479 atiud
921 4431 952 4479 B.
984 4455 1012 4466 -
1051 4432 1189 4479 admoui
1209 4443 1247 4490 pr.
1267 4429 1312 4478 M:
1332 4430 1470 4480 utadme

156 4499 215 4547 RlB
234 4503 260 4547 et
278 4511 347 4546 corr.
367 4499 403 4548 M.
428 4524 462 4535 -
498 4500 542 4548 21.
570 4497 827 4562 Sipontileiputem
847 4514 887 4562 pr.
908 4500 945 4550 M.
969 4524 1003 4533 -
1038 4500 1081 4548 22.
1102 4502 1227 4560 ipaeom.
1248 4498 1269 4546 1.
1298 4521 1326 4531 -
1364 4499 1407 4548 23.
1427 4500 1469 4550 Me

156 4576 244 4618 autem
270 4581 339 4618 aune
363 4569 385 4616 1.
415 4593 446 4605 -
482 4565 516 4630 ie]
536 4571 564 4618 id
583 4585 623 4632 pr.
641 4571 679 4619 Μ.
703 4591 736 4605 -
770 4570 813 4618 Bb.
831 4575 921 4631 prima
939 4571 992 4619 eiua
1009 4572 1119 4619 aetionis
1142 4569 1202 4618 MB-
1236 4593 1267 4604 -
1304 4567 1347 4616 25.
1367 4571 1469 4619 decreta

157 4639 179 4687 l.
212 4663 238 4672 -
277 4637 320 4686 27.
340 4637 390 4686 Sed
407 4633 440 4700 si]
460 4645 484 4689 et
502 4640 525 4687 ai
543 4640 677 4699 Ml,Btsi
702 4640 734 4689 B.
772 4637 858 4701 (Corr.
880 4653 910 4689 er
931 4640 994 4694 111..)
1023 4663 1053 4674 -
1089 4636 1128 4700 ut]
1147 4647 1171 4689 et
1190 4652 1230 4702 pr.
1250 4638 1341 4689 M.-
1376 4641 1469 4689 dicere-

157 4716 200 4757 tur
222 4714 247 4757 et
273 4709 396 4771 mapieter
419 4711 549 4771 equitum,
575 4724 620 4758 cur
646 4710 696 4759 ΜΙ.
734 4708 785 4758 Sed
816 4710 866 4759 cst.
898 4711 989 4759 Baetae
1015 4708 1129 4771 Capitol.
1156 4709 1189 4757 ad
1217 4722 1242 4757 a.
1263 4722 1290 4757 u.
1310 4720 1334 4755 c.
1354 4708 1416 4757 art.
1435 4729 1469 4744 -

156 4779 200 4828 28.
220 4780 350 4840 eapeditio
370 4793 409 4841 pr.
430 4778 467 4829 Μ.
490 4801 521 4814 -
558 4779 600 4828 30.
621 4778 759 4830 Τέτλαῧιι
781 4802 809 4812 -
830 4779 971 4851 κύντερον
992 4803 1018 4813 -
1038 4793 1070 4830 ne
1088 4779 1251 4828 Lambinus:
1273 4775 1380 4839 Τέιλα,
1400 4775 1469 4830 κύν-

157 4864 251 4921 τερον.
270 4863 302 4901 oe
319 4848 384 4909 MB3
404 4846 582 4900 Graeciam.
601 4848 647 4901 ut.
668 4875 698 4888 -·
735 4848 779 4900 ³1.
798 4849 859 4900 Brit
876 4874 886 4886 ·
905 4874 915 4886 ·
933 4855 991 4900 erat
1008 4848 1055 4907 Μ,
1074 4849 1134 4900 Brit
1152 4873 1162 4885 ·
1181 4872 1192 4884 ·
1209 4849 1259 4899 erit
1277 4849 1299 4899 l.
