3256 5400
645 213 719 289 LIB.
741 213 824 276 x111.
865 214 925 275 ΕΡ.
946 214 999 275 11.
1408 218 1467 281 671

143 368 320 455 diligentius
350 389 459 435 curem
491 389 586 457 quam
617 380 672 435 ant
698 368 738 435 de
770 389 900 435 rumore
932 377 985 436 aut
1013 368 1053 434 de
1084 368 1234 436 Pollione.
1292 375 1339 437 lle
1371 378 1468 440 Pansa

142 464 252 537 etiam,
281 462 307 527 si
330 462 405 548 quid
427 465 543 528 certius
565 500 606 509 -
636 461 730 529 credo
753 462 836 527 enim
858 463 960 548 palam
981 461 1099 529 factum
1120 484 1190 530 esse
1211 488 1273 543 -;
1306 465 1345 531 de
1368 467 1469 533 Crito-

141 557 213 629 nio,
250 557 277 621 si
309 555 384 640 quid
407 557 544 639 lesset3
579 566 665 622 certe
694 577 733 622 nc
760 555 799 622 de
829 555 955 622 Metello
987 566 1019 621 et
1039 555 1181 627 Balbino.
1226 562 1257 624 1.
1292 560 1350 625 Dic
1371 559 1469 633 mibi,

141 651 281 736 placetne
310 648 366 714 tibi
394 651 532 735 primum
553 650 649 717 cdere
671 650 792 716 iniussu
812 656 912 716 meo?
948 652 1016 716 Hoc
1037 673 1076 715 ne
1104 652 1321 720 Hermodorus
1342 654 1469 742 quidem

141 741 293 817 faciebat,
316 743 357 817 is,
381 745 435 829 qui
458 745 594 810 Platonis
617 743 715 811 llbros
737 745 848 810 solitus
870 751 918 809 est
939 743 1122 830 divolgare;
1152 768 1195 813 ex
1218 768 1298 834 quo,
1323 751 1494 832 λόγοισιν

138 839 357 924 Ἑρμόδωρος.
389 838 473 916 Quid
494 838 594 903 iltuit
614 849 777 904 rectumne
799 838 959 904 existimas
981 839 1126 927 cuiquam
1148 850 1220 906 ante
1242 861 1335 929 quam
1350 847 1469 908 Bruto?

141 931 193 996 cui
216 941 245 996 te
267 943 395 998 auctore
418 938 608 1016 προςρωοῶ.
654 933 784 1019 Scripsit
805 933 888 997 enim
907 931 1022 998 Balbus
1044 934 1083 999 ad
1105 955 1155 999 me
1177 955 1212 1000 se
1234 956 1252 1000 a
1274 946 1305 1001 te
1327 936 1469 1023 quintum

140 1022 181 1089 de
211 1023 340 1091 Finibus
366 1023 482 1092 librum
521 1026 741 1113 descripsisse;
774 1027 806 1091 in
835 1046 899 1113 quo
924 1047 988 1091 non
1016 1048 1091 1093 sane
1123 1029 1220 1094 multa
1248 1030 1382 1105 mutavi,
1415 1029 1471 1096 sed

141 1127 245 1183 umen
272 1119 435 1205 quaedam,
480 1126 526 1185 Tu
554 1130 658 1185 autom
687 1119 853 1186 commode
884 1119 1013 1195 leceris,
1046 1121 1072 1186 si
1094 1121 1234 1209 reliquos
1256 1123 1469 1199 continueris,

141 1233 181 1278 ne
209 1221 240 1277 et
268 1216 460 1301 ἀδιόρθωτα
489 1214 600 1280 babeat
627 1214 743 1280 Balbus
776 1224 807 1279 et
834 1215 922 1279 ἕωλα
950 1219 1074 1279 Brutus.
1119 1217 1180 1281 Sed
1206 1216 1281 1282 baec
1303 1217 1468 1292 hactenus,
1482 1227 1508 1269 ¹⁰

142 1328 181 1371 ne
203 1307 311 1372 videar
334 1321 406 1394 περὶ
426 1311 530 1393 μικρὰ
553 1307 757 1388 σπουδάζειν.
800 1308 867 1373 Etsi
888 1328 971 1372 nunc
991 1306 1119 1393 quidem
1141 1310 1278 1375 maxima
1299 1313 1377 1378 mibi
1399 1321 1471 1378 sunt

141 1400 227 1465 baec.
285 1401 369 1479 Quid
399 1412 447 1467 est
474 1403 556 1467 enim
579 1402 686 1468 aliud?
717 1401 853 1467 Varroni
882 1400 1008 1487 quidem
1035 1423 1116 1487 quac
1138 1403 1248 1490 scripsi
1271 1416 1301 1470 te
1324 1416 1467 1481 auctore,

141 1494 182 1558 ita
204 1514 344 1579 propero
373 1497 516 1568 mittere,
540 1496 656 1561 utiam
680 1502 810 1562 llomam
833 1495 972 1560 miserim
993 1494 1210 1568 describenda,
1252 1503 1297 1564 Ea
1319 1499 1346 1564 si
1367 1499 1472 1574 voles,

141 1588 242 1651 statim
264 1587 404 1653 habebis.
463 1590 579 1676 Scripsi
608 1589 692 1654 enim
720 1589 759 1653 ad
787 1587 952 1664 librarios,
987 1599 1021 1655 ut
1042 1589 1132 1655 lieret
1154 1591 1230 1664 tuis,
1253 1592 1281 1657 si
1302 1602 1336 1658 tu
1357 1593 1469 1667 velles,

141 1679 337 1747 describendi
360 1693 506 1769 potestas.
562 1688 606 1749 Ea
628 1703 706 1749 vero
728 1681 917 1757 continebis,
948 1683 1053 1770 quoad
1074 1685 1141 1771 ipsc
1162 1695 1193 1752 te
1215 1685 1354 1762 videam;
1384 1686 1507 1774 quod¹⁵

141 1773 377 1858 diligentissime
411 1776 514 1843 lacere
543 1778 640 1852 soles,
677 1797 747 1842 cum
777 1798 795 1840 a
822 1798 873 1840 mc
902 1776 959 1841 tibi
987 1778 1103 1843 dictum
1134 1789 1191 1845 est.
1245 1785 1276 1845 5.
1299 1779 1469 1858 Quomodo

141 1877 244 1932 autem
282 1868 362 1953 sugit
388 1892 438 1935 me
468 1869 525 1936 tibi
555 1871 680 1936 dicere?
712 1908 755 1919 —
784 1870 914 1935 mirilico
936 1873 1085 1936 Caerellia
1108 1872 1212 1938 studio
1234 1872 1380 1938 videlicet
1400 1872 1470 1959 pbi-

141 1962 302 2048 losophiae
331 1963 464 2049 llagrans
506 1963 654 2031 describit
685 1964 802 2040 atuis;
833 1967 910 2029 Istos
933 1971 1017 2050 ipsos
1046 1966 1084 2030 de
1105 1967 1233 2033 Finibus
1256 1967 1360 2036 babet.
1401 1971 1470 2052 ligo

140 2064 245 2120 autem
276 2055 331 2120 tibi
354 2058 508 2125 confirmo
530 2093 570 2104 -
593 2079 722 2145 possum
744 2058 822 2132 lalli,
857 2068 892 2123 ut
918 2059 1015 2125 bomo
1036 2089 1077 2104 —
1100 2066 1217 2126 amois
1239 2083 1307 2127 cam
1330 2082 1394 2127 non
1416 2060 1471 2125 ba·

141 2149 237 2229 bere;
274 2172 432 2236 nunquam
465 2153 548 2218 enim
578 2152 618 2217 ab
641 2153 741 2218 oculis
762 2152 841 2217 meis
862 2151 1019 2218 aluerunt.
1062 2159 1193 2219 Tantum
1216 2175 1314 2241 porro
1340 2154 1508 2230 aberat,2⁰

140 2256 175 2311 ut
197 2245 289 2310 binos
311 2245 502 2324 scriberent;
534 2245 589 2311 vix
611 2246 751 2331 singulos
772 2245 987 2312 coniecerunt.
1031 2253 1171 2314 Tuorum
1194 2258 1297 2313 tamen
1320 2268 1380 2332 ego
1401 2248 1471 2312 nul·

141 2338 206 2404 lum
229 2339 375 2404 delictum
397 2339 551 2413 arbitror,
588 2339 735 2427 idemque
757 2350 787 2404 te
808 2340 883 2406 volo
905 2341 1094 2406 existimare.
1147 2348 1174 2410 A
1201 2363 1252 2407 me
1275 2343 1357 2407 enim
1379 2363 1471 2428 prae·

140 2432 318 2497 termissum
340 2442 401 2506 est,
424 2442 459 2498 ut
480 2433 616 2499 dicerem
640 2455 690 2498 me
713 2455 768 2498 eos
799 2433 887 2498 exire
901 2434 1040 2500 nondum
1062 2435 1153 2504 velle.
1196 2436 1276 2508 Ilui,
1299 2456 1392 2522 quam
1415 2434 1471 2500 diu

140 2528 179 2594 de
202 2530 309 2614 nugisl
352 2533 399 2592 De
421 2548 457 2591 re
479 2528 562 2592 enim
584 2527 662 2593 nibil
683 2525 801 2600 babeo,
832 2527 917 2612 quod
940 2529 1064 2614 loquar.
1109 2533 1140 2593 6.
1164 2533 1210 2592 Ile
1231 2528 1392 2594 Dolabella
1412 2527 1471 2593 tibi

140 2624 303 2688 assentior.
347 2620 538 2695 coheredes,
574 2632 611 2687 ut
631 2618 760 2694 scribis,
794 2620 826 2684 in
850 2622 1038 2687 Tusculano.
1084 2626 1132 2686 De
1155 2621 1296 2687 Caesaris
1318 2620 1508 2693 adventu,²⁵

140 2717 267 2802 scripsit
288 2716 327 2781 ad
349 2737 401 2780 me
423 2714 552 2789 Balbus,
583 2735 648 2779 nnn
669 2722 740 2779 ante
762 2711 828 2780 llal.
851 2715 994 2780 Sextiles.
1038 2720 1085 2780 Dc
1106 2715 1204 2780 Attica
1227 2715 1361 2801 optime,
1384 2712 1470 2800 quod

140 2809 239 2874 levius
267 2830 303 2874 ac
330 2807 432 2874 levius
459 2817 491 2873 et
519 2807 605 2894 quod
635 2807 698 2872 lert
725 2809 874 2882 εὐκόλως.
931 2812 962 2872 7.
986 2807 1081 2885 Quod
1102 2817 1205 2872 autem
1228 2808 1268 2873 de
1289 2809 1342 2873 illa
1362 2817 1471 2874 nostra

139 2903 327 2987 cogitatione
349 2901 462 2968 scribis
483 2939 524 2949 -
545 2902 577 2968 in
599 2923 660 2988 qua
682 2900 760 2966 nihil
791 2899 848 2964 tibi
870 2899 947 2967 cedo
970 2937 1027 2975 -,
1061 2923 1113 2975 ea,
1152 2923 1232 2990 quae
1255 2903 1345 2977 novi,
1379 2901 1470 2967 valde

140 2995 259 3082 probo,
297 2995 475 3070 bominem,
506 2995 650 3069 domum,
688 2994 858 3060 facultates.
917 2994 1012 3072 Quod
1033 3005 1125 3081 caput
1147 3005 1256 3060 est-
1280 2996 1383 3082 ipsum
1405 3016 1469 3060 non

140 3088 214 3153 novi
235 3125 292 3162 —,
322 3089 379 3156 sed
400 3089 494 3155 audio
516 3088 693 3155 laudabilia.
736 3092 809 3162 „Ile
831 3087 986 3153 Scrolal”
1008 3089 1119 3154 Etiam.
1162 3089 1312 3154 Proxime
1333 3089 1507 3164 accedit,⁸⁰

141 3183 168 3247 si
190 3183 266 3268 quid
288 3183 348 3249 boc
369 3183 410 3249 ad
431 3204 515 3249 rem:
539 3187 757 3268 εὐγενέστερος
779 3191 827 3246 cst
847 3183 940 3246 etiam
970 3203 1064 3269 quam
1085 3192 1184 3268 peter.
1227 3187 1339 3248 Coram
1362 3184 1468 3269 igitur,

141 3277 322 3362 etquidem
348 3297 506 3363 propenso
527 3281 632 3341 animo
654 3275 694 3341 ad
714 3273 922 3362 probandum.
965 3276 1092 3340 Accedit
1114 3277 1215 3350 enim,
1238 3276 1323 3362 quod
1337 3285 1468 3363 patrem,

212 3497 238 3546 1.
264 3497 295 3547 de
322 3497 441 3546 Pomone
468 3502 517 3545 not
544 3495 664 3546 Pollione
688 3494 711 3544 1.
741 3519 772 3531 -
808 3496 834 3544 1.
863 3500 929 3544 essct
952 3495 988 3544 bl.
1014 3520 1047 3530 -
1085 3494 1469 3560 critoni01Nomenridetur

140 3573 307 3629 corruptum.
328 3567 377 3621 0..
399 3592 431 3603 -
468 3567 494 3616 3.
514 3568 537 3615 si
556 3567 621 3628 quid
638 3565 740 3628 [actum
759 3570 824 3614 esset
842 3564 875 3614 lt.
911 3567 985 3615 Fort.
1004 3568 1027 3615 si
1046 3566 1128 3628 quid·
1147 3567 1193 3615 sed
1211 3575 1283 3617 certe
1300 3567 1340 3615 de.
1361 3565 1413 3617 Os.
1436 3592 1465 3603 -

139 3636 166 3685 5.
185 3633 288 3702 λόγοις
305 3637 337 3686 tt.
369 3663 400 3673 —
437 3636 464 3686 c.
489 3631 675 3707 Ἑρμόδωρος
700 3631 905 3706 ἐμπορεύεται.
944 3635 1015 3698 Quid
1042 3636 1089 3686 Pio
1108 3642 1219 3687 auctore
1238 3637 1300 3687 Asc.
1322 3638 1411 3687 tertia.
1436 3661 1466 3672 -

140 3707 265 3756 emistimo
293 3709 339 3769 qui
365 3719 448 3771 quom
477 3707 563 3756 Bruto
590 3705 638 3763 11,
669 3707 806 3754 emittimus
833 3706 975 3766 quicquum
1001 3705 1088 3755 Bruto
1114 3706 1153 3765 R,
1182 3708 1306 3756 existima
1324 3708 1468 3770 quicquum

141 3775 227 3824 Bruto
256 3775 278 3825 l.
316 3774 361 3835 (Ut
380 3791 449 3836 nos,
482 3776 636 3829 Victorius-l
657 3800 688 3811 -
725 3775 751 3826 3.
771 3774 905 3839 quaedam
924 3775 1029 3825 addidi.
1069 3777 1108 3825 Tu
1127 3777 1149 3825 l.
1172 3800 1201 3810 -
1239 3774 1384 3839 commode]
1404 3789 1466 3839 quo·

139 3845 219 3894 modo
249 3846 271 3895 l.
305 3871 335 3881 -
372 3846 417 3896 11.
445 3848 516 3896 enim
542 3860 597 3895 om.
626 3844 647 3894 l.
681 3869 710 3882 -
750 3844 792 3895 13.
812 3845 929 3893 miserim
953 3845 986 3894 de
1004 3846 1179 3895 describendo
1196 3847 1224 3898 11
1232 3883 1240 3908 ,
1268 3848 1385 3897 miserim
1404 3846 1469 3896 scri·

141 3916 227 3964 bendo
246 3915 267 3964 l.
300 3941 331 3950 -
368 3918 413 3968 15.
439 3921 465 3964 te
487 3929 543 3967 om.
569 3916 591 3964 l.
622 3939 653 3950 -
691 3914 762 3976 quod
787 3927 843 3965 om.
871 3915 903 3965 n.
931 3940 962 3951 -
1001 3915 1044 3965 so.
1065 3912 1114 3978 est]
1133 3918 1168 3966 sit
1185 3916 1232 3968 111.
1261 3941 1292 3954 -
1331 3915 1467 3981 Quormdo

141 3985 225 4035 Mlti:
257 3985 321 4035 Cum
339 4000 402 4036 cum
421 3986 493 4035 llosli
513 3986 598 4037 Codd.
617 3984 651 4044 ll,
671 3983 751 4049 Quod
767 3983 888 4036 Muretus
908 3998 1054 4050 rursusque
1073 3987 1239 4037 Schuetzlus.
1267 4013 1299 4023 -
1337 3989 1380 4037 17.
1400 3989 1468 4036 dice-

141 4066 195 4104 rem
211 4055 249 4107 11.
271 4081 302 4092 -
337 4057 460 4122 mirifice.
498 4053 622 4104 Cornelio
650 4053 713 4114 (ele)
738 4067 800 4104 uero
824 4054 915 4104 studio
943 4056 965 4105 l.
987 4081 1018 4092 —
1056 4057 1100 4109 13.
1119 4061 1149 4106 ut
1166 4057 1259 4114 bomo,
1290 4071 1309 4106 ο
1325 4059 1391 4107 meis
1409 4069 1467 4106 eom

141 4136 195 4173 non
212 4124 246 4175 2:
265 4131 295 4174 ut
311 4126 444 4176 iomanes
462 4140 519 4175 eum
538 4138 593 4173 non
609 4123 668 4185 III,
696 4126 728 4172 ut
746 4124 877 4173 inmorsus
894 4139 953 4175 enm
972 4140 990 4175 α
1007 4129 1071 4177 meis
1089 4126 1211 4177 librariis
1227 4139 1283 4175 oon
1301 4128 1341 4186 n,
1371 4134 1403 4177 ut
1420 4128 1467 4175 bu·

140 4208 250 4254 monos,
278 4210 296 4245 ο
319 4198 385 4246 meis
411 4210 469 4246 eom
493 4208 549 4245 non
575 4207 638 4246 cnm
664 4194 745 4245 Boslo
771 4193 801 4243 ll.
829 4221 859 4232 -
897 4196 941 4246 10.
968 4195 1087 4259 afuerint
1106 4211 1146 4260 pr.
1165 4198 1203 4248 11.
1223 4222 1254 4233 ·-
1293 4198 1337 4247 11.
1358 4193 1417 4260 epo]
1436 4209 1467 4246 eo

140 4264 215 4314 Mill.
252 4266 341 4324 (Corr.
360 4281 392 4318 ea
413 4266 480 4318 Cod.
500 4269 528 4315 ln
548 4279 603 4329 mg.
623 4264 728 4327 llepett.
747 4263 842 4313 Lamb.
862 4271 890 4316 et
907 4280 922 4315 ι
942 4264 1115 4324 Cratandro.)
1135 4292 1161 4303 -
1203 4268 1248 4317 11.
1267 4269 1379 4330 memque
1396 4268 1466 4330 titt,

140 4336 327 4397 imqooel.
354 4361 387 4373 -
422 4337 467 4387 13.
488 4333 535 4400 est]
554 4340 590 4387 sit
609 4349 649 4398 pr.
668 4334 707 4386 11.
728 4357 757 4369 -
794 4334 920 4385 deicerem
938 4335 975 4386 11.
995 4362 1028 4372 -
1063 4349 1176 4387 meom.
1198 4337 1220 4386 l.
1245 4362 1275 4373 -
1313 4339 1401 4401 bipr.
1421 4337 1466 4400 11,

141 4402 194 4454 Hic
220 4405 241 4454 Ι.
268 4405 325 4462 (bui
349 4419 419 4458 corr.
447 4404 503 4469 11.)
531 4432 562 4442 -
600 4405 645 4455 15.
673 4403 706 4453 de
730 4403 763 4452 A.
790 4403 934 4456 Dolabella
962 4407 983 4455 l.
1005 4432 1036 4443 -
1074 4407 1118 4457 15.
1138 4421 1198 4456 cum
1215 4408 1320 4457 heredes
1338 4406 1411 4457 bllll.
1435 4434 1466 4446 -

140 4474 185 4524 13.
216 4473 299 4538 sien]
327 4475 398 4538 Sept.
424 4490 456 4527 ex
487 4477 535 4539 ttp.
566 4475 611 4534 45,
642 4475 667 4524 1.
687 4473 855 4526 Schuetzlue.
876 4503 908 4511 -
945 4476 989 4526 17.
1010 4477 1094 4527 levius
1112 4489 1145 4526 oc
1163 4477 1245 4527 levius
1264 4476 1301 4527 2:
1329 4478 1415 4526 levius
1434 4493 1467 4528 nc

141 4545 226 4595 leniam
242 4545 325 4605 lilii,
345 4546 429 4596 lenius
446 4551 471 4595 et
488 4547 576 4596 lenius
594 4546 625 4596 lt.
664 4543 719 4596 Clr.
739 4545 900 4597 Sentenium
919 4547 953 4595 ad
973 4547 1035 4597 Ter.
1054 4548 1092 4599 11.
1113 4561 1139 4610 p.
1159 4547 1268 4598 1111-
1305 4547 1349 4597 30.
1370 4549 1466 4598 laudn-

141 4614 217 4664 bilio·
238 4612 376 4678 (Attlcue.)
397 4615 459 4665 «De
478 4616 616 4680 Scrofulas
636 4617 734 4667 litium.
772 4616 897 4666 Proxime
915 4616 1051 4668 Orellios:
1072 4617 1224 4667 loudobuto
1242 4617 1273 4668 de
1291 4617 1368 4680 croso
1385 4621 1466 4669 etiom

137 4686 259 4746 prosince
284 4685 312 4736 11
319 4723 327 4746 ,
355 4686 517 4738 laudabilia.
554 4688 594 4737 De
623 4684 719 4749 Scrofa
747 4687 826 4735 etiam
848 4687 973 4748 proxime
1006 4688 1041 4747 ll,
1067 4686 1260 4738 loudobile'oro.
1304 4686 1344 4736 De
1371 4687 1467 4752 Scrofa

140 4757 221 4805 etiam
234 4758 357 4817 proxime
374 4756 407 4818 l,
438 4757 608 4814 laudabilia,
636 4757 668 4807 de
690 4754 785 4818 Scrofa
803 4757 891 4806 etiam.
928 4755 1053 4806 homme
1070 4758 1234 4817 Memmiae,
1264 4757 1415 4809 loudobilio
1433 4760 1467 4809 de

140 4824 245 4888 scroto.
282 4826 372 4876 litium
386 4829 509 4888 prosim
529 4826 559 4878 ll.
589 4826 691 4886 (Etiam
708 4825 808 4877 delerit
827 4823 1011 4889 Schuetslus.)
1036 4850 1067 4863 -
1103 4827 1147 4878 31.
1173 4826 1279 4890 quidem
1298 4829 1380 4893 ipitser
1398 4829 1464 4879 etl.
