3256 5400
641 238 715 301 ΠΒ.
736 239 818 302 VIII.
850 238 920 302 ΕΡ.
941 239 971 302 o.
1405 244 1464 306 135

142 389 409 476 exspectationem
437 391 586 477 corripit;
620 393 788 459 Curionem
816 413 947 478 prorsus
976 395 1139 459 curionem
1170 417 1234 461 non
1264 397 1465 462 mediocriter

142 485 387 569 †obiurgatus:
421 483 478 548 hac
499 487 625 570 repulsa
652 508 686 550 se
708 486 847 550 mutavit.
891 482 1056 552 Praeterea
1078 490 1132 574 qui
1156 512 1314 576 nuuquam
1337 491 1369 554 in
1391 490 1464 556 foro

142 579 338 666 apparuerit,
372 600 435 644 non
465 580 596 644 multum
628 580 659 644 ia
682 580 805 644 iudiciis
834 591 975 645 versatus
997 582 1053 655 sit,
1089 585 1152 667 agit
1173 606 1281 648 causas
1303 584 1463 658 liberales,

141 672 197 736 sed
219 693 293 736 raro
314 681 386 756 post
407 672 580 738 meridiem.
638 678 668 738 2.
691 679 736 738 De
758 675 943 759 provinciis,
966 675 1051 760 quod
1073 675 1127 739 tibi
1151 678 1336 762 scripseram
1358 678 1464 743 ldibus

143 765 251 832 Sextil.
281 775 384 830 actum
406 765 462 840 iri,
485 766 662 852 interpellat
684 768 836 832 iudicium
857 769 1012 842 Marcelli,
1049 771 1185 834 consulis
1208 772 1370 857 designati,
1427 777 1487 836 Ina

142 861 209 925 Kal.
242 860 442 924 resreiecta
469 872 535 939 est;
560 874 605 924 ‘ue
635 862 845 947 frequentiam
873 862 1000 948 quidem
1022 863 1144 927 ellicere
1167 877 1342 949 potuerant.
1399 871 1463 930 llas

142 953 261 1018 litteras
282 975 310 1018 a.
333 953 363 1018 d.
387 974 433 1019 ιν.
455 959 533 1018 Nou.
557 955 731 1039 septembr.
767 956 858 1032 dedi,
895 977 966 1020 cum
995 956 1033 1020 ad
1059 979 1128 1020 eam
1150 958 1232 1023 diem
1256 982 1294 1023 ne
1315 959 1464 1046 profliga-

143 1057 207 1111 tum
230 1046 356 1133 quidem
379 1048 550 1134 quidquam
572 1059 648 1113 erat.
692 1055 728 1115 Ut
750 1050 859 1124 vidae,
882 1072 975 1114 causa
997 1050 1073 1114 baec
1095 1050 1214 1136 integra
1235 1053 1267 1116 in
1283 1054 1463 1138 proximum

143 1161 257 1206 annum
286 1141 507 1216 transferetur,
541 1151 590 1217 et,
628 1153 777 1229 quantum
800 1144 925 1217 divino,
959 1144 1199 1229 relinquendum
1222 1145 1277 1210 tibi
1300 1147 1373 1220 erit,
1408 1147 1464 1233 qui

143 1234 336 1318 provinciam
358 1234 507 1302 obtineat.
561 1241 637 1301 Nam
669 1259 732 1302 non
765 1237 931 1323 expeditur
953 1240 1125 1315 successio,
1159 1240 1306 1325 quoniam
1329 1240 1500 1315 Galliae,¹⁰

142 1350 223 1414 quae
245 1327 358 1393 habent
380 1329 636 1405 intercessorem,
674 1330 706 1395 in
736 1332 867 1396 eandem
892 1331 1108 1398 condicionem
1131 1356 1224 1420 quam
1245 1343 1368 1398 ceterae
1390 1355 1464 1418 pro-

143 1422 264 1486 vinciae
286 1431 447 1488 vocantur.
490 1428 558 1489 lloc
580 1424 655 1487 mihi
678 1446 740 1489 nou
763 1436 809 1489 est
831 1424 978 1503 dubium;
1002 1449 1065 1512 quo
1088 1426 1143 1491 tibi
1166 1426 1264 1511 magis
1286 1427 1406 1512 scripsi,
1427 1437 1464 1492 ut

143 1515 285 1581 adhunc
307 1526 452 1582 eventum
475 1528 505 1581 te
525 1538 663 1602 parares.
707 1523 736 1584 3.
759 1523 837 1583 Fere
860 1519 971 1584 litteris
994 1519 1139 1584 omnibus
1163 1520 1220 1585 tibi
1242 1519 1280 1584 de
1302 1519 1463 1605 pantheris

142 1609 261 1695 scripsi.
315 1616 420 1696 Turpe
442 1610 499 1674 tibi
521 1612 581 1675 erit
603 1611 757 1676 Patiscum
780 1612 910 1678 Curioni
932 1613 1040 1678 decem
1069 1613 1234 1698 pantheras
1256 1614 1394 1688 misisse,
1431 1623 1463 1680 tc

142 1725 205 1767 non
233 1703 338 1769 multis
367 1704 508 1789 partibus
537 1704 657 1790 plures:
695 1728 771 1792 quas
803 1705 887 1791 ipsas
916 1707 1011 1771 Curio
1040 1707 1117 1770 mihi
1152 1716 1183 1771 ct
1204 1707 1280 1771 alias
1302 1707 1500 1774 Africanas¹³

141 1797 250 1863 decem
271 1797 416 1874 donavit,
454 1821 492 1863 ne
513 1809 604 1885 putes
625 1800 714 1865 illum
737 1810 856 1865 tautum
877 1801 1007 1885 praedia
1029 1801 1145 1866 rustica
1166 1800 1241 1866 darc
1263 1802 1353 1868 scire.
1397 1808 1460 1879 Tu,

141 1893 168 1956 si
190 1891 287 1957 modo
308 1892 462 1956 memoria
483 1894 635 1967 tenueris
659 1904 690 1959 et
712 1893 871 1982 Cibyratas
893 1894 1073 1960 arcessieris
1095 1896 1233 1980 itemque
1256 1894 1287 1960 in
1309 1895 1463 1984 Pamphy·

141 1986 214 2051 liam
245 1986 364 2051 litteras
386 1986 510 2051 miseris
532 2020 572 2032 —
596 2010 666 2052 uam
698 1987 742 2052 ibi
771 1989 877 2074 plures
898 1990 966 2074 capi
988 1989 1074 2053 aiunt
1097 2025 1156 2064 —,
1180 1989 1264 2075 quod
1286 1990 1372 2055 voles
1394 1990 1457 2054 elli·

141 2080 215 2145 cies.
257 2083 326 2145 Hoc
346 2079 560 2145 vehementius
581 2081 692 2146 laboro
715 2104 812 2155 nunc,
843 2081 928 2168 quod
957 2104 1084 2147 seorsus
1105 2104 1123 2146 a
1144 2081 1264 2166 collega
1284 2092 1361 2168 puto
1382 2082 1460 2148 mihi

141 2174 245 2239 omnia
266 2173 415 2261 paranda.
471 2174 591 2239 Amabo
607 2184 652 2249 te,
675 2175 796 2260 impera
818 2175 874 2239 tibi
896 2175 966 2240 hoc.
1009 2181 1127 2242 Curare
1150 2176 1232 2240 soles
1253 2174 1403 2250 libenter,
1425 2183 1460 2240 ut
1469 2187 1498 2227 ¹⁰

141 2288 202 2352 ego
235 2269 389 2332 maiorem
424 2278 545 2353 partem
579 2268 655 2332 nihil
682 2289 804 2334 curare.
861 2273 897 2334 In
923 2269 983 2334 hoc
1003 2270 1130 2354 negotio
1152 2269 1236 2335 nulla
1258 2278 1311 2333 tua
1332 2267 1393 2332 nisi
1415 2268 1462 2333 lo-

141 2362 257 2449 quendi
290 2384 365 2426 cura
398 2372 460 2438 est,
494 2363 554 2426 hoc
576 2374 638 2436 est,
675 2361 851 2447 imperandi
875 2371 906 2426 et
927 2362 1103 2427 mandandi.
1155 2367 1252 2435 Nam,
1274 2361 1461 2447 simulatque

140 2464 233 2521 erunt
253 2466 377 2542 captae,
413 2455 467 2542 qui
493 2456 575 2522 alant
597 2479 649 2520 eas
672 2464 702 2520 et
724 2456 902 2541 deportent,
925 2455 1021 2521 habes
1043 2478 1113 2529 cos,
1136 2477 1215 2541 quos
1237 2455 1275 2519 ad
1298 2454 1460 2521 Sittianam

140 2547 348 2638 syngrapham
368 2549 451 2613 misi.
508 2555 587 2614 Puto
617 2549 726 2623 etiam,
756 2550 782 2614 si
804 2549 1008 2635 ullam‚spem
1030 2548 1107 2613 mibi
1134 2550 1246 2614 litteris
1268 2549 1459 2622 ostenderis,

140 2663 191 2706 me
212 2642 273 2707 isto
294 2642 463 2707 missurum
486 2643 573 2708 alios.
616 2648 647 2708 l.
668 2649 710 2708 Μ.
725 2643 902 2717 Feridium,
926 2644 1063 2729 equitem
1080 2649 1267 2716 Romanum,
1290 2642 1381 2706 amici
1397 2640 1499 2706 meist

140 2735 254 2812 filium,
291 2734 411 2800 bouum
433 2748 463 2800 et
484 2747 646 2802 strenuum
667 2737 913 2810 adolescentem,
950 2737 1005 2824 qui
1026 2736 1065 2800 ad
1087 2758 1178 2800 suum
1199 2736 1359 2820 nogotium
1382 2735 1462 2801 istuc

141 2830 241 2903 venit,
278 2829 336 2894 tibi
359 2830 561 2905 commendo,
599 2840 631 2894 et
652 2840 682 2895 te
704 2853 799 2916 roge,
830 2840 864 2895 ut
886 2853 958 2894 eum
980 2831 1012 2895 in
1034 2840 1161 2896 tuorum
1183 2825 1315 2894 numero
1337 2828 1461 2894 habeas.

139 2927 255 3008 agros,
290 2945 369 3009 quos
391 2915 580 2989 fructuarios
609 2923 724 2988 babent
745 2925 905 2998 civitates,
937 2924 1003 2988 vult
1025 2933 1078 2988 tuo
1101 2923 1273 2998 benefici0,
1297 2923 1382 3009 quod
1404 2921 1462 2986 tibi

140 3015 230 3082 facile
259 3026 290 3081 et
322 3017 487 3081 honestum
510 3016 593 3081 factu
616 3028 677 3091 est,
711 3017 864 3081 immunes
886 3039 971 3094 esse;
995 3027 1099 3101 gratos
1122 3026 1152 3080 et
1174 3015 1274 3080 bonos
1297 3016 1382 3079 viros
1405 3013 1461 3079 tibi

141 3109 300 3195 obligaris
345 3116 372 3176 5.
395 3112 474 3175 Nolo
497 3119 527 3174 te
549 3120 660 3195 putare
683 3111 853 3175 Favonium
876 3132 894 3175 a
913 3110 1114 3175 columnariis
1136 3110 1358 3194 praeteritum,
1381 3108 1499 3193 opti-³⁰

142 3225 210 3269 mus
233 3203 366 3289 quisque
384 3225 455 3267 eum
479 3225 540 3267 non
563 3203 645 3268 fecit.
695 3204 717 3283 †
737 3203 904 3290 Pompeius
927 3213 998 3268 tuus
1021 3213 1128 3288 aperte
1151 3207 1314 3268 Caesarem
1337 3212 1368 3266 et
1388 3223 1463 3287 pro-

140 3298 274 3362 vinciam
305 3307 412 3362 tenere
434 3319 505 3361 cum
528 3297 669 3360 exercitu
696 3305 727 3360 et
748 3297 918 3360 consulem.
960 3301 1030 3380 lpse
1053 3304 1156 3359 tamen
1178 3296 1257 3360 hanc
1279 3295 1462 3360 sententiam

141 3389 240 3463 dixit,
276 3390 396 3455 nullum
428 3391 488 3454 hoc
511 3400 651 3476 teniporc
674 3400 797 3454 senatus
820 3389 994 3454 consultum
1023 3388 1214 3466 faciendum;
1238 3389 1344 3475 Scipio
1366 3388 1461 3463 hauc,

140 3492 175 3549 ut
195 3484 324 3549 Kalend.
354 3485 475 3549 Martiis
497 3485 535 3549 de
558 3483 728 3570 provinciis
751 3482 883 3556 Galliis,
917 3504 977 3546 neu
1011 3483 1086 3568 quid
1117 3483 1305 3547 coniunctim
1327 3482 1463 3546 referre-

142 3589 202 3645 tur.
260 3579 460 3644 Contristarit
480 3579 556 3642 hacc
585 3577 736 3642 sententia
758 3577 888 3641 balbum
911 3576 1114 3654 Comelium3
1149 3584 1179 3640 et
1201 3576 1267 3641 scio
1291 3597 1363 3640 eum
1385 3588 1500 3660 que-⁸⁵

211 3799 236 3848 1.
266 3799 403 3847 Curionem
428 3812 537 3859 prorsus
561 3800 693 3846 curionem
717 3811 771 3844 uon
788 3795 831 3846 ftl:
858 3796 994 3845 Curionem
1012 3809 1121 3858 prorsus
1137 3810 1191 3844 uon
1209 3795 1240 3845 Ε.
1262 3820 1293 3831 -
1329 3796 1356 3844 2.
1376 3796 1464 3844 obtur-
1568 3792 1572 3799 '

140 3875 236 3931 parur:
259 3869 308 3916 hnc
327 3869 375 3917 M:
407 3868 544 3930 obr'urpat,
570 3869 618 3916 huc
637 3869 674 3924 Ε,
707 3868 846 3930 obiurput:
875 3873 944 3915 totus
962 3867 1010 3914 huc
1028 3866 1215 3914 Luenemaun.
1246 3889 1275 3900 -
1313 3866 1338 3916 3.
1358 3878 1464 3914 causam

142 3939 256 3986 liberulis
280 3939 318 3989 Μ.
348 3963 378 3972 -
416 3939 441 3987 5.
468 3940 496 3985 iu
516 3938 576 3986 ffnl.
597 3952 637 3986 res
656 3939 749 3986 reiecta
769 3944 825 3994 πυ
848 3950 879 3983 ue
903 3935 1043 3985 Orellius:
1071 3938 1101 3984 in
1119 3935 1179 3984 Καὶ.
1200 3937 1293 3984 reiecta
1312 3943 1348 3984 est
1366 3949 1398 3983 uc
1415 3935 1462 3991 Μ,

141 4009 299 4056 iulfulend.
320 4010 414 4057 reiecta
432 4021 476 4064 rc,
496 4022 527 4055 ue
545 4008 574 4055 Ε.
596 4032 626 4041 -
662 4008 689 4054 6.
706 4012 849 4067 potuerunt
868 4004 912 4054 bf:
930 4013 1073 4066 potuerunt
1092 4007 1122 4054 Ε.
1146 4029 1173 4039 —·
1213 4006 1239 4054 ⁸.
1258 4020 1363 4054 caurum
1380 4005 1463 4053 nl.-

142 4078 169 4127 9.
187 4079 382 4140 relinquentem
400 4078 442 4127 bl:
470 4078 651 4140 relinquendus
670 4077 701 4125 E.
723 4099 753 4110 -
792 4078 833 4124 10.
854 4077 977 4138 quonium
995 4077 1037 4126 bl:
1062 4091 1140 4138 quum
1159 4075 1189 4125 E.
1209 4101 1240 4110 —
1279 4078 1321 4125 11.
1340 4077 1464 4137 iuquam

142 4147 319 4197 bentivolius.
346 4171 377 4182 -
415 4148 457 4197 13.
484 4149 594 4209 pararis
612 4147 648 4196 Μ.
671 4169 700 4180 -
739 4145 781 4194 14.
800 4146 945 4207 putirchum
964 4148 1068 4194 curione
1085 4146 1122 4195 Μ.
1146 4169 1173 4178 -
1212 4146 1254 4194 16.
1274 4147 1373 4194 donare
1391 4145 1412 4192 l.
1433 4144 1463 4194 Ε.

143 4216 305 4266 Gronovius.
341 4244 369 4253 -
409 4218 451 4266 17.
472 4225 569 4266 teneres
588 4216 625 4266 Μ.
658 4238 689 4250 -
727 4217 769 4264 to.
789 4228 889 4263 seorsus
907 4215 953 4264 al:
973 4229 1086 4264 seorsum
1105 4216 1134 4264 Ε.
1167 4241 1198 4251 ·-
1234 4216 1277 4264 20.
1297 4218 1398 4276 impera
1417 4213 1464 4262 tihi

142 4288 188 4335 huc
206 4303 298 4337 curere
316 4288 380 4335 soler
399 4287 443 4336 bl:
463 4291 564 4348 impero
582 4287 630 4334 tibi
647 4287 693 4334 hoc
710 4300 795 4334 curuo.
828 4285 898 4333 Soter
916 4285 947 4333 Ε.
967 4311 999 4321 -
1036 4287 1079 4334 22.
1099 4293 1122 4334 et
1141 4286 1287 4333 mundandi
1304 4286 1370 4334 secl.
1387 4285 1462 4332 Ε.-

141 4358 186 4406 26.
205 4360 270 4407 Istoc
287 4359 324 4407 Μ.
355 4357 409 4406 Cfr.
432 4359 509 4407 llaud
538 4358 616 4404 Turs.
639 4356 686 4405 lll.
708 4370 734 4417 p.
755 4355 815 4403 216.
846 4379 876 4388 -
913 4355 957 4402 28.
978 4352 1105 4416 ducales]
1126 4357 1265 4418 Cibyratae
1284 4370 1338 4417 mg.
1360 4356 1463 4416 Repett.

142 4428 236 4476 Lamb.
268 4451 297 4462 -
351 4428 422 4476 Fert.
448 4428 544 4490 quoad.
574 4429 624 4476 On.
658 4449 689 4460 -
733 4426 777 4473 30.
806 4426 978 4485 praeteritum
1008 4425 1052 4475 ltlr
1091 4427 1265 4486 praeteritura
1294 4439 1344 4474 erse
1372 4425 1402 4472 E.
1433 4449 1460 4459 -

142 4497 185 4546 31.
206 4505 295 4559 aperte
320 4499 455 4546 Caesarem
474 4498 518 4548 al:
544 4504 634 4559 aperte
654 4496 789 4544 Caesarem
807 4501 878 4543 octat
898 4494 935 4554 Ε,
956 4502 1115 4555 opertanea
1133 4496 1188 4543 uult
1206 4497 1341 4544 Caesarem
1359 4493 1465 4542 Lambi-

142 4581 203 4616 nus.
253 4569 325 4617 Fort.
354 4576 443 4630 aperte
472 4581 548 4631 capre
574 4569 622 4629 [ert
651 4566 786 4614 Cursarem
813 4564 855 4613 vel
888 4562 1002 4624 (abiecto
1029 4562 1127 4627 aperte)
1147 4565 1305 4626 simpliciter
1322 4579 1397 4627 aepre
1413 4564 1464 4626 fert

143 4639 288 4687 Caesurm.
309 4637 359 4687 Oa.
382 4665 410 4674 -
450 4639 493 4686 32.
514 4639 640 4686 exercitur
658 4637 695 4686 Μ.
718 4661 747 4671 -
785 4634 921 4683 consulem.
961 4637 1016 4696 lpse
1036 4644 1123 4685 tamen
1141 4635 1280 4685 Orellius:
1305 4634 1393 4684 consul
1411 4636 1465 4694 r'pre

143 4715 229 4757 tamea
250 4707 295 4767 Μ,
314 4709 430 4760 ceruales
448 4722 508 4758 erre.
530 4709 627 4758 Tamen
645 4706 676 4755 Ε.
698 4729 728 4741 -
760 4704 806 4754 36.
824 4705 855 4754 dc
871 4706 1014 4767 provinciis
1033 4706 1125 4757 Galliis
1143 4707 1208 4756 secl.
1228 4706 1258 4755 Ε.
1281 4729 1311 4740 -
1342 4704 1386 4754 35.
1406 4701 1465 4752 bul-

141 4779 203 4829 dum
221 4792 263 4843 pr.
282 4777 319 4829 Μ.
