3256 5400
170 226 213 288 40
600 219 875 291 EPlS'l'OLAltllbl
897 228 950 292 au
972 216 1062 289 Fiat.

171 383 258 471 quod
278 383 487 451 certissimum
507 391 541 448 et
560 383 767 451 iustissimum
787 382 981 470 triumphum
1002 381 1063 448 boc
1084 382 1265 449 invidorum
1279 381 1412 449 consilio
1428 399 1501 448 esea

170 478 229 545 tibi
250 487 394 566 ereptum
415 476 571 544 videbam
614 479 710 556 Quod
730 489 766 545 tu
786 479 814 543 si
835 479 911 544 tanti
925 478 1035 551 facies,
1058 477 1167 564 quanti
1186 498 1248 562 ego
1268 496 1395 563 semper
1416 475 1500 541 iudi-

171 573 241 639 cavi
260 572 437 640 faciendum
463 593 550 646 esse,
571 572 669 639 facies
683 572 841 659 sapienter
861 583 893 638 ct
907 593 981 657 ages
996 571 1151 637 victores
1169 571 1371 637 inimicorum
1386 570 1502 635 dolore.

171 667 364 754 triumphum
391 668 608 735 iustissimum.
663 672 732 753 ligo
763 667 847 731 enim
875 666 967 752 plane
993 665 1088 731 video
1114 665 1185 731 fore
1213 667 1334 741 nervis,
1367 661 1499 750 opibus,

147 762 322 849 asapicntia
344 776 413 838 tua,
436 763 638 829 vehementer
660 772 695 829 ut
707 763 852 829 inimicos
873 772 944 828 tuos
958 763 1118 848 poeniteat
1137 761 1397 849 intemperantiae
1412 781 1499 827 suae.

170 861 218 922 Dc
239 876 290 920 me
311 854 370 922 tibi
390 857 436 922 sic
456 867 633 924 contestans
654 877 764 922 omnes
786 856 864 922 deos
885 857 1036 942 promitto
1057 866 1151 944 atque
1172 856 1342 929 confirmo,
1365 876 1417 920 me
1439 876 1500 942 pro

172 958 225 1017 tua
245 949 395 1035 dignitato
418 984 457 996 ·-
480 951 523 1019 ita
545 952 629 1017 malo
650 952 734 1016 enim
756 951 883 1025 dicere,
905 972 1000 1037 qnam
1021 971 1081 1037 pro
1103 951 1202 1016 salute
1225 987 1283 1025 -,
1306 951 1340 1016 in
1353 950 1413 1016 bac
1426 970 1501 1036 pro-

170 1044 290 1122 vincia,
323 1044 376 1110 cui
406 1055 439 1111 tn
469 1045 648 1132 praefuisti,
685 1045 826 1129 rogando
849 1044 1080 1131 deprecatoris,
1116 1044 1289 1110 laborando
1311 1044 1499 1131 propinqui,

171 1138 358 1205 auctoritate
384 1138 450 1204 cari
476 1137 630 1214 bominis,
652 1146 688 1204 nt
708 1159 819 1225 spero,
842 1138 926 1224 apud
947 1139 1104 1212 civitates,
1126 1138 1279 1223 gravitate
1299 1137 1501 1225 imperatoris

135 1242 391 1320 usuacepturum
412 1232 515 1299 officia
536 1241 629 1320 atque
656 1241 772 1318 partes.
831 1233 942 1299 Omnia
965 1233 1040 1298 volo
1061 1254 1080 1297 a
1104 1254 1155 1297 me
1177 1241 1209 1297 ct
1228 1233 1370 1318 postules
1392 1243 1424 1297 et
1445 1253 1502 1298 ex·

170 1336 311 1413 spectes:
334 1326 458 1391 vincam
484 1327 564 1393 meis
585 1326 696 1392 officiis
723 1326 930 1411 cogitationes
959 1336 1036 1393 tuas.
1079 1331 1111 1391 1.
1133 1329 1172 1403 Q.
1195 1325 1347 1392 Servilius
1369 1323 1502 1412 perbre-

171 1440 226 1486 ves
248 1420 326 1485 mibi
346 1440 365 1485 a
387 1429 418 1485 te
438 1419 558 1484 litteras
579 1418 734 1495 reddidit,
757 1440 839 1506 qnae
860 1420 938 1485 milri
951 1430 1059 1486 tamen
1080 1420 1173 1486 nimis
1188 1420 1300 1505 longae
1315 1420 1401 1485 visae
1413 1427 1501 1497 sunt;

171 1512 319 1580 iniuriam
340 1512 424 1579 eninr
446 1511 524 1577 mibi
545 1511 614 1577 lieri
636 1513 800 1599 putabam,
822 1534 893 1579 mam
914 1514 1062 1600 rogabar.
1105 1514 1225 1580 Nollem
1247 1513 1502 1579 accidissettcm

171 1626 247 1695 pus,
269 1608 302 1673 in
323 1627 387 1694 quo
401 1605 583 1693 perspicere
597 1628 724 1693 posses,
745 1607 853 1694 quanti
875 1617 926 1683 te,
947 1608 1056 1695 quanti
1071 1607 1271 1694 Pompeium,
1294 1626 1389 1694 mem
1404 1628 1502 1673 unum

136 1723 215 1771 ssex
234 1699 382 1769 omnibus
402 1699 500 1775 facio,
536 1710 572 1767 ut
593 1699 713 1777 debeo,
742 1701 887 1787 plurimi,
915 1701 1024 1789 quarm
1044 1707 1177 1768 Brutum
1198 1700 1356 1779 facerem;
1393 1720 1503 1787 quarn-

172 1815 266 1883 quam
286 1795 321 1861 in
347 1793 574 1863 consuetudine
601 1795 784 1882 quotidiana
807 1796 1039 1881 perspexisses,
1074 1794 1166 1861 sicuti
1192 1795 1382 1881 perspicies:
1429 1792 1501 1867 scd,

171 1888 321 1977 quoniam
341 1887 470 1962 accidit,
501 1888 528 1955 si
551 1888 627 1975 quid
648 1910 667 1954 a
688 1911 739 1955 me
760 1889 1016 1976 praetermissum
1046 1889 1128 1965 erit,
1156 1889 1360 1959 commissum
1380 1886 1503 1952 facinus

172 1992 205 2048 et
224 1981 394 2047 admissum
417 1980 554 2047 dedecus
576 1981 761 2049 confitebor.
815 1988 846 2051 3.
867 1982 1078 2070 Pomptiuins,
1114 1982 1170 2069 qni
1192 2005 1211 2048 a
1232 1991 1263 2047 te
1285 1989 1435 2047 tractatus
1455 1989 1505 2046 est

171 2075 342 2163 praestanti
370 2095 407 2138 ac
427 2074 579 2160 singulari
600 2075 677 2152 lide,
710 2077 800 2142 cuins
821 2077 868 2143 tui
888 2075 1033 2141 beneticii
1054 2096 1124 2141 sum
1146 2097 1206 2162 ego
1226 2077 1330 2150 testis,
1366 2082 1505 2162 praestat

134 2167 230 2235 astibi
249 2167 436 2234 memoriam
456 2166 790 2257 benevolentiamque,
819 2191 916 2258 quam
936 2168 1047 2246 debet;
1076 2174 1148 2257 qari,
1176 2190 1247 2235 urm
1269 2168 1417 2234 maximis
1437 2167 1504 2233 suis

171 2261 268 2329 rebus
289 2271 417 2329 coactus
437 2281 456 2327 a
478 2283 529 2327 mc
549 2262 738 2331 invitissimo
759 2264 963 2337 decembset,
984 2273 1104 2337 umen,
1126 2272 1162 2329 ut
1181 2262 1261 2328 vidit
1274 2263 1429 2327 interesse
1439 2270 1502 2336 tua,

171 2354 384 2423 conscendens
405 2354 468 2420 iam
489 2376 602 2421 navem
622 2356 749 2444 preso
769 2357 956 2424 Laodiceam
977 2357 1120 2424 revertit.
1162 2357 1249 2423 Talia
1268 2364 1300 2421 te
1314 2377 1387 2421 cnm
1400 2355 1506 2421 studia

172 2448 297 2515 videam
317 2446 499 2515 habiturum
520 2470 591 2517 esse
612 2450 869 2526 innumerabilia,
890 2452 983 2538 plane
1004 2450 1150 2519 dubitare
1171 2472 1236 2516 uon
1256 2471 1406 2536 possum,
1427 2450 1504 2537 quin

172 2540 231 2608 tibi
258 2540 431 2628 amplitudo
458 2542 519 2609 ista
549 2543 728 2611 sollicitudo
755 2544 861 2611 littura
881 2545 933 2611 sit.
990 2544 1025 2611 Si
1045 2565 1123 2610 vero
1146 2543 1263 2618 allicis,
1299 2552 1335 2610 ut
1356 2563 1505 2610 censores

135 2644 337 2712 nascatur,
365 2645 399 2703 ct
424 2635 452 2702 si
477 2635 521 2701 ita
546 2636 683 2721 gesseris
710 2657 890 2712 censuram,
926 2646 963 2704 ut
990 2647 1022 2703 et
1042 2636 1140 2702 debes
1161 2645 1193 2702 et
1214 2646 1325 2722 potos:
1361 2659 1426 2703 non
1447 2636 1505 2703 tibi

175 2728 294 2805 solnm,
327 2729 385 2795 sed
404 2728 468 2796 tuis
488 2728 636 2796 omnibus
656 2728 751 2797 rideo
771 2730 805 2796 in
831 2739 1020 2817 perpetuum
1042 2752 1167 2796 summo
1188 2738 1219 2794 tc
1239 2730 1401 2817 praesidio
1422 2732 1506 2798 futu-

173 2840 256 2889 rum.
304 2822 384 2889 lllud
411 2844 516 2911 pugna
539 2832 577 2889 ct
604 2825 739 2900 enitere,
775 2844 815 2889 ue
837 2823 914 2911 qnid
934 2824 1028 2890 nobis
1048 2825 1201 2911 temporis
1222 2836 1432 2912 prorogatun
1454 2835 1503 2901 ut,

173 2934 247 2983 cum
268 2916 320 2982 bic
350 2916 408 2984 tibi
434 2918 697 2994 satisfecerimus,
733 2916 805 2983 istic
830 2938 958 3005 quoqrm
986 2928 1124 2984 nostram
1146 2918 1180 2984 in
1201 2929 1232 2983 te
1253 2917 1505 2984 benevolentiam

174 3030 291 3076 navare
312 3012 479 3098 possimus.
522 3016 554 3077 l.
577 3014 667 3089 Quae
688 3011 728 3077 de
749 3010 912 3077 bominum
934 3020 1029 3099 atque
1049 3012 1199 3079 ordinum
1213 3013 1354 3078 omnium
1377 3032 1453 3097 erga
1474 3021 1527 3077 te-

136 3103 287 3171 asatudiis
306 3104 420 3171 scribis
441 3105 481 3171 ad
501 3124 571 3179 me,
599 3104 729 3169 minime
751 3103 830 3169 mibi
849 3104 992 3171 miranda
1014 3113 1046 3170 et
1067 3105 1204 3171 maxime
1226 3105 1362 3173 iucunda
1383 3105 1506 3172 accide-

173 3207 264 3278 nanu
286 3198 458 3286 eademque
474 3198 513 3265 ad
534 3219 586 3263 me
605 3198 779 3283 perscripta
801 3208 907 3263 sunta
929 3197 1135 3265 familiaribus
1151 3199 1241 3265 meis.
1284 3203 1393 3287 ltaque
1414 3199 1505 3286 capio

173 3312 318 3377 magnam
340 3293 548 3379 voluptatem,
570 3313 642 3357 cum
664 3290 737 3368 tibi,
759 3291 849 3357 cuius
871 3292 947 3357 mibi
970 3291 1105 3358 amicitia
1126 3312 1190 3359 non
1205 3292 1307 3358 solum
1328 3292 1432 3379 ampla
1449 3291 1505 3357 sed

174 3384 269 3449 etiam
290 3386 427 3452 iucunda
448 3395 510 3460 est,
533 3407 571 3451 ea
592 3384 705 3461 tribui,
728 3407 810 3472 quae
829 3383 1021 3463 debeantur;
1044 3396 1109 3452 tum
1131 3407 1209 3452 vero
1225 3408 1389 3451 remanere
1411 3386 1505 3451 etiam

175 3499 257 3543 nunc
285 3479 318 3544 in
348 3480 472 3546 civitate
499 3490 607 3545 nostra
639 3479 742 3545 studia
768 3499 868 3565 prope
901 3481 1042 3546 omnium
1070 3501 1226 3546 consensu
1258 3501 1332 3564 erga
1354 3480 1453 3545 fortes
1474 3488 1507 3545 ct

138 3571 347 3639 »industrios
370 3574 472 3640 viros:
495 3572 676 3661 quaemihi
698 3573 759 3660 ipsi
781 3594 843 3640 una
864 3594 989 3660 semper
1012 3573 1127 3639 tributa
1149 3595 1270 3639 merces
1291 3585 1339 3641 est
1360 3574 1506 3641 laborum

175 3677 207 3732 et
235 3666 413 3752 vigiliarum
445 3688 597 3733 mearum.
641 3671 671 3732 5.
708 3665 789 3732 lllud
817 3687 895 3732 vero
921 3666 1000 3732 milri
1027 3669 1201 3753 permirum
1229 3670 1356 3745 accidit,
1390 3678 1506 3735 tantm

174 3762 382 3826 temeritatem
411 3760 508 3826 fuisse
529 3761 563 3825 in
584 3781 624 3826 eo
645 3759 860 3835 adolescente,
896 3760 986 3827 cuius
1007 3781 1068 3846 ego
1097 3762 1228 3827 salutem
1250 3761 1374 3831 duobus
1395 3762 1505 3849 capitis

174 3854 299 3920 iudiciis
321 3877 442 3921 summa
471 3853 671 3920 contentione
693 3852 834 3928 defendi,
864 3862 900 3918 ut
920 3854 990 3920 tuis'
1004 3854 1176 3920 inimicitiis
1198 3854 1404 3941 suscipiendis
1425 3853 1506 3919 obli-

56 4006 62 4019 .
175 3947 350 4015 visceretur
369 3948 495 4035 patroni
516 3948 657 4013 omnium
678 3947 876 4013 fortunarum
897 3967 934 4012 ac
954 3948 1112 4013 rationum
1135 3970 1282 4027 suarum;
1318 3948 1505 4033 praesertim

137 4059 248 4109 wcum
270 4053 305 4108 tu
326 4040 472 4109 omnibus
494 4042 543 4107 vel
566 4041 758 4107 ornamentis
778 4041 830 4107 vel
849 4040 1014 4127 praesidiis
1032 4041 1243 4115 redundares,
1266 4042 1341 4128 ipsi,
1363 4053 1399 4107 ut
1411 4041 1507 4107 lenis·

175 4137 255 4203 sime
277 4136 393 4210 dicam,
426 4136 522 4201 multa
544 4135 700 4201 deessent.
749 4134 845 4201 Cuius
871 4155 977 4200 sermo
1006 4136 1120 4201 stultus
1148 4144 1180 4201 et
1201 4136 1332 4222 puerilis
1354 4145 1422 4201 erat
1443 4137 1505 4200 iam

176 4240 248 4296 ante
269 4230 310 4297 ad
329 4250 382 4294 mo
402 4251 421 4295 a
442 4234 484 4295 ld.
507 4229 629 4303 Caelio,
651 4226 801 4294 familiari
820 4236 946 4303 nosue,
968 4230 1181 4316 perscriptus;
1203 4230 1244 4295 de
1265 4250 1330 4315 quo
1344 4230 1421 4295 item
1439 4250 1507 4294 ser·

247 4450 274 4501 ³.
292 4449 525 4500 cictmatwll·
556 4470 591 4487 ·-
624 4446 652 4499 0.
672 4448 887 4499 discoctorum
904 4446 1155 4513 llartynldagnna.
1185 4472 1215 4487 -
1250 4450 1277 4500 7.
1297 4450 1446 4514 dlpcttctc,
1464 4450 1507 4499 tto

175 4520 247 4571 nolo
265 4520 405 4570 Orstliusa
424 4520 570 4584 dicacitate,
589 4516 662 4569 molo
682 4517 752 4578 ΜΕ,
770 4518 917 4583 dtpssttotc,
933 4520 971 4569 ate
987 4519 1059 4570 molo
1077 4519 1328 4585 Moruni-laguna.
1350 4544 1381 4555 -
1419 4521 1463 4571 10.
1480 4525 1506 4570 st

175 4597 271 4653 spectes
288 4590 327 4642 bl.
348 4613 379 4625 -
417 4589 460 4640 10.
486 4590 564 4639 desti
581 4589 627 4641 ll:
655 4589 721 4639 ucat
739 4588 771 4639 ll.
799 4611 831 4623 -
868 4586 911 4638 ts.
933 4588 1097 4651 Pompta'm'us
1118 4589 1266 4640 Graevius:
1296 4591 1442 4641 Pomltioca
1459 4589 1505 4645 bl.

177 4656 313 4709 f’omttmu
332 4659 361 4710 ll.
391 4684 419 4696 -
458 4660 503 4709 10.
522 4660 576 4708 aula
593 4659 668 4708 radus
686 4656 729 4709 bl:
762 4656 837 4707 redsa
853 4656 908 4707 aeds
926 4655 957 4708 Ε.
979 4682 1010 4694 -
1047 4658 1092 4709 10.
1112 4660 1283 4723 amplitudini
1301 4661 1505 4711 Lambinus.-

176 4729 255 4795 smct’s
275 4730 317 4781 bl:
349 4730 461 4796 effeceris
480 4728 510 4779 ll.
543 4752 574 4764 -
610 4736 640 4779 ct
663 4741 753 4778 umor
769 4728 864 4777 erasm
889 4726 1048 4779 Lambinus.
1076 4755 1109 4769 -
1145 4731 1189 4781 01.
1214 4730 1298 4779 solum
1317 4733 1396 4781 ctiam
1414 4729 1506 4792 coapto

176 4798 215 4849 tt.
236 4823 267 4835 -
304 4799 350 4851 10.
368 4795 489 4863 patroni]
508 4810 559 4861 pro
577 4798 615 4849 Μ.
646 4821 675 4833 -·
711 4798 757 4848 10.
776 4798 828 4861 ipat
844 4803 876 4847 ιιι
893 4797 1029 4849 ΟιιΙΙΙιιιι
1047 4805 1079 4849 ιιι
1096 4799 1146 4862 bl,
1170 4801 1211 4851 illi
1228 4807 1258 4850 ut
1276 4800 1306 4849 Ε.
1328 4826 1357 4838 -
1378 4800 1506 4850 habaima

177 4868 436 4934 flerunt-laguna:
455 4869 581 4918 ῐιυῑιιίιιιι
593 4867 653 4918 ttss.
667 4892 698 4906 -
717 4867 762 4918 tt.
782 4868 833 4917 oett
846 4866 962 4919 llruasttl
974 4870 1120 4934 typotheta.
1134 4894 1162 4906 -
1182 4870 1227 4920 41.
1246 4878 1308 4920 orata
1320 4870 1364 4923 bl:
1379 4876 1459 4922 oeteo
1473 4868 1503 4919 ll.
