3256 5400
664 235 723 296 ur.
743 235 796 296 an
818 237 989 321 narrauit

353 407 473 466 Τέκνον
495 399 587 482 ἐμόν,
611 392 651 462 οὔ
672 419 722 458 τοι
744 399 871 459 δέδοται
894 394 1053 476 πολεμήϊα
1075 395 1176 479 ἔργα,

348 495 454 560 Ἀλλά
477 494 546 575 σύγ’
571 489 740 576 ἱμερόεντα
760 502 912 573 μετέρχεο
933 489 1017 573 ἔργα
1041 487 1162 572 λόγοιο.

182 622 212 683 3.
235 616 295 684 Sed
308 617 385 682 haec
399 615 465 679 lors
481 612 608 685 viderit,
631 632 686 686 ea,
708 631 788 698 quae
812 609 925 675 talibus
942 608 973 674 in
994 608 1090 676 rebus
1104 611 1175 698 plns
1189 632 1284 698 mam
1299 612 1382 679 ratio
1396 622 1514 698 potest

181 715 244 777 Nos
265 721 366 775 antem
389 707 422 772 id
444 707 621 780 videamus,
659 703 796 791 quodin
818 701 1007 789 nobisipsis
1030 724 1099 769 esse
1121 703 1231 779 debet,
1264 714 1316 779 ut,
1356 705 1512 793 quidquid

159 803 345 877 caeciderit,
374 800 499 867 fortiter
520 811 551 865 et
572 799 729 885 sapienter
749 797 885 862 ieramus
908 806 940 862 et
960 797 1109 864 accidisse
1143 798 1323 865 bominibus
1359 801 1513 866 memine-

181 898 298 974 rimus;
319 916 440 981 nosque
468 916 539 960 cum
571 895 704 959 multum
736 892 874 964 litterae,
911 902 977 956 tum
1004 913 1067 957 non
1092 892 1256 958 minimum
1278 893 1353 960 ldus
1380 916 1512 981 quoque

180 989 309 1055 Martiae
336 990 547 1055 consolentur.
597 993 627 1053 t.
657 987 787 1072 Suscipe
814 1007 897 1051 nunc
923 1006 1023 1050 meam
1045 984 1322 1062 deliberationem,
1359 1009 1421 1075 qua
1449 988 1513 1053 sol-

178 1083 299 1159 licit0r;
335 1083 376 1147 ita
400 1085 497 1149 multa
519 1082 650 1147 veniunt
671 1082 702 1145 in
725 1090 860 1144 mentem
882 1081 914 1145 in
935 1089 1101 1165 utramque
1127 1092 1258 1168 partem.
1302 1078 1510 1156 Proficiscor,

179 1184 214 1242 ut
246 1176 484 1251 constitueram,
518 1176 639 1260 legatus
668 1175 702 1239 in
737 1173 920 1240 Graeciam?
954 1173 1064 1240 Caedis
1092 1174 1299 1260 impendentis
1331 1174 1512 1260 periculum

145 1270 320 1336 rononnihil
348 1272 448 1336 vitare
479 1270 606 1342 videor,
643 1268 698 1334 sed
727 1290 855 1333 casurus
884 1268 916 1332 in
946 1268 1079 1354 aliquam
1102 1269 1384 1355 vituperationem,
1424 1269 1511 1356 quod

178 1364 226 1429 rei
248 1365 391 1450 publicae
413 1365 566 1430 defuerim
590 1373 651 1428 tam
673 1362 761 1449 gravi
786 1372 936 1447 tempore.
970 1362 1023 1427 Sin
1046 1373 1150 1428 autem
1174 1384 1341 1435 mansero,
1364 1362 1437 1428 sore
1459 1385 1511 1428 me

179 1459 308 1546 quidem
330 1459 424 1524 video
446 1459 478 1524 in
501 1457 698 1530 discrimine,
735 1455 791 1521 sed
819 1455 960 1520 accidere
989 1477 1082 1542 posse
1104 1457 1264 1542 suspicor,
1297 1468 1332 1522 ut
1353 1457 1509 1543 prodesse

178 1554 296 1639 possim
318 1552 366 1618 rei
388 1553 541 1639 publicae.
602 1557 667 1617 Iam
688 1550 740 1615 illa
762 1550 889 1614 consilia
912 1550 1031 1636 privata
1054 1559 1141 1626 sunt,
1172 1550 1256 1637 quod
1285 1551 1387 1615 sentio
1418 1551 1511 1616 valde

179 1667 248 1711 csse
270 1647 347 1712 utile
377 1647 415 1710 ad
446 1644 712 1711 confirmationem
735 1643 894 1708 Ciceronis
922 1665 972 1708 me
994 1643 1068 1708 illuc
1089 1643 1214 1720 venirc;
1250 1665 1309 1709 nec
1331 1645 1391 1709 alia
1415 1666 1510 1711 causa

147 1739 382 1824 rapitisectionis
414 1741 489 1804 mibi
523 1739 584 1804 ulla
614 1738 673 1803 luit
695 1745 774 1811 tum,
809 1758 880 1802 cum
903 1739 1067 1803 consilium
1090 1738 1158 1823 cepi
1180 1738 1277 1822 legari
1299 1737 1339 1802 ab
1362 1743 1508 1805 Caesare.

179 1838 256 1898 'lota
278 1834 374 1918 igitur
396 1832 453 1897 hac
476 1832 514 1896 dc
536 1853 588 1906 re,
612 1841 646 1896 ut
668 1829 766 1905 soles,
799 1836 825 1895 si
848 1830 924 1918 quid
946 1832 986 1896 ad
1008 1854 1058 1896 me
1080 1833 1238 1918 pertinere
1260 1844 1366 1918 putas,
1391 1833 1510 1917 cogita·

177 1925 236 1990 bis.
279 1931 308 1990 5.
331 1925 438 1991 Redeo
460 1946 542 1989 nunc
564 1925 604 1990 ad
626 1925 789 2010 epistolam
812 1936 906 1990 tuam.
951 1926 1068 1991 Scribis
1091 1926 1173 1990 enim
1194 1948 1262 1992 esse
1277 1947 1424 1991 rumores
1448 1948 1507 1998 mc,

177 2019 216 2083 ad
242 2019 342 2084 lacum
370 2020 455 2106 quod
483 2018 601 2094 babeo,
635 2020 858 2097 venditurum
892 2019 1098 2085 minusculam
1132 2042 1209 2088 vcro
1236 2021 1341 2086 villam
1371 2020 1507 2108 [utiquc]

179 2112 297 2190 Quinto
320 2114 521 2188 traditurum,
545 2115 596 2179 vel
617 2114 760 2200 impenso
783 2114 901 2200 pretio,
926 2135 990 2200 quo
1011 2113 1243 2190 introducatur,
1270 2125 1306 2179 ut
1328 2113 1384 2178 tibi
1408 2114 1509 2191 Quin-

141 2214 226 2272 aotus
248 2206 328 2272 lilius
349 2208 485 2284 dixerit,
509 2209 612 2275 dotata
636 2208 781 2295 Aquillia.
825 2214 891 2293 Ego
912 2229 990 2273 vero
1012 2208 1051 2273 de
1073 2209 1254 2274 venditione
1276 2209 1352 2274 nihil
1376 2210 1507 2295 cogito,

177 2300 237 2365 nisi
259 2302 348 2388 quid,
371 2303 457 2389 quod
479 2304 578 2389 magis
600 2324 650 2368 me
666 2303 815 2377 delectet,
840 2307 1000 2368 invenero.
1046 2302 1180 2380 Quintus
1196 2312 1300 2368 autem
1316 2304 1355 2368 dc
1371 2304 1507 2369 emendo

182 2394 258 2459 nibil
280 2408 367 2459 curat
389 2395 448 2460 boc
470 2406 622 2484 tempore.
678 2398 759 2462 Satis
781 2403 863 2462 enim
887 2407 1052 2483 torquetur
1074 2396 1232 2462 debitione
1254 2397 1352 2474 dotis;
1389 2397 1422 2464 in
1445 2420 1506 2479 qua

180 2485 325 2552 mirificas
356 2490 516 2576 †Egnatio
549 2492 664 2576 gratias
686 2492 759 2577 agit.
812 2491 1000 2557 Aduccnda
1023 2501 1126 2555 autem
1148 2512 1249 2555 uxore
1272 2493 1317 2556 sic
1338 2491 1504 2564 abhorret,

178 2591 213 2645 ut
235 2580 336 2647 libero
359 2584 471 2650 lectulo
494 2596 587 2671 neget
608 2608 677 2651 esse
711 2587 880 2673 quidquam
903 2584 1078 2651 iucundius.
1133 2590 1163 2649 6.
1194 2585 1256 2650 Sed
1279 2586 1354 2650 baec
1377 2607 1504 2672 quoque

142 2674 337 2743 rabastenus.
391 2680 497 2746 Redeo
530 2681 613 2747 enim
644 2681 682 2747 ad
712 2683 858 2747 miseram
888 2702 945 2745 seu
973 2680 1089 2744 nullam
1118 2681 1223 2766 potius
1244 2700 1312 2744 rem
1334 2679 1502 2764 publicam.

177 2774 217 2835 M.
246 2773 397 2838 Antonius
427 2775 466 2839 ad
495 2798 546 2840 mo
575 2776 698 2861 scripsit
726 2775 764 2840 de
792 2773 990 2838 restitutione
1013 2778 1086 2839 Sex.
1109 2773 1225 2851 Clodii;
1259 2795 1352 2860 quam
1376 2772 1505 2839 honori-

177 2861 249 2936 fice,
280 2865 365 2950 quod
387 2868 427 2933 ad
448 2891 499 2933 me
522 2871 647 2943 attinet,
679 2890 718 2933 cr
740 2869 838 2954 ipsius
861 2869 971 2932 litteris
993 2888 1163 2953 cognosces
1186 2904 1224 2916 -
1247 2868 1318 2932 misi
1340 2868 1424 2931 enim
1450 2867 1505 2932 tibi

178 2959 356 3043 exemplum
379 2986 435 3039 -;
472 2985 566 3048 quam
589 2963 755 3035 dissolute,
787 2984 879 3048 quam
903 2963 1037 3047 turpiter
1064 2983 1220 3048 quamque
1243 2961 1286 3025 ita
1308 2961 1503 3046 perniciose,

176 3061 211 3116 ut
238 3073 460 3140 nonnunquam
493 3062 609 3124 Caesar
639 3056 863 3122 desiderandus
892 3077 960 3120 csse
987 3055 1147 3128 videatur,
1184 3054 1273 3119 facile
1296 3054 1503 3124 existimabis.

141 3167 167 3202 n·
177 3148 266 3223 Quae
289 3152 370 3211 enim
395 3154 508 3214 Caesar
530 3173 687 3236 nunquam
711 3171 811 3236 neque
834 3149 958 3214 lecisset
979 3170 1081 3234 acque
1103 3169 1212 3234 passus
1235 3159 1331 3221 essct,
1362 3169 1397 3211 ca
1421 3170 1504 3212 nunc

177 3261 217 3302 ex
240 3239 324 3305 salsis
347 3242 414 3308 cius
436 3244 667 3308 commentariis
689 3248 904 3329 proteruntur.
948 3248 1014 3329 Ego
1037 3255 1139 3308 autem
1163 3243 1297 3308 Antonio
1320 3243 1503 3308 facillimum

178 3354 227 3397 me
254 3334 397 3418 praebui.
446 3338 567 3400 Etenim
597 3338 664 3410 ille,
700 3338 847 3423 quoniam
878 3338 974 3403 semel
1002 3337 1125 3402 induxit
1152 3339 1290 3403 animum
1323 3336 1382 3402 sibi
1406 3338 1503 3402 licere

177 3427 261 3511 quod
285 3430 396 3503 vellet,
430 3429 553 3496 lecisset
583 3432 681 3496 nibilo
715 3432 817 3496 minus
845 3453 895 3496 mc
922 3431 1031 3497 invito.
1081 3436 1187 3519 ltaque
1209 3453 1350 3497 mearum
1374 3453 1502 3518 qnoque

176 3519 349 3587 litterarum
371 3523 443 3588 misi
466 3524 521 3588 tibi
544 3526 732 3611 exemplum.

140 3690 166 3730 aa
797 3674 832 3732 A.

457 3789 650 3852 ANTONIUS
673 3791 824 3854 CONSUL
847 3792 878 3853 S.
900 3794 937 3853 D.
959 3794 1000 3853 M.
1023 3791 1217 3855 CICERONI.

261 3901 287 3960 1.
312 3897 577 3981 occupationibus
611 3911 657 3964 est
686 3899 800 3965 sactum
832 3901 910 3965 meis
938 3911 969 3964 et
996 3899 1096 3965 subita
1126 3911 1176 3965 tua
1209 3901 1421 3986 proiectione,
1460 3923 1500 3965 ne

175 3996 275 4053 tecum
304 4009 410 4052 coram
441 3990 479 4054 dc
508 3992 566 4055 hac
587 4015 622 4057 re
644 4015 781 4079 agerem.
832 3998 932 4071 Quam
956 3994 996 4058 ob
1019 4018 1142 4059 causam
1168 4018 1297 4068 vereor,
1328 4018 1366 4060 ne
1388 3994 1502 4061 absen-

184 4101 1502 4123 Ἢ

241 4153 267 4199 2.
289 4168 400 4218 paparo
418 4153 450 4202 11.
471 4175 503 4188 -
532 4156 559 4204 lt.
579 4158 643 4217 ipsis
661 4171 715 4205 om.
737 4158 757 4205 1.
782 4183 811 4192 -
832 4158 857 4206 a.
878 4158 975 4207 multae
994 4160 1053 4207 1111.
1076 4185 1103 4194 -
1125 4164 1212 4206 minus
1231 4159 1252 4207 tt
1271 4165 1297 4207 et
1316 4174 1385 4208 corr.
1407 4159 1444 4209 bl·
1467 4185 1498 4195 -

172 4221 198 4269 ’1.
218 4219 282 4285 qua]
314 4224 378 4284 quia
397 4224 427 4271 11.
463 4249 488 4258 -
536 4226 562 4276 9.
584 4224 688 4288 Caedis]
716 4227 893 4276 credisttttt.
932 4228 1018 4283 (Corr.
1040 4229 1201 4284 Manutius.)
1232 4254 1262 4263 -
1310 4230 1501 4290 inpendentis

171 4290 209 4342 bi·
228 4317 260 4327 -
296 4291 406 4355 periculi
425 4293 459 4341 111
478 4299 504 4343 et
523 4310 592 4344 corr.
613 4297 649 4346 11.
677 4322 711 4331 -
747 4299 789 4346 11.
810 4311 931 4347 mansero
950 4299 1069 4360 equidem
1086 4300 1164 4346 tadeo
1184 4299 1242 4356 111,
1262 4313 1400 4348 mansero:
1420 4302 1500 4348 uideo

172 4363 289 4424 equidem
316 4363 345 4412 11.
383 4363 424 4417 {Ut
444 4377 507 4419 nos,
536 4367 600 4415 xtz
620 4374 646 4415 et
665 4368 835 4421 Cratander.)
867 4393 898 4402 -
937 4370 978 4418 15.
1000 4384 1057 4417 cum
1082 4383 1136 4418 om.
1159 4369 1179 4417 l.
1212 4394 1242 4404 —
1282 4371 1322 4419 18.
1350 4372 1386 4419 cd
1413 4371 1499 4419 lorum

173 4433 231 4487 (sic)
242 4433 346 4495 queml.
362 4459 393 4469 -
412 4433 517 4483 illumi.
531 4460 559 4470 -
575 4438 664 4498 utique
677 4452 731 4487 om.
743 4438 826 4487 Codd.
839 4447 876 4500 ψ.
889 4437 957 4486 uait.
968 4440 1083 4489 llelmst.
1096 4440 1127 4497 11,
1137 4441 1265 4500 probante
1274 4440 1398 4489 Graevio.
1420 4440 1459 4489 De
1472 4441 1498 4489 11

176 4515 229 4551 non
250 4504 343 4566 liquet.
381 4504 434 4552 Nos
452 4506 622 4554 seclusimus.
653 4533 683 4542 -
721 4509 956 4569 11111111.-
993 4509 1036 4558 22.
1058 4509 1226 4558 dubitatione
1246 4510 1266 4558 l.
1289 4535 1317 4545 -
1355 4511 1499 4559 1111111·-

173 4573 236 4637 pens
253 4574 310 4621 sub.
333 4574 363 4635 Q.
383 4574 498 4629 Ennatto
519 4576 552 4634 1,
581 4577 707 4642 mirificas
726 4577 757 4640 Q.
777 4578 895 4640 Eqraatto
925 4579 962 4628 11.
1001 4580 1031 4628 111
1050 4594 1113 4638 nos,
1136 4582 1188 4628 iam
1207 4578 1261 4637 111;
1289 4581 1333 4629 aed
1355 4581 1419 4629 latet
1439 4594 1498 4629 cor·

175 4644 290 4704 ruptela.
311 4643 363 4694 On.
394 4669 422 4680 -
462 4645 505 4693 11.
525 4648 667 4710 qaatdquam
686 4654 748 4697 anta
766 4648 847 4696 libero
866 4650 940 4710 pontt
961 4648 1033 4697 1.-
1070 4650 1113 4697 28.
1135 4652 1248 4699 ttcom.
1269 4651 1299 4698 11.
1322 4673 1348 4684 -·
1388 4651 1431 4700 29.
1453 4663 1498 4698 cx·

174 4714 279 4763 timebis
296 4714 333 4764 11.
368 4736 399 4747 -
436 4714 479 4763 30.
499 4729 581 4778 acqua
598 4719 658 4780 secat
676 4732 756 4781 nequa
773 4719 873 4780 {adstat
892 4718 926 4767 111
945 4724 971 4766 et
990 4732 1060 4767 corr.
1081 4720 1118 4768 11.
1154 4746 1180 4756 -
1221 4733 1299 4781 nequa
1317 4733 1412 4781 passus
1431 4728 1498 4769 auat

172 4796 226 4832 om.
247 4784 321 4833 11111.
361 4783 509 4846 (Supplevit
535 4786 668 4836 Victorius
686 4802 701 4837 e
722 4802 775 4849 mg.
796 4787 879 4840 Crat-l
908 4813 942 4822 -
978 4789 1021 4837 31.
1047 4790 1261 4839 artemonis.
1291 4813 1320 4824 -
1358 4789 1399 4838 33.
1420 4791 1497 4838 oattat

173 4852 223 4900 sibi
240 4852 340 4914 facum
359 4868 399 4916 pr.
420 4855 458 4904 11.
478 4878 507 4890 -
545 4856 588 4906 38.
607 4871 662 4906 noa
679 4871 769 4907 uersor
788 4858 906 4906 malebat
924 4858 1009 4907 liant.
1025 4859 1191 4921 Stephanus,
1213 4862 1343 4921 probante
1360 4861 1494 4910 Weialtio.
