3256 5400
600 221 875 285 Ettsrotatttut
895 222 947 283 ΑΙ)
968 221 1059 283 tart.

651 380 706 441 ts.
750 377 799 458 (n.
825 379 857 440 u.
880 379 911 440 c.
934 376 1021 451 rto.)

613 490 784 553 nutneus
808 489 990 553 oteanonr
1013 490 1043 552 s.

261 619 289 678 1.
310 610 393 676 Nihil
413 631 464 675 me
486 608 543 676 tibi
566 617 683 674 temere
705 622 758 674 aut
780 619 808 673 te
826 608 939 673 ceteris
960 608 999 673 de
1015 628 1065 672 me
1080 606 1197 672 frustra
1211 607 1367 692 recepisse
1382 609 1492 673 laetor.

176 711 265 774 Certe
286 706 346 771 hoc
367 705 467 770 maius
488 701 584 767 habes
605 702 816 767 testimonium
837 707 953 767 amoris
975 701 1053 774 mei,
1076 723 1140 788 quo
1163 703 1313 767 maturius
1328 701 1385 767 tibi
1401 724 1493 787 quam

154 799 288 868 secteris
316 799 446 862 consilia
474 818 543 861 mea
571 795 658 861 volui
680 816 748 860 esse
773 805 855 861 nota.
898 795 1021 860 ludios
1045 816 1120 858 vero
1143 796 1326 859 meritorum
1348 817 1492 861 meorum

174 893 243 958 heri
266 891 458 957 accessiones
481 890 647 976 pervidere
669 900 699 953 te
718 911 832 974 spero;
855 890 1052 972 cogniturum
1067 889 1165 973 magis
1180 890 1309 974 recipio.
1353 895 1382 954 2.
1400 891 1493 968 Quod

174 987 214 1052 ad
235 1009 285 1051 me
313 987 435 1056 attinet,
467 985 510 1048 mi
539 985 649 1050 Cicero
672 1020 712 1028 —
735 983 777 1046 ita
798 982 838 1046 ab
860 981 1092 1046 imminentibus
1114 983 1201 1047 malis
1224 983 1421 1069 respublica
1443 1007 1493 1049 mc

174 1080 339 1145 adiuvante
361 1079 530 1143 libereturl
564 1110 602 1119 -
632 1076 676 1140 sic
698 1075 834 1139 honores
856 1076 1058 1161 praemiaque
1080 1087 1184 1139 vestra
1205 1077 1359 1161 suspicio,
1389 1079 1494 1142 confe-

174 1172 271 1237 renda
293 1182 377 1236 certe
399 1192 470 1236 cum
492 1169 742 1241 immortalitate,
763 1177 798 1232 ut
819 1169 886 1233 sine
908 1168 956 1233 his
978 1170 1053 1249 nibil
1076 1169 1115 1234 de
1137 1191 1208 1234 meo
1230 1169 1332 1234 studio
1347 1192 1495 1256 perseve-

140 1266 337 1350 rorantiaque
359 1265 416 1329 sim
440 1265 638 1329 remissurus.
689 1261 753 1327 Nisi
775 1262 807 1325 in
829 1262 1025 1326 multitudine
1047 1264 1237 1348 optimorum
1260 1263 1374 1327 civium
1397 1264 1495 1349 impe-

174 1368 224 1424 tus
246 1358 341 1422 animi
363 1358 423 1422 mei
442 1358 536 1422 fuerit
557 1356 723 1440 singularis
746 1366 776 1420 et
796 1377 892 1440 opera
907 1357 1094 1441 praecipua,
1117 1356 1192 1421 nihil
1212 1357 1251 1422 ad
1271 1379 1372 1421 meam
1395 1358 1495 1442 digni·

174 1460 268 1517 tatem
301 1451 450 1515 accedere
484 1449 556 1513 volo
588 1449 809 1533 suffragatione
838 1459 951 1514 vestra.
1005 1455 1034 1514 3.
1066 1451 1259 1536 Concupisco
1291 1461 1393 1516 autem
1419 1451 1494 1517 nihil

176 1544 252 1608 mihi
274 1582 315 1591 —
337 1554 444 1608 contra
467 1542 552 1628 quod
574 1542 641 1628 ipse
663 1564 768 1629 pugno
792 1566 846 1619 -;
870 1553 901 1607 et
923 1543 1072 1628 temporis
1094 1554 1124 1607 et
1145 1545 1193 1609 rei
1215 1552 1245 1608 te
1262 1546 1494 1611 moderatorem

175 1635 266 1702 facile
301 1637 405 1722 patior
433 1656 511 1700 esse.
567 1636 649 1701 Nihil
679 1646 733 1700 aut
761 1657 832 1700 sero
861 1645 913 1701 aut
940 1637 1053 1720 exigue
1083 1658 1100 1700 a
1129 1637 1228 1722 patria
1258 1638 1320 1702 civi
1342 1637 1494 1702 tributum

142 1741 277 1820 upotest
298 1731 408 1795 videri.
451 1728 632 1793 Exercitum
655 1751 682 1794 a.
705 1729 735 1794 d.
759 1749 805 1794 vt.
827 1730 893 1794 Kal.
911 1730 1005 1794 Maias
1021 1730 1204 1795 Rhodanum
1228 1732 1350 1803 traieci,
1373 1730 1494 1814 magnis

175 1823 349 1889 itineribus.
392 1823 510 1888 Vienna
532 1823 653 1908 equites
675 1823 761 1887 mille
783 1823 832 1887 via
856 1823 1001 1887 breviore
1023 1825 1180 1907 praemisi.
1224 1829 1303 1908 lpse,
1327 1830 1352 1889 si
1375 1825 1415 1888 ab
1436 1830 1495 1889 Le-

175 1918 250 2004 pido
273 1939 335 1980 non
354 1916 520 2001 impediar,
543 1916 701 1980 celeritate
723 1915 926 1992 satisfaciam
950 1917 974 1980 si
997 1926 1101 1981 autem
1123 1917 1225 1982 itineri
1247 1938 1319 1982 meo
1341 1939 1374 1981 se
1396 1938 1496 2002 oppo-

176 2013 290 2081 suerit,
315 2009 352 2073 ad
375 2019 496 2074 temnus
518 2010 681 2074 consilium
703 2014 832 2093 capiam.
883 2009 994 2094 Copias
1005 2009 1127 2075 adduco
1142 2021 1173 2074 et
1187 2032 1319 2075 numero
1334 2020 1364 2075 et
1378 2033 1493 2096 genere

177 2114 208 2170 et
231 2103 376 2168 fidelitate
399 2105 601 2169 nrmissimas.
645 2107 705 2177 Te,
728 2111 763 2168 ut
784 2103 895 2188 diligas
917 2122 984 2172 me,
1011 2102 1038 2166 si
1059 2115 1169 2170 mutuo
1191 2113 1221 2168 te
1241 2104 1396 2170 facturum
1417 2106 1492 2181 scis,

141 2217 266 2284 arrogo.
308 2197 398 2263 Vale.

659 2310 697 2372 r.
741 2307 789 2392 (Α.
816 2311 848 2373 u.
871 2312 903 2374 c.
925 2308 1009 2394 711.)

668 2422 810 2486 meane
831 2424 996 2487 araneo.

265 2549 292 2608 1.
314 2542 379 2607 Etsi
402 2543 475 2607 satis
497 2564 537 2607 ex
558 2542 675 2607 Furnio
697 2551 805 2607 nostro
827 2562 1011 2626 cognoram,
1046 2562 1126 2628 quae
1148 2551 1200 2606 tua
1225 2543 1385 2618 voluntas,
1408 2544 1495 2632 quod

178 2637 343 2703 consilium
376 2636 415 2700 de
437 2658 472 2700 re
494 2636 619 2721 publica
640 2644 737 2708 esset,
774 2645 894 2709 tamen,
931 2640 991 2701 tuis
1013 2636 1124 2701 litteris
1146 2636 1249 2710 lectis,
1286 2636 1434 2722 liquidius
1456 2637 1495 2702 de

142 2740 245 2802 „toto
268 2752 360 2794 sensu
383 2739 437 2794 tuo
460 2730 604 2794 iudicati.
649 2727 879 2807 Quamobrem,
902 2750 1088 2815 quamquam
1112 2730 1144 2794 in
1165 2751 1229 2795 uno
1250 2733 1372 2815 proelio
1393 2738 1495 2797 omnis

179 2824 304 2890 fortuna
332 2823 379 2886 rei
401 2822 543 2907 publicae
565 2821 715 2907 disceptat
735 2860 776 2869 —
799 2822 883 2908 quod
905 2823 1046 2909 quidem,
1078 2844 1149 2887 cum
1172 2823 1247 2887 haec
1269 2823 1409 2907 legeres,
1433 2825 1495 2889 iam

179 2918 339 2983 decretum
368 2914 544 2980 arbitrabar
574 2915 643 2979 fore
667 2952 725 2990 —,
748 2925 851 2980 tamen
880 2917 947 3002 ipsa
968 2917 1067 2991 fama,
1101 2938 1180 3002 quae
1203 2916 1242 2981 de
1265 2926 1316 2980 tua
1338 2919 1496 2984 voluntate

179 3010 391 3097 percrebruit,
415 3030 556 3094 magnam
580 3030 613 3073 es
635 3008 757 3073 laudem
781 3019 976 3076 consecutus.
1020 3015 1127 3096 ltaque
1149 3011 1176 3075 si
1198 3010 1356 3074 consulem
1378 3017 1496 3076 Romae

179 3103 411 3175 habuissemus,
443 3103 632 3168 declaratum
665 3114 746 3169 esset
778 3102 817 3167 ab
851 3113 960 3168 senatu
987 3125 1058 3168 cnm
1080 3105 1141 3169 tuis
1163 3105 1281 3189 magnis
1305 3102 1495 3177 honoribus,

142 3219 272 3284 uquam
294 3207 401 3283 gratus
423 3205 503 3261 esset
524 3208 652 3262 conatus
674 3206 705 3260 et
725 3207 890 3283 apparatus
919 3208 999 3262 tuus.
1044 3198 1138 3263 Cuius
1161 3198 1208 3262 rei
1230 3219 1293 3262 non
1314 3198 1410 3263 modo
1433 3220 1495 3263 non

178 3293 340 3377 praeteriit
360 3302 501 3375 tempus,
532 3289 586 3354 sed
613 3311 652 3354 no
674 3300 830 3356 maturum
852 3291 978 3377 quidem
1008 3291 1184 3357 etiamnunc
1205 3312 1277 3355 meo
1299 3292 1427 3378 quidem
1449 3293 1497 3357 in·

179 3384 261 3449 dicio
290 3384 358 3449 fuit.
406 3389 435 3448 Is
463 3388 545 3448 enim
568 3382 702 3469 denique
725 3383 824 3449 bonos
845 3385 922 3450 mihi
945 3385 1045 3450 videri
1073 3386 1168 3458 solet,
1205 3390 1258 3471 qui
1281 3407 1344 3449 non
1366 3395 1497 3470 propter

178 3499 265 3565 apem
286 3478 385 3543 futuri
417 3476 559 3541 beneficii
592 3477 647 3541 sed
674 3488 805 3563 propter
826 3500 936 3563 magua
957 3481 1069 3544 merita
1090 3479 1183 3543 claris
1205 3479 1281 3542 viris
1303 3478 1443 3542 defertur
1465 3488 1496 3543 et

178 3571 280 3636 datur.
336 3576 367 3634 2.
398 3574 519 3648 Quare,
552 3571 592 3635 sit
613 3570 708 3635 modo
732 3571 834 3657 aliqua
856 3594 907 3636 res
931 3572 1072 3657 publica,
1106 3573 1221 3657 inqua
1254 3572 1353 3636 honos
1371 3571 1496 3636 elucere

143 3665 293 3751 „possib
315 3663 476 3736 omnibus,
499 3662 699 3738 mihicrede,
721 3665 918 3750 amplissimis
936 3665 1107 3731 honoribus
1122 3665 1304 3731 abundabis.
1335 3670 1364 3730 ls
1380 3676 1495 3739 autern,

179 3758 234 3844 qui
256 3780 330 3822 vere
352 3756 501 3842 appellari
523 3765 626 3842 potest
647 3757 767 3832 honos,
803 3779 866 3822 non
888 3759 1122 3823 invitamentum
1145 3760 1182 3823 ad
1205 3770 1327 3844 tempus
1349 3758 1404 3822 sed
1424 3779 1497 3844 per-

177 3860 289 3938 petuae
321 3849 445 3916 virtutis
475 3860 521 3914 est
549 3851 734 3935 praemium.
792 3851 1020 3928 Quamobrem,
1045 3853 1088 3916 mi
1111 3853 1238 3924 Plance,
1262 3852 1406 3917 incumbe
1429 3862 1496 3919 toto

178 3955 306 4033 pectore
328 3945 367 4009 ad
387 3944 526 4021 laudem;
550 3943 679 4009 subveni
698 3943 830 4028 patriae;
854 3945 1008 4030 opitulare
1023 3946 1177 4029 collegae;
1200 3945 1339 4010 omnium
1355 3947 1494 4031 gentium

178 4060 363 4105 consensum
385 4049 416 4103 et
437 4038 651 4103 incredibilem
673 4037 936 4121 conspirationem
958 4039 1081 4102 adiuva.
1129 4044 1179 4103 Me
1202 4049 1327 4104 tuorum
1350 4041 1497 4107 consilio-

141 4153 247 4200 anrum
270 4131 642 4215 adiutorem‚,dignitatis
664 4130 836 4204 fautorem,
859 4131 1003 4196 omnibus
1027 4132 1057 4195 in
1079 4131 1176 4196 rebus
1198 4131 1251 4196 tibi
1274 4134 1494 4198 amicissimum

178 4226 454 4311 fidelissimumque
475 4246 654 4309 cognosces.
698 4223 743 4288 dd
765 4245 817 4287 eas
835 4229 916 4288 enim
936 4247 1057 4298 causas,
1081 4225 1195 4311 quibus
1210 4226 1291 4289 inter
1310 4248 1367 4290 nos
1387 4248 1496 4292 amore

177 4342 301 4393 sumus,
333 4320 458 4393 officiis,
488 4328 638 4383 vetustate
661 4317 833 4390 coniuncti,
855 4319 974 4403 patriae
996 4320 1110 4384 caritas
1133 4321 1275 4394 accessit,
1298 4341 1398 4406 eaque
1420 4321 1496 4385 effe

177 4414 233 4487 cit,
255 4424 289 4478 ut
312 4424 394 4477 tuam
417 4414 511 4476 vitam
534 4411 720 4475 anteferrem
743 4434 840 4476 meae.
886 4432 936 4477 111.
959 4413 1112 4478 Kalendas
1134 4414 1265 4499 Apriles

246 4576 272 4627 3.
292 4577 323 4625 de
340 4591 395 4625 orn.
416 4575 454 4624 Μ.
487 4601 514 4611 -
553 4575 579 4624 6.
605 4577 738 4637 persedere
765 4575 811 4625 M:
836 4578 986 4637 praevidere
1009 4577 1037 4625 li.
1060 4601 1090 4611 -
1135 4578 1177 4626 13.
1198 4585 1338 4640 contraque
1357 4579 1411 4639 ipse
1429 4578 1494 4628 Cod.

177 4645 287 4708 Regius.
301 4646 351 4696 Vb.
368 4670 397 4681 -
417 4652 442 4694 at
461 4641 593 4707 temporis]
607 4646 651 4693 red
669 4652 694 4694 et
711 4649 833 4706 temporis
847 4647 879 4695 N.
901 4671 931 4681 -
951 4647 994 4696 15.
1010 4649 1109 4695 traieci.
1146 4648 1251 4703 Moenia
1268 4648 1404 4696 itineribus
1424 4649 1496 4697 Vten-

176 4730 239 4766 nom
257 4716 340 4766 Codd.
361 4716 474 4777 aliquot,
493 4715 542 4764 Vh.
565 4739 595 4749 -
622 4713 664 4764 to.
684 4708 738 4775 oio]
758 4725 788 4767 ut
805 4732 822 4767 a
840 4717 877 4766 Μ.
900 4741 928 4749 -
951 4717 992 4765 17.
1012 4719 1052 4765 sin
1071 4725 1157 4766 autem
1175 4718 1331 4766 Cratander.
1354 4741 1381 4750 -
1408 4718 1436 4765 in
1454 4720 1496 4767 iti-

176 4788 232 4835 nart
257 4786 363 4844 bl,>r‘n
381 4787 472 4835 ttinere
491 4784 574 4835 Codd.
600 4783 712 4848 aliquot.
733 4784 782 4834 Vh.
817 4811 845 4822 -
884 4789 1024 4848 oppetierit
1045 4787 1082 4836 hl.
1112 4811 1142 4822 -
1179 4787 1225 4836 28.
1243 4787 1387 4850 percrebuit
1405 4786 1443 4836 Μ.
1464 4813 1495 4825 ·-

176 4855 220 4906 di.
238 4869 270 4906 ea
286 4869 352 4921 qtmc
370 4857 450 4921 effecit
469 4869 510 4918 pr.
530 4854 567 4904 hl.
