3256 5400
186 243 248 306 434
685 239 745 301 ΕΡ.
765 240 817 301 ΑΙ)
839 237 1009 301 ATTICUM

186 398 323 480 tertam
353 395 528 463 videbimur
555 394 738 482 deliquisse,
767 394 821 459 abs
852 405 943 478 teque
965 402 1067 466 certe,
1098 397 1244 480 quoniam
1267 397 1354 462 nullo
1376 409 1502 469 nostro,

185 503 240 559 tuo
269 493 366 579 ipsius
392 489 546 555 berrcficio
578 488 753 573 diligemur.
812 494 841 553 5.
872 487 964 564 Quod
998 496 1027 551 te
1055 508 1125 552 cum
1160 490 1296 554 Culeone
1324 492 1434 559 scribis
1462 496 1502 560 de

185 586 352 672 privilegio
385 586 538 657 locutum,
573 593 620 647 est
653 582 787 669 aliquid;
827 581 881 644 sed
909 581 1006 646 multo
1035 592 1081 645 ost
1114 582 1224 647 melius
1255 584 1411 669 abrogari.
1468 590 1502 654 Si

185 680 267 744 enim
295 699 388 743 nemo
416 676 581 762 impediet,
609 675 685 759 quid
712 685 758 739 est
786 675 931 739 tirmiusi
960 675 1007 740 sin
1034 676 1109 747 crit,
1141 676 1194 759 qui
1217 675 1292 741 ferri
1322 699 1384 742 non
1407 681 1501 755 sinat,

161 773 266 839 5idem
295 782 418 838 senatus
446 770 587 835 consulto
615 769 796 833 intercedet.
853 772 915 832 Nec
943 769 1108 854 quicquam
1131 768 1214 834 aliud
1236 791 1315 855 opus
1342 782 1388 837 est
1410 772 1503 839 abro-

183 867 260 951 gari.
312 869 388 929 Nam
410 865 499 950 prior
519 862 572 927 lex
597 884 654 927 nos
675 861 751 926 nihil
773 860 925 927 laedebat.
976 865 1077 938 Quam
1100 862 1144 935 si,
1166 873 1201 927 ut
1223 873 1270 927 est
1290 866 1501 951 promulgata,

183 959 308 1025 laudare
336 958 542 1023 voluissemus
564 966 632 1030 aut,
665 965 700 1021 ut
720 965 787 1020 erat
808 955 1006 1039 negligenda,
1041 956 1211 1039 negligere,
1236 979 1350 1022 nocere
1372 962 1502 1026 omnino

183 1050 272 1118 nobis
294 1072 356 1117 non
378 1052 538 1136 potuisset.
580 1049 637 1114 Mic
659 1049 734 1114 mihi
756 1051 891 1134 primum
913 1070 1016 1113 meum
1039 1050 1201 1114 consilium
1225 1056 1237 1079 *
1260 1056 1271 1079 *
1294 1051 1411 1126 deluit,
1445 1055 1500 1120 sed

183 1146 274 1211 etiam
297 1144 406 1210 obluit.
458 1144 564 1217 Caeci,
587 1144 682 1216 caesi,
705 1143 845 1227 inquam,
880 1142 996 1208 luimus
1018 1147 1049 1207 in
1072 1143 1184 1207 vestitu
1205 1145 1368 1219 mutando,
1390 1147 1422 1211 in
1444 1168 1502 1233 po-

149 1239 257 1326 ¹⁰pul0
285 1239 445 1324 rogando,
481 1238 583 1323 quod,
617 1237 674 1301 nisi
705 1237 886 1301 nominatim
915 1257 1037 1300 mecum
1060 1237 1109 1321 agi
1132 1247 1276 1322 coeptum
1299 1250 1396 1315 esset,
1429 1242 1500 1307 sieri

182 1333 391 1420 perniciosum
414 1331 481 1402 luit,
524 1331 585 1396 Sed
607 1351 705 1417 pergo
728 1331 905 1415 praeterita.
948 1335 1170 1396 Verumtamen
1193 1330 1234 1395 ob
1257 1331 1335 1397 hanc
1356 1356 1498 1410 causam,

181 1436 231 1504 nt,
261 1426 287 1492 si
308 1426 384 1514 quid
404 1436 530 1512 agetur,
557 1426 659 1510 legem
679 1424 781 1498 illam,
810 1425 842 1487 in
864 1445 925 1511 qua
946 1424 1108 1509 popularia
1135 1425 1231 1489 multa
1252 1437 1340 1499 sunt,
1373 1450 1411 1492 ne
1434 1439 1500 1494 tan·

181 1526 269 1608 gatis.
311 1527 478 1588 ovorum
502 1528 550 1584 est
569 1519 694 1583 stultum
717 1539 767 1582 me
788 1518 985 1603 praecipere,
1015 1517 1089 1602 quid
1112 1517 1210 1602 agatis
1231 1530 1284 1583 ant
1305 1542 1368 1607 quo
1391 1522 1498 1593 modo.

181 1620 301 1683 Utinam
330 1614 424 1680 modo
445 1623 555 1697 agatur
578 1612 708 1698 aliquidl
742 1613 773 1676 in
796 1633 859 1699 quo
884 1612 952 1696 ipso
974 1612 1069 1676 multa
1092 1612 1246 1677 occultant
1268 1622 1338 1679 tuae
1360 1616 1496 1692 litterae,

147 1709 290 1785 ncredo,
323 1730 362 1773 ne
390 1707 602 1772 vehementius
633 1705 849 1791 desperatione
877 1704 1053 1791 perturber.
1098 1706 1180 1783 Quid
1213 1707 1295 1771 enim
1328 1709 1415 1774 vides
1447 1711 1499 1795 agi

180 1823 272 1889 posse
300 1810 353 1868 aut
380 1800 559 1888 quomodo?
593 1804 653 1864 Per
674 1805 876 1864 senatumne?
908 1804 962 1863 Ast
987 1808 1051 1863 tute
1074 1799 1222 1884 scripsisti
1245 1800 1373 1876 adme,
1398 1804 1499 1889 quod-

179 1895 249 1960 dam
271 1903 363 1979 caput
383 1894 461 1977 legis
484 1893 625 1960 Clodium
648 1893 806 1957 incuriae
828 1902 917 1978 poste
939 1892 1060 1966 fixisse,
1083 1912 1125 1956 na
1148 1913 1291 1958 nannum
1314 1915 1400 1960 nava
1422 1917 1496 1964 nrcr

179 2007 332 2056 nicanor.
396 1987 562 2066 Quomodo
597 1986 693 2071 igitur
728 1985 884 2051 Domitius
917 2007 950 2050 se
982 1986 1062 2051 dixit
1093 1987 1293 2051 relaturum?
1336 1989 1496 2074 quomodo

179 2093 300 2157 autem,
322 2082 376 2156 iis,
399 2101 478 2168 quos
500 2090 534 2145 tu
555 2079 679 2154 scribis,
702 2088 732 2144 et
747 2078 785 2144 de
800 2101 835 2144 re
857 2078 1032 2144 dicentibus
1054 2088 1100 2152 et,
1123 2089 1158 2144 ut
1178 2079 1367 2156 referretur,
1389 2095 1498 2168 postu·

141 2175 325 2249 ulantibus,
355 2174 480 2242 Clodius
502 2173 617 2239 tacuit?
652 2179 709 2247 Ac,
732 2173 759 2238 si
781 2194 839 2258 per
860 2172 1026 2258 populum,
1049 2173 1223 2259 poteritne,
1253 2176 1312 2240 nisi
1335 2175 1374 2239 dc
1396 2177 1497 2241 omni-

177 2289 230 2335 um
260 2268 457 2334 tribunorum
490 2266 532 2353 pl.
564 2266 736 2332 sententia?
780 2266 862 2344 Quid
892 2266 1065 2332 debonis?
1101 2267 1236 2354 quidde
1259 2269 1376 2333 domo?
1408 2278 1497 2355 pote-

178 2360 260 2427 ritne
286 2361 431 2426 restitui?
459 2366 534 2435 Ant,
561 2360 588 2425 si
610 2381 673 2424 non
694 2365 825 2445 poterit,
849 2372 971 2445 egomet
992 2361 1151 2446 quomodo
1173 2368 1307 2447 potero?
1328 2364 1412 2426 Haec
1434 2363 1495 2427 nisi

177 2455 264 2522 vides
297 2454 455 2541 expediri,
491 2474 583 2540 qnam
611 2453 643 2518 in
671 2474 757 2538 spem
787 2475 836 2517 me
865 2460 983 2520 vocas?
1020 2455 1073 2519 Sin
1102 2465 1204 2520 autem
1232 2441 1299 2540 spei
1326 2456 1402 2521 nihil
1431 2466 1495 2531 est,

177 2570 258 2637 qnae
286 2559 333 2614 est
361 2546 437 2612 mihi
464 2547 549 2611 vitat
584 2550 692 2633 ltaque
722 2558 870 2632 exspecto
892 2547 1128 2613 Thessalonicae
1153 2557 1219 2612 acta
1240 2549 1307 2613 Kal.
1330 2553 1431 2623 Sext,
1454 2570 1495 2613 ex

141 2642 291 2730 uquibus
319 2650 449 2708 statuam
477 2639 509 2704 in
539 2648 648 2705 tuosne
676 2660 768 2724 agros
790 2641 984 2727 confugiam,
1017 2651 1048 2705 et
1070 2663 1170 2728 neque
1193 2642 1314 2708 videam
1337 2640 1493 2717 homines,

177 2756 256 2822 quos
283 2734 395 2808 nolim,
422 2743 453 2798 et
481 2742 526 2807 te,
559 2743 594 2798 nt
619 2733 745 2807 scribis,
774 2734 896 2798 rideam
919 2744 950 2800 et
977 2735 1106 2821 propius
1135 2735 1210 2810 sim,
1241 2735 1363 2822 siquid
1386 2747 1496 2819 agatur

177 2828 333 2913 -idque
362 2825 503 2892 intellexi
532 2847 601 2891 cum
632 2824 705 2901 tibi,
738 2836 802 2892 tum
827 2828 944 2904 Quinto
974 2829 1063 2892 fratri
1093 2830 1216 2914 placere
1239 2865 1295 2906 -,
1323 2851 1362 2894 an
1384 2828 1493 2893 abeam

177 2923 330 3011 Cyzicum,
379 2925 410 2985 7.
431 2924 534 2994 Nune,
565 2921 733 3005 Pomponi,
765 2921 913 3005 qnoniam
934 2920 1009 2986 nihil
1032 2922 1195 3007 impertisti
1218 2934 1289 2990 tuae
1310 2923 1493 3010 prudentiae

176 3016 216 3082 ad
242 3016 371 3080 salutern
399 3035 523 3085 meam,
557 3013 641 3100 quod
670 3023 723 3077 ant
753 3013 784 3076 in
817 3035 867 3077 me
900 3014 969 3099 ipso
1001 3015 1075 3079 satis
1104 3037 1172 3081 esse
1199 3018 1319 3083 consilii
1348 3017 1493 3081 decreras

140 3118 230 3175 maut
259 3120 288 3172 te
310 3108 385 3173 nihil
407 3107 477 3193 plus
499 3106 574 3171 mihi
597 3105 728 3181 debere,
758 3128 849 3193 quam
871 3118 906 3171 ut
925 3118 1052 3193 praesto
1072 3130 1172 3188 esses;
1200 3111 1410 3197 quoniamque
1432 3129 1493 3191 ogo

176 3202 332 3289 proditus,
356 3200 513 3274 inductus,
536 3199 692 3265 coniectus
719 3199 751 3263 in
773 3199 930 3274 fraudem,
959 3201 1064 3265 omnia
1086 3225 1153 3267 mea
1175 3204 1329 3289 praesidia
1351 3199 1491 3285 neglexi,

176 3307 271 3362 totam
293 3294 410 3360 ltaliam
442 3293 519 3373 †in
541 3314 590 3357 me
617 3303 751 3357 erectam
779 3293 817 3357 ad
841 3314 890 3357 me
913 3293 1141 3360 defendendum
1163 3296 1288 3362 destitui
1311 3307 1342 3360 et
1362 3292 1491 3380 reliqui,

176 3411 239 3463 me,
270 3409 357 3453 meos
387 3386 463 3451 meis
491 3386 604 3451 tradidi
625 3386 773 3460 inimicis,
807 3387 997 3471 inspectante
1026 3398 1057 3453 et
1085 3399 1204 3454 tacente
1226 3399 1271 3468 te;
1304 3390 1357 3476 qui
1379 3388 1405 3453 si
1428 3407 1492 3450 non

176 3483 244 3569 plus
266 3481 390 3567 ingenio
411 3479 536 3546 valebas
558 3501 651 3566 quam
672 3500 749 3565 ego,
783 3491 867 3544 certe
888 3479 1017 3546 timebas
1041 3482 1157 3548 minus:
1180 3484 1207 3549 si
1228 3493 1317 3570 potes
1338 3482 1424 3566 erige
1446 3478 1491 3544 ai·

141 3575 274 3640 ullictos
304 3584 335 3639 et
362 3579 394 3640 in
420 3595 459 3639 eo
488 3595 545 3639 nos
571 3574 659 3650 iuvn3
692 3573 739 3638 sin
767 3573 869 3637 omnia
897 3586 967 3639 sunt
993 3573 1170 3651 obstructa,
1203 3576 1235 3643 id
1262 3576 1365 3662 ipsum
1388 3574 1436 3639 iac
1457 3584 1492 3639 ut

245 3751 270 3800 1.
290 3749 382 3799 Malim
401 3749 480 3796 etiem
497 3748 561 3796 milii
580 3742 637 3808 (vel
659 3743 748 3808 nobie)
766 3749 859 3796 minue.
893 3747 942 3797 Oa.
966 3772 995 3783 -
1031 3749 1164 3811 deliquisse
1180 3748 1324 3798 uidebimur
1342 3749 1364 3798 1.
1395 3774 1422 3784 -
1462 3748 1489 3799 2.

178 3821 295 3872 Culleone
311 3819 377 3877 MR,
398 3818 507 3867 Curione
526 3816 552 3875 1,
576 3816 698 3866 Aculeone
716 3816 858 3865 Corradus.
889 3841 919 3852 -
956 3817 982 3866 1.
1002 3819 1065 3881 quid
1083 3825 1119 3867 eet
1137 3815 1254 3883 firmine]
1281 3821 1318 3867 u'c
1335 3826 1372 3867 eet
1389 3819 1490 3882 punine

176 3891 249 3942 11111.
279 3887 467 3950 (Emendeturn
487 3891 527 3934 eet
544 3899 574 3934 ex
593 3884 681 3947 XYZ.)
699 3911 732 3920 -
752 3887 777 3935 5.
795 3888 875 3935 udern
893 3886 967 3937 11111.
989 3911 1018 3922 -
1038 3901 1103 3951 opue
1120 3895 1157 3938 eet
1174 3889 1300 3953 mengun·
1318 3888 1488 3938 Schuetzins:

176 3975 240 4024 opue
258 3965 294 4008 eet
310 3971 388 4022 quoni
405 3957 529 4018 abrogari
547 3955 626 4014 11111,
655 3963 691 4005 eet
710 3968 773 4018 opus
791 3971 868 4019 quom
885 3956 1010 4020 abrogari
1029 3957 1060 4006 11.
1092 3983 1124 3993 -
1142 3958 1169 4007 6.
1188 3958 1227 4006 nii
1242 3958 1264 4007 1.
1293 3984 1326 3997 -
1369 3958 1396 4007 1.
1415 3959 1489 4007 notis

177 4031 282 4081 omnino
302 4029 332 4077 11.
353 4051 383 4064 -
401 4026 427 4076 8.
447 4022 518 4086 midi]
537 4025 576 4073 uil
595 4024 616 4074 1.
637 4051 667 4060 -
703 4028 817 4088 primum
834 4040 886 4075 non
903 4028 980 4075 modo
997 4028 1131 4076 cmuiiium
1148 4029 1228 4092 desmt
1247 4028 1279 4077 11.
1317 4028 1419 4077 Excidit
1435 4042 1488 4076 non

176 4101 260 4150 eolurn
279 4104 336 4161 post
355 4110 380 4144 v.
401 4096 543 4144 conuitium.
575 4094 625 4145 Οι.
671 4095 742 4145 Fort.
770 4101 828 4158 post
845 4097 925 4159 defuit
944 4096 1041 4146 excidit
1058 4111 1103 4146 nec
1120 4098 1202 4146 solum
1220 4099 1309 4161 defuit.
1345 4098 1423 4148 Burs.
1457 4121 1487 4132 -

178 4171 221 4220 11.
242 4168 303 4216 Post
319 4167 466 4229 praeterito
485 4164 666 4225 interrogandi
685 4166 791 4227 signum
814 4165 893 4214 habet
912 4166 943 4214 11.
974 4188 1002 4199 -
1041 4167 1082 4215 ta.
1102 4175 1195 4230 agetur
1211 4167 1358 4217 Lambinus
1385 4180 1489 4216 rurens-

178 4253 229 4304 qne
249 4237 420 4286 Schuetzine:
440 4242 559 4298 ageretur
576 4235 654 4294 11111,
673 4244 770 4299 agutur
788 4236 933 4284 Ernestius.
955 4258 986 4270 -
1022 4237 1064 4285 13.
1083 4235 1170 4300 modo]
1189 4252 1243 4286 non
1261 4238 1284 4286 1.
1305 4261 1336 4273 -
1373 4238 1416 4287 ii.
1435 4250 1487 4300 quo

177 4312 234 4372 ipen
253 4307 288 4366 R,
318 4305 508 4369 inquodipen
526 4305 550 4362 l,
570 4320 625 4354 om.
655 4306 691 4354 M.
740 4303 931 4365 (Emendatum
950 4312 989 4354 est
1008 4319 1038 4355 ex
1057 4305 1152 4368 XYZ.)
1183 4332 1209 4342 -
1250 4308 1293 4357 111.
1322 4315 1441 4357 renatum
1460 4306 1484 4355 Ι.

178 4403 207 4414 -
228 4375 280 4439 nat]
300 4383 327 4425 ut
348 4377 369 4425 Ι.
401 4401 428 4410 -
467 4375 723 4437 ndniequondnm,
749 4383 952 4438 cupritauctore
970 4376 1091 4425 Ernestio
1110 4376 1275 4427 Schuetziue.
1308 4402 1338 4412 -
1375 4378 1418 4428 11.
1439 4377 1487 4426 Cu·

176 4450 324 4510 riupoeteo
345 4446 365 4494 1.
396 4468 429 4478 —·
466 4443 507 4494 18.
529 4444 661 4506 Quomodo
678 4442 769 4509 igitur]
789 4446 856 4508 Quid
873 4448 954 4509 igitur
974 4446 1002 4493 11.
1032 4470 1062 4480 -
1101 4447 1143 4497 te.
1163 4449 1253 4510 iequo
1271 4447 1311 4507 M,
1330 4448 1359 4496 id
1376 4447 1444 4510 quod
1463 4446 1484 4494 1.

178 4542 208 4553 -
228 4519 270 4566 20.
290 4518 407 4579 potuitne
426 4514 446 4562 l.
477 4539 510 4547 —
546 4514 589 4563 23.
610 4516 705 4564 uideris
721 4515 752 4563 R.
784 4540 815 4550 -
851 4530 930 4579 quotu
955 4527 1023 4576 rpem
1048 4529 1087 4565 ene
1107 4531 1236 4566 vocassem
1256 4525 1343 4566 cutem
1365 4518 1420 4579 epei
1444 4530 1485 4578 pr.

176 4587 431 4646 M.(Utnoe,mg.
452 4583 586 4633 Metlil.t
608 4607 638 4618 -
673 4587 695 4633 ei
713 4584 734 4632 1.
758 4609 787 4619 -
823 4585 1016 4634 111111.-
1051 4587 1095 4636 29.
1115 4588 1261 4638 decreuerat
1281 4588 1347 4636 1.-
1385 4586 1488 4635 uenit

176 4660 255 4708 etium
272 4657 335 4704 mihi
349 4655 409 4717 pirre
429 4653 449 4701 l·
479 4678 506 4689 -
545 4653 724 4717 quoniamque]
747 4657 870 4717 quoniam
887 4669 964 4718 quom
981 4654 1027 4713 M,
1059 4658 1164 4720 quando
1182 4659 1281 4720 quidem
1301 4657 1332 4706 11.
1369 4653 1486 4717 (Emen-

177 4728 267 4778 detum
287 4732 325 4775 est
344 4739 374 4773 ex
394 4723 458 4772 ΧΥΖ
476 4729 503 4772 et
521 4721 561 4783 l.)
593 4747 621 4757 -
659 4725 701 4773 32.
721 4728 749 4773 in
766 4739 805 4773 mc
823 4725 932 4774 seclusit
950 4725 1097 4775 Ernestiua.
1142 4728 1213 4776 Fort.
1233 4727 1341 4775 ltaliam
1357 4728 1412 4775 ium
1434 4740 1485 4775 ere·

177 4804 253 4847 etone.
275 4796 325 4846 Οι.
342 4821 368 4830 -
390 4794 433 4842 ³³.
452 4808 491 4842 nie
508 4795 569 4841 meis
586 4793 664 4854 11111,
683 4809 722 4844 ene
738 4809 853 4858 meosque
870 4796 932 4845 meir
951 4810 1003 4858 mg·
1023 4795 1060 4847 M.
1080 4793 1269 4859 (Emendatum
1287 4802 1328 4847 eet
1345 4811 1376 4847 ex
1394 4793 1485 4857 XYZ.)

180 4891 209 4903 -
246 4865 288 4915 34.
310 4864 417 4915 timebun
435 4870 462 4912 tu
480 4864 565 4911 minere
583 4862 604 4909 1.
