3256 5400
164 251 225 315 usti
550 247 589 323 Q.
612 243 755 312 CICERO
776 246 829 310 DE
849 246 974 310 PETIT.
997 243 1107 309 CONS.

163 408 266 495 ipsum
292 405 455 470 minimum
483 400 620 467 officium
645 422 757 469 eorum
785 401 841 468 tibi
873 401 1082 488 gratissimum
1110 420 1179 465 esse
1213 401 1366 468 rideatur.
1425 404 1488 480 Qui

165 502 293 569 domum
315 508 398 564 tuam
420 495 561 571 venient,
589 496 628 561 iis
649 495 822 580 significato
844 506 874 561 te
896 493 1161 572 animadvertere3
1184 499 1254 573 [et]
1277 516 1388 562 eorum
1410 497 1490 561 arni·

165 595 223 668 cis,
246 597 298 679 qui
321 591 382 655 illis
396 590 584 664 renuntient,
606 589 770 662 ostendito,
793 610 885 675 saepe
907 589 982 674 ipsis
1004 587 1109 652 dicito.
1154 590 1205 654 Sic
1219 588 1362 655 homiues
1384 612 1487 678 saepe,

165 709 236 754 cum
258 685 375 751 obeunt
395 683 502 771 plures
524 683 754 769 competitores,
777 692 808 747 et
829 681 935 746 vident
955 702 1053 747 unum
1077 701 1145 746 esse
1159 681 1312 767 aliquem,
1336 685 1390 771 qui
1412 685 1490 749 baec

145 779 267 848 sufficia
288 777 425 842 maxime
446 776 685 851 animadvertat,
716 777 744 842 ci
766 797 800 841 se
822 776 954 849 dedunt,
983 775 1134 841 deserunt
1153 785 1290 851 eeteros,
1314 776 1488 843 minutatim

166 895 207 940 ex
229 871 450 938 communibus
471 868 608 956 proprii,
631 890 672 934 ex
693 868 809 935 fucosis
831 868 913 933 lirmi
935 867 1158 954 suffragatores
1180 869 1323 935 evadunt.
1366 875 1430 934 lam
1451 871 1491 936 il·

166 967 219 1035 lud
240 975 346 1032 teneto
368 964 546 1049 diligenter,
580 962 606 1027 si
628 982 718 1037 eum,
757 961 810 1047 qui
833 961 888 1028 tibi
910 961 1105 1047 promiserit,
1139 961 1276 1026 audieris
1298 962 1421 1037 lucum,
1455 973 1491 1028 ut

166 1061 295 1134 dicitnr,
325 1058 443 1131 lacere,
473 1064 527 1121 aut
548 1055 701 1127 senseris,
732 1064 767 1120 ut
787 1063 818 1120 te
840 1054 873 1119 id
895 1054 1020 1120 audisse
1041 1062 1094 1120 aut
1114 1054 1195 1119 seire
1217 1053 1404 1122 dissimules.
1457 1056 1490 1121 Si

166 1154 220 1243 qui
241 1152 297 1219 tibi
318 1173 352 1218 se
373 1169 508 1238 purgare
535 1147 635 1220 volet,
664 1148 750 1233 quod
771 1158 947 1235 suspectum
977 1168 1011 1213 se
1038 1167 1106 1213 esse
1133 1146 1324 1227 arbitretur;
1354 1152 1491 1214 affirmes

132 1257 197 1318 sote
219 1246 258 1313 de
279 1247 362 1313 illius
384 1244 541 1311 voluntate
563 1262 720 1326 nunquam
743 1240 899 1307 dubitasse
921 1262 979 1307 uec
1006 1239 1123 1306 debere
1145 1239 1297 1307 dubitare.
1340 1247 1369 1307 ls
1391 1242 1490 1315 enim,

166 1343 220 1432 qui
242 1363 276 1407 se
297 1361 361 1406 nou
381 1347 469 1424 putat
489 1334 681 1408 satisfacere,
704 1337 821 1400 amicus
836 1334 921 1400 nullo
935 1334 1032 1401 modo
1046 1344 1148 1421 potest
1162 1355 1240 1402 esse.
1284 1337 1372 1401 Scire
1386 1346 1490 1401 autem

101 1432 102 1436 ’
167 1444 307 1523 oportet,
329 1453 394 1520 quo
416 1430 549 1518 quisque
571 1431 676 1494 animo
698 1429 752 1509 sit;
774 1439 809 1496 ut
831 1434 908 1506 [et],
931 1440 1081 1515 quamam
1103 1434 1217 1516 cuique
1238 1428 1394 1505 confidas,
1417 1450 1493 1494 con·

166 1530 296 1596 stituere
328 1525 440 1614 possis.
497 1529 548 1589 36.
580 1528 643 1589 lam
679 1523 884 1588 deductorum
920 1522 1056 1588 officium
1090 1544 1154 1609 quo
1185 1523 1286 1589 maius
1317 1534 1365 1589 est
1397 1544 1492 1610 quam

167 1624 386 1694 salutatorum,
420 1619 481 1684 boc
501 1617 619 1703 gratius
647 1617 705 1683 tibi
727 1637 795 1682 esse
817 1613 988 1700 significato
1017 1624 1111 1702 atque
1133 1615 1288 1682 ostendito
1310 1627 1356 1692 et,
1387 1616 1493 1704 quoad

133 1739 159 1784 ss
168 1716 236 1784 eius
264 1715 334 1780 fieri
362 1717 503 1800 poterit,
540 1711 633 1777 certis
666 1709 860 1797 temporibus
893 1708 1083 1774 descendite.
1133 1714 1277 1794 Magnam
1305 1711 1397 1776 all'ert
1423 1710 1494 1796 opi·

168 1811 312 1882 nionem,
348 1826 491 1891 magnam
521 1804 701 1889 dignitatem
730 1804 910 1892 quotidiana
937 1803 969 1867 in
998 1802 1182 1870 deducendo
1210 1803 1396 1890 frequentia.
1438 1807 1491 1868 37.

168 1902 271 1968 Tertia
293 1909 341 1965 est
362 1920 402 1963 ex
423 1899 484 1963 boc
504 1917 619 1983 genere
641 1897 766 1963 assidua
793 1906 1015 1962 assectatorum
1045 1896 1146 1983 copia.
1199 1901 1234 1961 ln
1263 1917 1299 1961 ea
1330 1920 1410 1986 qnos
1436 1918 1493 1963 vo·

167 1994 319 2061 luntarios
341 1990 484 2066 babebis,
507 1998 633 2065 curato,
655 2000 691 2056 ut
710 1989 881 2076 intelligant
902 2000 933 2056 te
954 1988 1014 2055 sibi
1036 1990 1271 2076 inperpetuum
1293 2012 1416 2056 summo
1437 1991 1495 2057 be-

167 2087 280 2154 neficio
305 2085 461 2170 obligari;
498 2083 553 2171 qui
574 2092 678 2148 autem
699 2081 756 2148 tibi
779 2082 911 2157 debent,
947 2082 987 2148 ub
1007 2083 1045 2149 iis
1067 2084 1157 2169 plane
1179 2083 1239 2148 boc
1259 2106 1372 2150 munus
1394 2085 1494 2171 exigi·

91 2211 93 2220 ¹
129 2189 237 2258 sotor;
274 2180 328 2268 qui
350 2199 408 2265 per
429 2186 561 2243 aetatem
583 2197 619 2241 uc
640 2177 800 2262 negotium
821 2186 988 2263 poterunt,
1016 2176 1076 2263 ipsi
1097 2184 1200 2241 tecum
1222 2186 1257 2242 ut
1278 2177 1393 2243 assidui
1415 2178 1492 2259 sint;

168 2273 224 2362 qui
253 2272 313 2360 ipsi
342 2273 455 2337 sectari
477 2292 540 2336 non
561 2278 724 2357 poterunt,
760 2290 834 2336 suos
855 2269 1048 2335 necessarios
1076 2269 1109 2334 in
1136 2269 1196 2336 boc
1224 2290 1356 2337 munere
1378 2271 1494 2337 eonsti-

168 2374 266 2433 tuunt.
322 2365 421 2432 Valde
443 2386 502 2451 ego
525 2374 555 2429 te
577 2364 650 2430 volo
678 2399 719 2411 -
750 2372 782 2429 et
803 2361 842 2428 ad
863 2384 931 2430 reru
954 2363 1112 2450 pertinere
1133 2363 1272 2431 arbitror
1301 2402 1338 2415 —
1368 2386 1495 2452 semper

168 2480 240 2526 cum
262 2458 459 2524 multitudine
481 2478 560 2523 esse.
604 2461 655 2523 38.
677 2461 843 2523 Praeterea
864 2476 1008 2541 magnam
1030 2456 1123 2522 allert
1142 2457 1266 2523 lundein
1288 2469 1320 2525 et
1340 2481 1494 2525 summam

169 2552 365 2638 dignitatem,
399 2552 427 2617 si
455 2551 478 2616 ii
505 2561 608 2616 tecum
636 2551 826 2636 erunt,‹qui
854 2571 873 2616 a
902 2563 933 2616 te
960 2548 1079 2615 defensi
1107 2550 1217 2637 etqui
1248 2571 1306 2637 per
1327 2562 1357 2618 te
1379 2551 1494 2619 servati

133 2665 206 2716 ssac
226 2644 351 2711 iudiciis
380 2643 504 2709 liberati
532 2651 613 2709 sunt.
670 2647 754 2708 llaec
776 2653 809 2709 tu
831 2644 922 2730 plane
943 2642 982 2710 ab
1003 2647 1042 2709 iis
1063 2645 1240 2731 postulato,
1269 2654 1317 2719 ut,
1345 2646 1493 2732 quoniam

169 2738 254 2804 nullu
275 2739 415 2823 impensa
437 2758 495 2823 per
517 2746 547 2802 te
570 2736 621 2801 ulii
643 2757 725 2809 rem,
759 2737 814 2803 alii
835 2738 1045 2814 honestatem,
1067 2737 1122 2802 alii
1143 2738 1274 2803 salutern
1295 2759 1331 2803 ac
1352 2738 1495 2803 fortunus

169 2851 278 2898 omnes
300 2831 518 2903 obtinuerunt,
541 2851 600 2895 nec
621 2830 706 2895 aliud
727 2830 824 2896 ullum
847 2841 969 2919 tempus
983 2830 1123 2898 futurum
1137 2831 1194 2906 sit,
1216 2830 1271 2897 ubi
1294 2831 1350 2898 tibi
1371 2831 1495 2897 rclerre

169 2924 300 3010 gratiam
321 2924 456 3011 possint,
480 2923 540 2988 boc
562 2933 592 2989 te
614 2924 717 2989 officio
740 2935 990 2991 remunerentur.

254 3021 295 3083 11.
329 3022 380 3083 39.
416 3022 475 3091 Et,
508 3017 656 3104 quoniam
683 3018 715 3083 in
742 3019 914 3084 amicorum
943 3018 1054 3085 studiis
1081 3019 1158 3084 baec
1185 3018 1288 3085 omnis
1313 3018 1395 3084 ratio
1424 3039 1496 3083 vcr-

132 3121 278 3188 sosutur,
314 3112 369 3197 qui
394 3111 483 3176 locus
508 3110 542 3176 in
571 3109 631 3176 boc
662 3129 778 3196 genere
806 3111 961 3177 cavendus
994 3113 1052 3187 sit,
1088 3111 1398 3199 praetermittendum
1430 3132 1494 3176 non

170 3205 304 3272 ridetur.
353 3202 484 3270 Fraudis
506 3214 599 3289 atque
628 3205 810 3270 insidiarum
834 3213 865 3270 et
885 3204 1035 3291 perfidiae
1057 3207 1148 3292 plena
1169 3216 1241 3272 sunt
1262 3205 1376 3272 omnia.
1425 3208 1494 3270 Non

170 3308 219 3366 est
239 3301 331 3366 buius
352 3297 503 3385 temporis
524 3307 676 3385 perpetua
697 3298 749 3363 illa
772 3298 811 3363 de
832 3299 893 3363 boc
914 3319 1028 3384 genere
1050 3299 1235 3386 disputatio,
1263 3298 1377 3387 quibus
1398 3297 1495 3363 rebus

170 3393 343 3460 benevolus
373 3402 405 3459 et
436 3391 600 3458 simulator
623 3390 798 3457 ⁴diiudicari
830 3392 949 3478 possit;
985 3401 1103 3458 tantum
1136 3403 1184 3459 est
1215 3393 1307 3460 buius
1343 3395 1494 3478 temporis

171 3486 351 3554 admonere.
400 3490 526 3551 Summa
555 3495 606 3551 tua
628 3486 728 3552 virtus
758 3485 886 3551 eosdem
909 3485 1051 3550 homines
1072 3496 1104 3550 et
1125 3486 1272 3552 simulare
1294 3485 1349 3551 tibi
1372 3507 1405 3551 se
1427 3505 1495 3550 esse

133 3581 287 3648 seumicos
305 3588 340 3645 'et
360 3579 502 3644 invidere
523 3579 634 3664 coegit.
679 3577 892 3657 Quamobrem
909 3583 1147 3665 Ἐπιχαρμεῑον
1168 3581 1245 3646 illud
1260 3590 1380 3646 teneto:
1403 3599 1497 3653 „ner-

172 3694 228 3740 vos
250 3684 344 3759 atque
370 3683 456 3737 artus
487 3693 555 3737 esse
577 3666 745 3758 supientiae
774 3693 838 3737 nou
860 3682 978 3737 temere
1000 3674 1158 3739 credere.”
1200 3679 1252 3740 ld.
1274 3679 1404 3740 Etcum
1426 3681 1493 3737 tuo·

171 3788 243 3843 rum
269 3765 440 3830 amicorum
469 3764 570 3830 studia
599 3765 814 3840 constitueris,
844 3775 910 3831 tum
937 3767 1029 3831 etiam
1052 3765 1298 3833 obtrectatorum
1327 3777 1421 3852 atque
1442 3765 1497 3830 ad·

171 3859 383 3926 versariorum
412 3857 550 3922 rationes
579 3867 611 3923 et
637 3878 752 3942 genera
773 3858 965 3944 cognoscito.
1019 3863 1103 3925 llaec
1125 3860 1185 3926 tria
1205 3871 1292 3927 sunt:
1315 3865 1432 3939 [unum
1454 3878 1495 3923 ex

171 3953 233 4030 iis,]
256 3973 336 4039 quos
356 3951 488 4029 laesisti;
510 3951 658 4025 alterum,
681 3952 736 4039 qui
758 3953 825 4017 sine
847 3972 939 4017 causa
961 3974 1024 4018 non
1037 3963 1154 4028 amant,
1177 3955 1318 4030 tertium,
1341 3951 1397 4039 qni
1411 3973 1497 4018 com-

135 4045 340 4132 sopetitorum
369 4042 459 4109 valde
487 4043 578 4109 amici
606 4054 687 4111 sunt.
742 4048 829 4123 Quos
850 4045 981 4121 laesisti,
1015 4057 1216 4112 cumcontra
1238 4047 1496 4134 eosproamico

240 4253 496 4305 8.1))οω.1).-
532 4259 558 4303 st
574 4266 630 4304 osu.
649 4254 681 4303 1).
718 4254 772 4306 Nos
790 4254 960 4307 seclusimus.
993 4283 1026 4293 -
1061 4255 1087 4307 3.
1107 4258 1190 4322 digito
1207 4257 1241 4306 1).
1260 4281 1295 4293 -
1328 4256 1355 4307 1.
1375 4255 1497 4306 obediam

173 4321 207 4375 1).
238 4346 265 4359 -
302 4324 330 4375 ’1.
348 4324 464 4374 audieris
481 4325 583 4389 liscum,
612 4329 643 4373 ast
660 4325 774 4382 diuitum
802 4327 887 4391 fucere
905 4326 945 4376 o:
973 4327 1090 4376 audieris
1105 4329 1205 4392 fucum,
1233 4335 1263 4379 ist
1280 4327 1393 4386 aeuus,
1411 4327 1498 4391 fuscas

172 4393 478 4452 mascemutinas,
509 4394 613 4458 sumas,
631 4399 662 4444 ut
680 4395 793 4455 (immor,
812 4397 896 4460 succro
913 4396 1029 4446 caderis
1049 4396 1079 4447 Ε.
1113 4422 1142 4433 -
1165 4392 1206 4447 ’8.
1225 4404 1273 4447 cut
1290 4403 1320 4445 ut
1337 4397 1444 4446 senseris
1462 4394 1496 4444 1).

175 4488 206 4499 -
226 4460 264 4527 td]
282 4463 322 4514 uel
340 4464 372 4514 n.
406 4485 434 4498 -
472 4463 609 4513 &simum
625 4464 659 4514 1).
691 4488 724 4502 -
759 4465 786 4514 s.
804 4467 849 4529 qai
867 4466 903 4516 D:
923 4468 981 4530 quis
999 4465 1030 4516 Ε.
1064 4490 1092 4500 -
1129 4479 1155 4516 se
1173 4465 1427 4516 esseiaccioismsr
1446 4477 1498 4515 esse

176 4545 239 4584 cum
263 4533 339 4583 libris
358 4532 389 4583 E.
419 4557 454 4568 —
490 4533 656 4583 10.s'llis1).
690 4557 719 4569 -
757 4534 799 4583 11.
819 4535 890 4584 nullo
914 4537 992 4585 modo
1010 4542 1095 4598 potest
1117 4550 1168 4587 esse
1187 4537 1229 4587 li:
1260 4550 1312 4588 csse
1330 4535 1403 4585 sssstto
1420 4535 1498 4584 modo

174 4610 260 4668 potest
273 4603 309 4654 ii.
329 4624 361 4639 -
397 4601 439 4651 tn.
459 4608 484 4651 et
501 4614 556 4652 om.
578 4603 610 4651 1).
646 4602 701 4654 Nos
719 4603 888 4653 seclusimus.
911 4629 940 4640 -
978 4606 1021 4655 it.
1040 4607 1110 4669 qaod
1124 4607 1156 4657 1).
1179 4632 1208 4643 -
1230 4607 1273 4657 17.
1293 4611 1499 4668 asspectutorum

178 4672 211 4722 1).
242 4695 272 4707 -
308 4671 351 4722 18.
370 4671 521 4721 curotuD:
543 4686 607 4722 curu
625 4672 656 4722 11.
689 4696 720 4709 -
757 4675 799 4724 18.
818 4675 932 4739 exigitor
951 4674 1085 4726 Orellius:
1118 4678 1234 4740 exigitur
1253 4677 1291 4735 1),
1323 4678 1395 4741 ccipe
1414 4674 1443 4724 Ε.
1464 4695 1499 4711 -

176 4740 525 4791 sensumsensurn:
544 4744 701 4792 necmsastos
717 4755 776 4793 snos
796 4743 826 4793 ii.
863 4769 888 4779 -
926 4744 969 4794 26.
990 4745 1159 4809 honestatem]
1179 4748 1301 4797 iocorum
1319 4745 1352 4795 1).
1383 4771 1415 4779 -
1452 4743 1497 4794 28.

177 4817 373 4862 momatur
393 4810 433 4860 ii:
463 4820 625 4862 remunerent
643 4812 673 4862 11.
707 4835 737 4848 -
781 4813 825 4864 30.
843 4810 888 4876 sit]
905 4822 942 4865 cst
963 4813 994 4862 1).
1027 4840 1058 4852 -
1094 4815 1139 4866 38.
1159 4813 1222 4881 esse]
1252 4815 1353 4867 ussit.
1384 4841 1413 4852 -
1452 4813 1497 4865 38.

178 4894 259 4931 mas
275 4893 308 4931 su
323 4881 357 4931 tis
374 4892 428 4933 osu.
448 4879 470 4930 1)
487 4887 514 4932 et
531 4881 733 4943 Mauricianus,
751 4895 785 4936 sa
801 4885 834 4934 is's
852 4898 906 4935 om.
927 4883 1074 4936 Pslstinus.
1111 4887 1164 4938 Nos
1181 4885 1352 4937 seclusimus.
