3256 5400
670 217 725 278 ΕΡ.
749 217 801 277 ΔΙ)
823 214 994 278 nucleum

701 619 852 680 mm
873 618 979 680 xlv.

763 792 863 800 ..-ιη-.-
873 793 879 797 -
892 791 908 795 --

666 891 691 951 1.
735 887 791 969 (A.
823 889 854 951 o.
877 889 909 952 e.
931 884 1024 968 710.)

665 1029 806 1093 CICERO
828 1028 973 1091 ATTICO
995 1029 1027 1090 S.

183 1172 211 1233 1.
256 1147 402 1231 Deverti
422 1156 461 1223 ad
482 1158 590 1229 illum,
612 1157 650 1221 de
673 1178 736 1243 qno
759 1167 862 1221 tecum
883 1177 984 1221 mane.
1028 1156 1111 1221 Nihil
1132 1156 1300 1242 perditius:
1324 1156 1509 1243 „explicari

180 1283 247 1326 rem
271 1278 333 1323 non
354 1272 457 1339 posse.
499 1251 621 1314 Etenim
644 1250 669 1313 si
693 1250 744 1314 ille
767 1251 818 1315 tali
841 1250 967 1335 ingenio
990 1250 1109 1315 exitum
1132 1273 1195 1316 non
1216 1250 1411 1337 reperiebat,
1436 1251 1508 1337 quis

157 1373 262 1430 ,nunc
282 1348 466 1435 reperictl”
500 1343 582 1420 Quid
605 1344 753 1428 qnaeris?
790 1343 911 1408 Perisse
934 1344 1038 1407 omnia
1061 1343 1186 1423 aiebat;
1223 1345 1307 1430 quod
1332 1346 1415 1410 haud
1440 1345 1508 1409 scio

181 1470 220 1513 an
242 1448 284 1511 ita
306 1444 361 1528 sit;
389 1459 499 1502 verum
522 1437 575 1501 ille
596 1436 755 1522 gaudens:
789 1436 1025 1524 affirmabatque
1048 1438 1152 1503 minus
1175 1437 1284 1503 diebus
1308 1460 1368 1504 xx.
1391 1438 1509 1503 tumul-

180 1550 246 1605 tum
280 1535 447 1610 Gallicum;
481 1532 513 1595 in
539 1552 718 1596 sermonem
750 1553 784 1597 se
817 1542 889 1617 post
922 1531 993 1597 ldus
1027 1539 1115 1598 Mart.
1145 1543 1366 1620 praeterquam
1395 1531 1507 1618 Lepidi

181 1632 304 1699 venisse
326 1626 461 1705 nemini;
499 1624 537 1689 ad
560 1646 729 1699 summam,
763 1647 827 1691 nou
849 1647 941 1711 posse
967 1627 1026 1692 ista
1053 1628 1097 1690 sic
1124 1626 1222 1693 abire.
1267 1626 1506 1713 Oprudentem

182 1726 334 1812 Oppinml
364 1721 418 1807 qui
447 1719 544 1783 nihilo
576 1724 678 1784 minus
710 1719 797 1784 illum
832 1720 1002 1795 desiderat,
1043 1721 1098 1785 sed
1120 1721 1260 1808 loquitur
1288 1721 1380 1796 nibil,
1420 1719 1507 1807 quod

142 1852 169 1894 m
181 1838 369 1907 quemquam
392 1815 508 1880 bonum
532 1813 678 1879 offendat.
722 1813 784 1878 Sed
807 1814 885 1879 baec
907 1816 1064 1880 hactenus.
1107 1820 1138 1879 2.
1162 1821 1222 1890 Tu,
1253 1836 1389 1902 quaeso,
1414 1813 1507 1901 quid-

180 1913 254 1999 quid
276 1910 351 1976 novi
373 1946 414 1956 —
435 1909 532 1972 multa
555 1918 658 1972 autem
681 1919 829 1993 exspecto
852 1942 891 1953 -
914 1908 1054 1975 seribere
1076 1931 1116 1974 ne
1138 1913 1274 1995 pigrere.
1318 1915 1353 1975 ln
1375 1909 1444 1981 his,
1467 1907 1507 1973 de

179 2013 276 2073 Sexto
298 2003 413 2069 satisne
436 2012 573 2074 certum,
607 2000 742 2064 maxime
765 2013 867 2066 autem
891 2002 930 2067 de
953 2009 1049 2067 Bruto
1073 2012 1197 2080 nostro;
1228 2001 1266 2067 de
1289 2024 1353 2089 quo
1375 2003 1506 2089 quidem

178 2100 252 2172 ille,
288 2096 328 2162 ad
358 2116 452 2181 quem
483 2095 620 2168 deverti,
655 2098 821 2160 Caesarem
852 2098 978 2161 solitum
1012 2096 1137 2173 dicere,
1172 2097 1324 2181 „Magni
1353 2095 1505 2170 relert,

179 2194 244 2260 bic
276 2190 370 2278 quid
399 2188 524 2265 velit;
561 2188 631 2253 sed
660 2187 855 2275 quidquid
885 2192 980 2264 vult,
1017 2190 1131 2255 valde
1160 2191 1285 2256 vult:”
1313 2189 1410 2275 idque
1432 2210 1506 2254 enm

144 2285 456 2359 isanimadvertisse,
496 2304 566 2347 cum
595 2303 654 2368 pro
682 2282 833 2347 Deiotaro
865 2283 976 2347 Niceae
1009 2282 1147 2348 diceret:
1180 2283 1271 2347 valde
1300 2284 1506 2348 vehementer

183 2402 255 2445 eum
277 2380 378 2444 visum
401 2388 431 2441 et
452 2376 552 2441 libere
574 2377 694 2442 dicere:
720 2386 814 2460 atque
837 2377 929 2440 etiam
952 2409 992 2420 -
1015 2386 1050 2442 nt
1071 2379 1154 2441 enim
1177 2375 1314 2462 quidque
1336 2376 1504 2447 succurrit,

182 2474 258 2540 libet
279 2472 418 2538 scribere
440 2507 482 2517 -
505 2469 667 2556 proxime,
699 2491 769 2535 cum
792 2471 883 2534 Sestii
907 2481 1020 2556 rogatu
1042 2470 1124 2556 apud
1147 2493 1218 2536 eum
1240 2469 1367 2534 fuissem
1392 2489 1506 2554 exspe-

181 2579 360 2652 ctaremqne
393 2564 525 2638 sedens,
563 2563 666 2650 quoad
700 2584 854 2638 vocarer,
893 2564 1011 2629 dixisse
1041 2586 1129 2638 eum,
1164 2569 1271 2649 „Ego
1307 2562 1504 2636 dubitem,

182 2661 277 2747 quin
313 2680 460 2723 summo
489 2662 526 2722 in
548 2657 643 2722 odio
672 2658 758 2730 sim,
795 2679 878 2722 eum
912 2663 951 2722 M.
988 2659 1129 2725 Cicero
1163 2659 1300 2723 sedeat
1332 2676 1403 2720 neo
1430 2677 1504 2721 suo

139 2754 385 2828 queommodo
417 2774 474 2816 me
511 2751 728 2816 convenire
764 2751 914 2837 possitl
950 2752 1091 2837 Atqui,
1128 2753 1161 2816 si
1198 2751 1407 2839 quisquam
1444 2759 1505 2815 est

181 2846 336 2921 facilis,
365 2846 428 2910 bic
456 2855 532 2922 est;
562 2855 689 2908 tamen
723 2865 801 2908 non
824 2843 978 2917 dubito,
1013 2845 1107 2930 quin
1136 2867 1191 2909 me
1220 2847 1319 2910 male
1341 2846 1503 2911 oderit.''

182 2945 266 3006 Haec
288 2953 319 3005 et
340 2939 494 3005 eiusmodi
516 2939 620 3003 multa.
665 2938 727 3002 Sed
748 2938 786 3002 ad
806 2939 1013 3023 propositum.
1058 2939 1217 3024 Quidquid
1235 2939 1304 3013 erit,
1327 2961 1391 3004 non
1407 2938 1503 3005 modo

178 3054 323 3120 magnum
343 3031 399 3098 sed
420 3033 513 3098 etiam
534 3052 680 3118 parvum,
707 3031 834 3097 scribes.
876 3033 1030 3117 Equidem
1052 3032 1129 3098 nibil
1150 3033 1361 3099 intermittam.

662 3176 703 3236 η.
746 3173 795 3256 (a.
822 3176 853 3237 n.
877 3176 908 3237 c.
931 3171 1018 3252 710.)

140 3329 170 3373 aa
646 3297 789 3360 CICERO
819 3297 964 3360 ATTICO
995 3298 1026 3359 S.

270 3413 297 3474 l.
319 3413 403 3473 Duas
430 3430 448 3472 a
475 3418 505 3472 te
534 3406 641 3491 accepi
670 3404 816 3491 epistolas
845 3406 923 3471 beri.
966 3412 1012 3471 Ex
1035 3408 1144 3492 priore
1165 3408 1319 3474 tbeatrum
1342 3407 1504 3474 Publium-

184 3523 244 3589 que
274 3502 421 3585 eognovi;
458 3501 539 3565 bona
569 3501 654 3584 signa
685 3500 905 3564 consentientis
935 3500 1151 3566 multitudinis.
1204 3502 1333 3566 Plausus
1363 3523 1442 3567 vero
1466 3506 1503 3566 L.

185 3595 290 3660 Cassio
323 3594 411 3658 datus
440 3595 531 3657 etiam
564 3593 681 3657 facetus
710 3593 787 3656 mibi
818 3593 944 3677 quidem
979 3594 1063 3657 visus
1092 3604 1148 3658 est.
1191 3600 1220 3658 2.
1244 3595 1349 3659 Altera
1371 3596 1502 3679 epistola

184 3687 224 3752 de
251 3687 380 3752 Madaro
409 3687 539 3773 scripta,
572 3685 653 3772 apud
677 3707 768 3771 quem
790 3688 908 3751 nullum
932 3688 1186 3772 σαλακώνισμα,
1220 3699 1254 3753 ut
1275 3698 1376 3775 putas.
1425 3693 1503 3754 Pro·

253 3917 279 3966 ³.
297 3916 417 3979 perditus
436 3927 477 3975 pr.
496 3912 532 3962 bl.
555 3938 585 3948 -
621 3913 648 3962 d.
668 3909 732 3974 rem]
752 3919 776 3962 te
794 3914 816 3962 1.
838 3940 865 3949 -
904 3915 1011 3964 illetibi
1031 3916 1120 3965 tulii.
1142 3938 1173 3951 -·
1210 3918 1237 3966 5.
1257 3914 1448 3980 buudJoutl.
1468 3938 1502 3954 -

183 3989 210 4040 6.
229 3986 396 4053 affirmatque
414 3984 481 4042 llll,
509 3981 626 4048 usfimsui
645 3983 673 4040 l,
702 3984 852 4047 affirmabat
872 3984 1027 4034 Cratander.
1066 3987 1109 4035 [Ut
1128 3999 1196 4047 uos,
1226 3987 1288 4040 YZ.)
1308 4013 1339 4023 -
1375 3989 1402 4037 7.
1422 3982 1459 4048 ue]
1479 3987 1503 4036 sl

184 4060 206 4109 1.
229 4085 255 4094 -
295 4056 393 4117 Lepido
420 4052 486 4102 Cod.
514 4052 624 4111 Faerni,
659 4054 729 4115 quod
751 4055 868 4102 malebat
886 4055 1031 4105 Manutius.
1054 4081 1081 4090 -
1120 4057 1146 4104 8.
1166 4059 1262 4106 nemini
1281 4057 1361 4106 billi:
1391 4059 1503 4106 mmiots

183 4143 244 4179 eum
272 4128 352 4175 Bosio
381 4124 410 4173 E.
448 4122 513 4179 (Cir.
541 4122 724 4184 Stuerenburg
749 4124 783 4172 ad
811 4123 888 4173 oruc.
918 4140 943 4187 p.
969 4127 1028 4175 173.
1050 4133 1076 4175 et
1094 4140 1142 4188 pro
1161 4127 1259 4176 :trebia
1279 4141 1305 4190 p.
1325 4127 1381 4180 oo.)
1404 4149 1431 4160 ··
1464 4125 1503 4176 ud

181 4195 320 4258 summam]
348 4207 478 4242 assumam
508 4194 528 4242 1.
558 4218 592 4228 -
627 4194 800 4243 orassent:
826 4197 905 4243 istaec
923 4197 959 4243 sic
979 4197 1038 4253 llll,
1071 4198 1137 4244 istuc
1154 4201 1179 4245 et
1196 4199 1231 4245 tic
1249 4197 1272 4247 l.
1294 4220 1322 4230 -
1359 4197 1503 4258 pudentem

182 4269 305 4319 Ernestio
329 4271 438 4313 anctore
469 4264 633 4314 Schuetzius.
667 4286 699 4297 -
736 4265 777 4312 12.
807 4263 889 4313 Sestio
918 4266 948 4314 li.
980 4292 1006 4302 -
1048 4267 1090 4316 1³.
1122 4267 1169 4314 itio
1193 4266 1215 4316 l.
1243 4290 1273 4301 -
1309 4267 1446 4316 divertit.
1471 4289 1499 4301 -

182 4339 224 4389 14.
244 4337 300 4387 vult
318 4334 466 4384 Victorius:
493 4333 548 4382 volt
566 4332 606 4382 YZ
630 4340 656 4383 et
675 4346 745 4381 corr.
765 4334 808 4393 lli,
833 4335 901 4382 votet
922 4336 978 4384 lllli
997 4341 1022 4385 et
1042 4351 1081 4399 pr.
1100 4336 1138 4387 Μ.
1168 4363 1196 4373 -
1235 4336 1312 4386 vuldo
1333 4338 1392 4386 uult
1412 4336 1501 4387 Victo·

182 4413 256 4459 rins:
276 4405 351 4455 oeldo
368 4405 423 4452 volt
441 4403 481 4452 iz
500 4409 526 4452 et
544 4416 614 4452 corr.
634 4402 677 4462 ut,
696 4403 772 4453 valde
789 4405 858 4453 volet
875 4404 918 4454 RE
937 4413 962 4455 et
982 4420 1020 4468 pr.
1039 4408 1088 4465 Μ,
1109 4420 1164 4456 om.
1185 4407 1207 4455 l.
1229 4431 1258 4443 -
1298 4408 1339 4457 15.
1360 4410 1437 4457 nicus
1455 4407 1499 4470 bl,

181 4479 256 4528 Nicea
279 4478 320 4536 R,
351 4474 461 4523 situel.
491 4498 519 4508 -
556 4475 665 4523 edixerit
685 4473 743 4533 lli,
762 4475 859 4524 dixerit
878 4475 908 4523 n.
946 4476 977 4526 lli
996 4477 1061 4525 dod.
1082 4477 1206 4539 Lonqolii
1225 4483 1252 4526 et
1271 4483 1382 4528 auctore
1402 4477 1501 4527 Ursino

181 4549 295 4600 correxit
315 4540 477 4600 Ernestius.)
502 4566 532 4577 -
570 4544 611 4593 16.
632 4541 698 4604 eum]
719 4545 786 4592 enim
814 4552 923 4594 auctore
944 4547 1066 4596 Ernestio
1087 4547 1243 4596 senueuius
1263 4548 1290 4596 in
1311 4547 1358 4596 lid.
1380 4548 1446 4597 runi.
1471 4571 1499 4584 -

180 4621 317 4685 quicquum
337 4617 365 4665 R.
390 4640 419 4649 -
456 4613 498 4662 17.
519 4612 592 4662 Sexti
610 4613 640 4673 l,
659 4615 705 4662 sed
725 4617 802 4676 epist.
823 4617 854 4674 2,
873 4616 899 4663 3.
937 4616 1074 4665 8111113-
1112 4618 1155 4666 20.
1184 4623 1237 4666 est:
1265 4619 1289 4666 si
1312 4615 1398 4678 {utilis
1417 4617 1439 4667 l.
1467 4641 1498 4657 -

179 4691 223 4740 26.
243 4687 434 4745 Publiliumque
452 4683 489 4731 Μ.
519 4708 549 4718 -
586 4684 627 4732 29.
648 4681 774 4745 Madaro]
792 4686 918 4734 mandute
938 4687 969 4735 ll.
1000 4712 1026 4720 ·
1070 4686 1281 4749 σαλακώνισμα
1301 4688 1322 4738 1.
1344 4689 1373 4737 F.
1394 4686 1501 4738 Grono-

179 4761 222 4810 vio
241 4763 350 4807 auctore
369 4754 545 4803 Schuetzius:
565 4749 726 4815 σαλάκωμα
744 4753 785 4809 n,
805 4754 990 4820 φαλάκρωμα
1008 4756 1028 4805 li
1047 4769 1108 4805 enm
1128 4757 1176 4806 Vb.
1215 4757 1265 4815 (De
1278 4758 1305 4809 bi
1318 4771 1373 4807 non
1388 4755 1500 4821 liquet.)

179 4853 210 4866 ..
220 4834 250 4878 „a
259 4822 354 4889 puceu]
365 4828 395 4872 tu
403 4827 471 4886 putu
484 4821 515 4883 l,
525 4830 553 4872 ut
561 4827 641 4883 putat
656 4822 694 4871 Vb
708 4831 734 4874 et
747 4823 812 4874 Cod.
829 4827 855 4874 in
867 4840 921 4886 mg,
931 4826 1036 4889 Repeti.
1047 4826 1141 4877 bamb.
1155 4826 1250 4879 Malim
1259 4834 1289 4878 ut
1298 4832 1327 4877 tu
1334 4832 1428 4891 pmcn·
1446 4826 1498 4880 on.
