3256 5400
619 253 694 317 tte.
715 254 769 316 tv.
813 253 873 317 ΕΡ.
916 254 947 317 8.
970 253 1000 316 0.

624 413 679 474 aa.
723 411 772 493 (A.
799 413 832 475 ιι.
854 413 886 475 c.
909 411 996 502 aas.)

493 526 533 586 n.
557 526 702 589 cacano
725 526 756 587 e.
778 527 816 587 n.
838 526 880 587 n.
902 525 1125 589 uincente.

230 640 259 703 l.
281 633 347 702 Etsi
369 654 409 721 pe
470 637 538 698 ucis
560 644 631 698 ante
654 633 764 699 diebus
787 633 936 699 dederam
960 638 999 711 Q.
1023 633 1128 700 Mucio
1151 635 1268 702 litteras
1290 638 1330 703 ad
1352 649 1384 705 te
1406 641 1477 727 plu·

145 731 240 800 ribus
260 727 368 796 serbis
389 749 422 794 sc
444 729 536 815 'ptas,
559 726 673 813 quibus
695 728 944 800 declaraveram,
967 749 1032 814 quo
1053 736 1084 793 te
1105 730 1211 795 animo
1226 753 1389 797 censerem
1407 754 1477 799 esse

142 836 295 914 oportere
323 832 355 888 ct
382 822 458 910 quid
494 820 551 887 tibi
583 822 759 887 laciendum
787 820 979 887 arbitrarer:
1012 832 1130 897 tamen,
1166 844 1238 889 cum
1267 826 1516 914 Theophilus,s

141 922 274 989 libertus
298 928 386 991 tuus,
409 916 675 1004 proficisceretur,
699 916 787 981 cuius
810 936 870 1000 ego
896 915 989 980 lidem
1011 936 1085 1001 erga
1106 925 1135 980 te
1159 914 1476 1009 benevolentiamque

142 1033 384 1104 perspexeram,
421 1010 488 1074 sine
511 1010 590 1073 meis
612 1009 723 1075 litteris
745 1030 818 1075 eum
840 1009 881 1073 ad
903 1017 934 1073 te
957 1008 1065 1074 venire
1088 1011 1184 1075 nolui.
1241 1014 1354 1079 lisdem
1378 1017 1476 1101 igitur

141 1120 173 1175 te
195 1106 292 1175 rebus
313 1105 406 1170 etiam
429 1115 523 1190 atque
545 1103 637 1167 ctiam
661 1103 788 1176 hortor,
822 1101 937 1189 quibus
958 1103 1178 1189 superioribus
1200 1105 1311 1171 litteris
1334 1107 1476 1177 hortatus

142 1224 230 1276 suut,
264 1209 302 1267 ut
330 1199 362 1264 in
391 1218 428 1262 ea
455 1196 655 1282 republica,
687 1217 893 1284 quaecunque
916 1207 978 1268 cst,
1017 1198 1270 1284 quamprimum
1294 1202 1475 1271 selisesse.

141 1297 239 1364 llulta
261 1291 381 1359 videbis
402 1291 552 1363 fortasse,
578 1311 658 1376 quae
680 1291 778 1362 nelis,
801 1313 865 1355 non
887 1290 978 1375 plura
1000 1297 1121 1364 tamem
1145 1313 1240 1378 quam
1261 1293 1350 1360 audis
1372 1303 1513 1384 quoti-n

142 1391 204 1457 die.
246 1393 315 1454 lien
337 1394 384 1450 est
404 1405 503 1471 perro
526 1394 613 1449 tuum
634 1403 700 1449 uno
722 1404 816 1448 sensu
836 1382 938 1447 solum
954 1382 1120 1449 oculoruur
1136 1385 1275 1452 moseri:
1297 1409 1370 1454 cum
1391 1390 1475 1458 idem

141 1482 220 1550 illud
241 1479 371 1547 auribus
392 1478 565 1566 percipias,
599 1476 802 1563 quodetiam
825 1477 925 1541 maius
948 1474 1047 1542 sideri
1070 1478 1168 1553 solet,
1192 1479 1295 1547 minus
1317 1482 1477 1552 laborare.

141 1582 174 1645 2.
195 1584 234 1644 at
255 1574 312 1642 tibi
333 1572 394 1659 ipsi
415 1570 583 1636 dicendum
604 1571 665 1637 erit
687 1569 822 1657 aliquid,
854 1567 941 1657 qued
964 1592 1026 1633 uon
1048 1572 1178 1648 sentias,
1201 1584 1255 1640 aut
1280 1574 1476 1660 laciendum,

142 1668 229 1758 qued
250 1689 313 1733 nou
335 1664 462 1754 probes.
505 1664 646 1732 Primum
674 1664 809 1751 tempori
834 1663 964 1737 cedere,
999 1661 1032 1729 id
1053 1674 1119 1740 est,
1143 1666 1319 1735 necessitati
1340 1692 1475 1757 parere,

141 1783 268 1850 semper
288 1760 437 1847 sapientis
458 1769 506 1824 est
526 1756 684 1837 habitum
717 1756 831 1824 deinde
853 1779 916 1822 non
939 1754 1048 1831 habet.
1085 1769 1121 1825 ut
1152 1782 1236 1826 nunc
1257 1764 1385 1850 quidem
1407 1780 1474 1842 est.
1488 1792 1515 1833 rs

141 1858 175 1925 id
197 1855 263 1922 vitii
285 1875 348 1919 res.
391 1852 504 1918 Dicere
531 1851 680 1928 tortasse,
703 1873 784 1939 quae
805 1850 937 1924 sentias,
960 1872 1023 1915 nou
1045 1850 1132 1931 licet;
1157 1865 1262 1921 tacere
1283 1858 1374 1944 plane
1392 1860 1475 1928 licet.

143 1953 256 2017 Omnia
277 1947 362 2013 euim
383 1946 483 2012 delata
505 1944 546 2012 ad
568 1968 666 2013 ιιιιιιιιι
689 1954 771 2012 sunt.
814 1948 843 2009 ls
866 1942 964 2008 utitur
987 1942 1119 2011 consilio
1134 1968 1174 2011 ne
1189 1970 1321 2016 suerum
1336 1953 1474 2039 quidem,

142 2043 198 2111 sed
219 2063 290 2108 sue.
333 2039 429 2119 Quod
448 2061 511 2105 uon
531 2040 630 2105 multo
648 2059 739 2103 secans
751 2036 855 2113 lieret,
878 2038 905 2102 si
926 2036 953 2103 is
968 2058 1036 2103 rem
1052 2037 1210 2125 publicam
1226 2052 1356 2120 teneret,
1379 2068 1474 2133 quem

143 2136 242 2205 secuti
265 2154 385 2201 sumus.
428 2139 492 2208 Au,
514 2133 569 2220 qui
589 2132 623 2198 iu
644 2130 745 2208 bello,
767 2154 840 2197 cum
854 2131 995 2198 omnium
1010 2139 1153 2201 nostram
1174 2136 1375 2207 coniunctum
1393 2152 1476 2210 esset

145 2229 338 2319 periculum,
359 2248 419 2293 sue
441 2236 473 2291 ct
493 2236 654 2293 certorum
676 2226 839 2292 hominum
860 2224 989 2291 minime
1007 2226 1208 2313 prudentium
1224 2231 1355 2299 consilio
1369 2244 1513 2301 utere-se

146 2335 213 2399 tur,
247 2343 320 2387 eum
342 2320 441 2406 magis
463 2340 664 2385 communem
685 2340 849 2385 censemus
870 2324 903 2384 iu
924 2318 1057 2386 victoria
1078 2320 1218 2389 laturum
1241 2324 1355 2404 luisse,
1378 2352 1474 2417 quarn

144 2416 272 2484 incertis
300 2414 333 2479 in
362 2411 458 2478 rebus
480 2412 614 2478 luissett
647 2421 695 2488 et,
729 2412 784 2500 qui
805 2423 916 2479 necte
947 2412 1187 2481 consulatuum
1209 2421 1473 2505 sapientissimum

143 2510 309 2577 consilium
330 2516 456 2573 secutus
490 2515 587 2581 esset,
624 2526 683 2571 nec
711 2506 809 2572 tratre
842 2516 898 2573 tuo
927 2507 1123 2574 consulatum
1151 2531 1192 2576 ex
1213 2513 1399 2580 auctoritate
1420 2526 1474 2582 tua

145 2613 274 2691 gerente
297 2598 387 2667 vobis
409 2598 591 2665 auctoribus
611 2598 658 2663 uti
680 2598 833 2673 volucrit,
856 2620 939 2665 nunc
960 2600 1067 2667 omnia
1081 2612 1237 2671 tenentem
1259 2618 1381 2674 nostras
1404 2631 1475 2675 seu-

143 2696 254 2763 tentias
282 2694 533 2760 desideraturum
555 2713 664 2758 censes
686 2693 804 2759 luisset
826 2696 856 2759 3.
880 2691 991 2758 Omnia
1012 2702 1085 2759 suut
1104 2696 1218 2762 misera
1240 2696 1272 2764 iu
1293 2699 1384 2767 hellis
1398 2702 1512 2768 civi-ss

142 2790 239 2867 libus3
269 2810 350 2877 quae
385 2788 520 2853 maiores
553 2786 654 2853 nostri
680 2806 720 2851 ne
754 2786 852 2851 semel
873 2786 1019 2873 quidem,
1051 2798 1160 2855 nostra
1188 2801 1274 2857 aetas
1295 2816 1389 2881 saepe
1410 2795 1473 2861 iam

143 2884 254 2952 scunt:
277 2884 332 2950 sed
354 2882 501 2948 miserius
523 2881 600 2946 nihil
615 2900 709 2968 pam
724 2881 792 2966 ipsa
814 2880 963 2957 victoria:
1000 2902 1097 2968 quae,
1119 2882 1242 2951 etiamsi
1264 2886 1303 2951 nd
1325 2888 1474 2953 meliores

143 2977 244 3052 veuit,
276 2987 380 3042 tamen
401 2996 457 3041 eos
479 2976 565 3061 ipses
586 2974 761 3040 ferociores
781 2972 1083 3062 impotentioresque
1105 2976 1228 3058 reddin
1261 2988 1314 3054 ut,
1350 2980 1472 3047 etiamsi

143 3081 255 3139 natura
267 3071 344 3136 tales
359 3090 422 3135 nou
434 3069 512 3143 sint,
534 3067 720 3133 necessitate
736 3087 807 3132 esse
827 3076 998 3152 eoguntur:
1021 3069 1118 3135 multa
1132 3070 1215 3136 enim
1233 3074 1345 3139 victori
1360 3096 1471 3141 eorum

143 3165 293 3239 arbitrio,
315 3184 374 3251 per
395 3184 474 3251 quos
496 3162 587 3235 vicit,
610 3160 703 3226 etiam
726 3160 825 3226 invite
846 3158 987 3225 iacienda
1008 3171 1090 3228 sunt.
1132 3171 1180 3230 An
1203 3176 1236 3230 ιιι
1258 3188 1320 3233 non
1344 3168 1511 3236 videbas-

130 3280 268 3326 ¹mecum
289 3257 398 3332 simul,
421 3277 514 3344 quam
537 3256 588 3321 illa
611 3253 747 3320 crudelis
769 3262 853 3320 esset
872 3252 979 3321 lutura
1000 3255 1156 3322 victoria?
1178 3260 1276 3343 lpitur
1298 3271 1371 3327 tunc
1392 3284 1472 3349 quo·

143 3373 207 3441 que
227 3372 353 3417 careres
374 3351 492 3437 patria,
515 3370 575 3422 ne,
599 3369 680 3435 quae
705 3348 820 3421 nolles,
842 3346 992 3413 videres?
1015 3354 1125 3425 „Nem
1149 3351 1291 3438 inquies:
1314 3344 1471 3440 egoenim

143 3446 211 3534 ipse
232 3454 373 3512 tenerem
394 3464 472 3530 opes
502 3453 534 3509 et
555 3442 736 3527 (lignitatem
758 3445 889 3505 meam.’'
930 3447 969 3507 At
997 3450 1065 3507 erat
1087 3454 1157 3509 tuac
1180 3445 1304 3513 virtutis
1325 3448 1357 3513 in
1380 3448 1473 3514 mini·

143 3542 204 3606 mis
225 3550 294 3605 tuas
315 3559 367 3604 res
388 3558 526 3625 ponere,
550 3535 589 3601 de
610 3556 646 3601 re
667 3534 794 3621 publica
816 3533 1031 3600 vehementius
1058 3535 1212 3603 laborare.
1256 3540 1393 3613 Deinde,
1417 3542 1471 3628 qui

143 3632 214 3699 linis
234 3632 325 3698 istius
347 3630 470 3697 consilii
491 3636 558 3695 estt
600 3634 677 3694 Nam
699 3628 801 3693 adhue
823 3627 990 3692 ellectum
1012 3638 1100 3695 tuum
1123 3631 1277 3717 probatur
1299 3645 1348 3708 ct,
1382 3644 1417 3701 nt
1439 3637 1511 3702 inas

144 3728 198 3794 tali
217 3746 271 3800 re,
293 3726 387 3790 etiam
409 3723 534 3789 lertuna
555 3722 717 3788 laudatur:
741 3721 873 3795 lactum,
896 3720 980 3809 quod
1003 3731 1035 3786 et
1056 3722 1179 3790 initium
1202 3726 1275 3792 belli
1294 3730 1472 3795 necessario

144 3829 270 3886 sectatus
292 3818 335 3883 sis
357 3827 388 3883 et
409 3826 550 3881 extrema
573 3817 731 3902 sapienter
752 3815 901 3901 persequi
925 3815 1079 3893 uolueris;
1101 3817 1244 3895 fortuna,
1266 3822 1352 3908 quod
1374 3823 1472 3887 lone·

144 3922 195 3981 ste
226 3912 293 3979 etio
322 3910 460 3977 tenueris
489 3918 521 3974 et
547 3918 661 3974 statum
688 3917 720 3974 et
749 3909 862 3973 lamam
891 3907 1049 3993 diguitatis
1079 3920 1160 3977 tuae.
1203 3918 1292 3979 Nunc
1313 3937 1391 3981 vere
1414 3938 1472 3981 nec

144 4008 233 4073 locus
255 4003 311 4070 tibi
333 4005 415 4070 ullus
437 4003 562 4069 dulcior
583 4024 653 4068 esse
674 4001 905 4087 caterpam,
928 4021 1076 4067 neceam
1097 4002 1229 4090 diligere
1244 4008 1346 4074 minus
1365 4010 1472 4083 debes,

146 4099 232 4187 qued
253 4097 427 4164 deformior
447 4106 509 4169 est,
532 4096 587 4161 scd
610 4095 754 4162 misereri
775 4095 880 4181 petius
901 4116 961 4161 uec
974 4116 1044 4160 eam
1058 4097 1164 4164 multis
1178 4100 1269 4165 elaris
1286 4104 1363 4169 viris
1379 4103 1512 4170 orba-sa

147 4202 208 4259 tam
229 4192 356 4279 privare
386 4190 478 4258 etiam
507 4189 656 4275 adspectu
685 4198 751 4254 tun.
793 4193 824 4254 l.
846 4189 1007 4276 Denique.
1036 4188 1144 4256 siluit
1165 4194 1267 4279 magni
1290 4196 1385 4262 animi
1409 4221 1472 4264 nou

146 4288 208 4353 isse
230 4284 404 4371 supplicem
434 4283 566 4354 victori.
600 4282 671 4349 side
693 4304 733 4348 ne
754 4281 884 4369 superbi
905 4280 946 4346 sit
970 4284 1132 4370 aspernari
1162 4286 1303 4353 eiusdem
1335 4290 1473 4357 liberali·

146 4390 257 4455 tatem,
279 4391 328 4455 et,
357 4377 385 4444 si
406 4377 555 4463 sapientis
576 4386 624 4441 est
645 4398 754 4442 carere
776 4374 892 4462 patria,
915 4374 988 4442 duri
1010 4398 1073 4442 uon
1095 4377 1294 4459 desiderare,
1317 4394 1363 4460 et,
1385 4386 1471 4451 sire

213 4551 241 4602 8.
270 4557 294 4600 ts
311 4546 397 4612 retur]
428 4548 460 4597 ds
476 4548 552 4599 relus
571 4548 620 4607 ll,
652 4555 676 4599 te
701 4549 732 4598 ds
758 4547 833 4599 retu·
852 4547 1012 4597 Lambinus.
1038 4548 1111 4599 Fert.
1132 4556 1156 4599 tc
1178 4554 1334 4604 rationibus.
1366 4554 1417 4607 Οι.
1439 4582 1470 4592 -

148 4622 190 4673 10.
208 4627 273 4673 ωσι
298 4620 338 4670 B:
363 4632 415 4671 sese
439 4617 500 4668 llll.
529 4641 560 4653 -
597 4619 641 4668 ιο.
668 4632 715 4669 sue
740 4624 765 4670 st
784 4624 915 4668 mamm
933 4630 973 4679 pr.
993 4616 1039 4669 ll:
1066 4631 1114 4669 sue
1131 4630 1260 4680 emeret.
1289 4626 1472 4677 ceremon

147 4704 208 4741 curu
226 4704 298 4741 corr.
317 4690 356 4741 ll.
376 4712 407 4725 -
445 4688 489 4738 22.
508 4689 537 4737 tn
555 4690 629 4739 ratas
646 4688 690 4740 ll:
710 4689 785 4738 relus
801 4686 834 4737 E.
855 4710 886 4722 -
922 4686 968 4737 24.
986 4683 1066 4750 nanc]
1084 4690 1151 4739 tane
1169 4691 1418 4757 Mamm-trgum.
1441 4719 1469 4730 -

147 4762 190 4813 Μ.
210 4762 250 4811 An
268 4756 308 4822 ιιι]
321 4765 384 4809 unta
401 4758 439 4809 ll.
454 4780 481 4793 -
503 4758 547 4808 st.
567 4755 656 4822 quem]
675 4772 732 4807 mm
751 4756 867 4809 Emestii
885 4769 995 4819 operae.
1017 4779 1048 4792 -
1067 4758 1112 4809 32.
1132 4774 1233 4812 eurora
1247 4767 1341 4827 patrie
1359 4764 1401 4814 lt:
1419 4779 1473 4827 po-

148 4833 202 4881 trtu
217 4844 319 4881 curma
337 4829 367 4879 E.
389 4853 418 4865 -
457 4828 502 4877 ⁴2.
521 4841 573 4879 esse
590 4829 730 4892 supplicem
749 4828 780 4879 a.
801 4826 874 4878 Fert.
892 4828 941 4876 tua
958 4826 1143 4889 suppltcotsmr.
1163 4830 1214 4882 01.
1240 4856 1269 4868 -
1306 4832 1351 4884 ta.
1370 4836 1393 4885 st
1409 4841 1473 4887 soso

148 4903 273 4965 septenus
290 4912 345 4949 em.
366 4897 404 4950 tt.
427 4922 455 4935 -
476 4896 521 4947 la.
541 4894 607 4959 aea]
625 4911 659 4948 sse
677 4898 793 4948 llrnesttl
811 4908 921 4961 operae.
