3256 5400
522 224 597 286 LlB.
617 225 642 294 l·
685 224 744 288 Er.
768 225 796 287 1.
835 225 868 289 C.
893 225 941 287 11.
966 226 1013 288 13.
1038 227 1086 289 13.
1401 231 1463 294 315

142 377 250 464 populi
279 379 408 443 Romani
430 380 494 444 suis
520 381 665 445 institutis
684 400 740 464 per
761 400 795 444 se
816 379 876 466 ipsi
897 382 941 445 ita
959 380 1096 447 filerunt.
1140 387 1258 448 Nomen
1281 395 1385 451 autem
1406 407 1464 472 pu-

143 471 256 537 blicani
278 473 436 557 aspernari
459 496 523 539 non
545 485 690 560 possunt,
727 473 781 560 qui
808 474 945 559 pendere
967 475 1028 561 ipsi
1056 477 1187 561 vectigal
1209 478 1276 543 sine
1298 478 1463 565 publicano

143 588 205 631 non
226 566 399 652 potuerint,
435 568 520 654 quod
542 569 579 633 iis
600 567 769 654 aequaliter
791 569 875 634 Sulla
903 568 1119 654 descripserat.
1172 576 1240 636 Non
1268 594 1336 638 esse
1359 584 1463 641 autem

143 663 278 726 leniores
299 662 330 725 in
352 661 513 745 exigendis
535 661 736 745 vectigalibus
760 667 897 728 Graecos
921 684 1014 748 quam
1037 672 1163 729 nostros
1187 664 1369 750 publicanos
1392 670 1464 736 binc

142 755 271 838 intelligi
292 764 409 839 potest,
446 755 530 840 quod
551 756 659 821 Caunii
681 776 781 840 nuper
806 776 978 841 omnesque
1000 777 1040 821 ex
1064 757 1190 831 insulis,
1213 782 1293 846 quae
1314 773 1403 828 erant
1423 763 1486 830 abs

143 848 226 913 Sulla
246 845 375 912 Rhodiis
396 847 575 921 attributae,
605 849 812 933 confugerunt
833 849 872 914 ad
895 859 1052 923 senatum,
1075 849 1166 916 nobis
1186 864 1221 917 ut
1240 855 1344 939 potius
1369 857 1463 922 veeti-

142 941 191 1024 gal
216 962 309 1027 quam
333 941 460 1005 Rhodiis
484 942 665 1027 penderent.
724 946 829 1020 Quare
850 964 965 1008 nomen
987 942 1145 1029 publicani
1177 967 1279 1032 neque
1303 949 1324 1013 ii
1349 949 1464 1018 debent

143 1034 289 1107 horrere,
322 1034 376 1121 qui
399 1056 523 1120 semper
550 1037 714 1119 vectigales
736 1038 875 1110 luerunt,
898 1058 1001 1123 neque
1023 1037 1047 1101 ii
1068 1040 1246 1122 aspernari,
1269 1047 1323 1127 qui
1346 1063 1405 1128 per
1430 1064 1464 1109 se

143 1129 279 1214 pendere
306 1129 436 1211 vectigal
467 1151 529 1194 non
548 1139 730 1213 potuerunt,
767 1151 868 1215 neque
894 1131 918 1195 ii
943 1151 1105 1203 recusare,
1142 1133 1196 1217 qui
1218 1137 1464 1219 postulaverunt.

142 1227 193 1287 31.
215 1222 314 1287 Simul
344 1232 374 1286 et
398 1221 473 1288 illud
498 1222 568 1287 Asia
590 1223 719 1306 cogitet,
742 1223 891 1288 nullama
916 1245 950 1289 se
977 1245 1080 1310 neque
1113 1223 1187 1289 belli
1211 1231 1334 1294 externi
1360 1253 1463 1318 neque
1475 1253 1501 1294 ιο

142 1316 383 1380 domesticarum
400 1315 628 1381 discordiarum
652 1317 857 1382 calamitatem
879 1317 1033 1383 aluturam
1059 1317 1173 1394 luisse,
1201 1321 1228 1385 si
1250 1320 1309 1386 lroc
1328 1324 1463 1410 imperio

143 1431 205 1473 non
228 1419 396 1474 teneretur.
439 1410 473 1474 ld
499 1420 602 1475 autem
625 1410 793 1495 imperium
814 1432 884 1476 cum
906 1413 1035 1477 retineri
1058 1414 1125 1478 sine
1151 1414 1353 1499 vectigalibus
1379 1420 1464 1485 nullo

142 1502 237 1567 modo
266 1503 384 1586 possit,
413 1524 514 1589 aequo
536 1505 641 1568 animo
671 1515 758 1588 parte
789 1504 892 1591 aliqua
915 1527 1045 1571 suorum
1073 1507 1233 1573 fructuum
1263 1530 1370 1594 pacem
1404 1512 1464 1578 sibi

142 1597 360 1681 sempiternam
384 1596 515 1661 redimat
537 1607 628 1684 atque
650 1599 760 1663 otium.

225 1695 294 1754 xli.
317 1695 367 1755 35.
391 1690 511 1767 Quodsi
536 1713 633 1776 genus
653 1693 755 1778 ipsum
777 1701 808 1756 et
828 1713 944 1757 nomeu
968 1692 1127 1780 publicani
1145 1716 1208 1760 non
1229 1695 1340 1783 iniquo
1358 1698 1464 1765 animo
1476 1717 1501 1760 u

142 1782 353 1858 sustinebunt,
377 1795 523 1870 poterunt
543 1786 582 1850 iis
599 1786 730 1851 consilio
754 1794 785 1850 et
804 1786 970 1871 prudentia
995 1797 1048 1853 tua
1068 1789 1190 1876 reliqua
1210 1790 1311 1856 videri
1328 1794 1464 1859 mitiora·

141 1870 273 1942 Pos‘sunt
293 1878 326 1941 in
352 1878 547 1963 pactionibus
568 1879 717 1944 iaciendis
742 1901 806 1945 non
828 1880 928 1964 legem
951 1892 1093 1967 spectare
1118 1883 1310 1959 censoriam,
1333 1884 1388 1950 sed
1406 1906 1464 1971 po·

143 1977 202 2036 tius
222 1972 474 2037 commoditatem
499 1972 682 2038 conficiendi
713 1973 828 2058 negotii
856 1984 888 2038 et
911 1974 1130 2041 liberationem
1157 1976 1329 2044 molestiae.
1373 1985 1464 2045 Potes

142 2065 233 2128 etiam
255 2075 287 2129 tu
313 2065 344 2129 id
369 2066 492 2140 lacere,
528 2066 613 2153 quod
635 2077 665 2131 et
691 2066 790 2131 iecisti
814 2069 941 2153 egregie
972 2079 1004 2133 et
1028 2068 1121 2145 lacis,
1161 2080 1196 2136 ut
1216 2093 1462 2148 commemores,

142 2166 253 2244 quanta
280 2159 371 2222 sitin
393 2159 565 2245 publicanis
590 2160 736 2245 dignitas,
765 2173 915 2247 quantum
939 2182 996 2227 nos
1022 2163 1067 2227 illi
1089 2164 1191 2228 ordini
1216 2165 1401 2240 debeamus,
1430 2175 1502 2235 ut²⁰

141 2262 264 2317 remoto
285 2254 420 2338 imperio
441 2276 477 2318 ac
504 2256 532 2319 vi
558 2255 719 2340 potestatis
743 2264 774 2319 et
794 2254 924 2320 fascium
950 2254 1133 2341 publicanos
1152 2280 1223 2323 cum
1248 2260 1374 2326 Graecis
1393 2279 1465 2344 gra·

142 2352 182 2411 tia
204 2359 297 2433 atque
315 2349 499 2414 auctoritate
515 2350 693 2433 coniungas.
740 2349 801 2414 Sed
822 2360 852 2414 et
875 2348 914 2413 ab
938 2349 994 2423 iis,
1017 2349 1056 2414 de
1077 2349 1192 2436 quibus
1212 2354 1329 2438 optime
1345 2362 1380 2418 tu
1400 2373 1466 2418 me-

141 2441 220 2505 ritus
240 2461 273 2505 es
297 2450 328 2503 et
352 2442 405 2527 qui
430 2441 486 2506 tibi
506 2443 610 2508 omnia
634 2440 766 2516 debent,
801 2443 860 2507 hoe
880 2451 987 2527 petas,
1021 2451 1056 2507 ut
1069 2442 1216 2510 facilitate
1241 2465 1373 2510 suanos
1396 2466 1464 2509 eam

142 2534 414 2609 necessitudinem,
437 2557 517 2622 quae
543 2545 589 2600 est
613 2534 704 2601 uobis
725 2557 796 2602 cum
821 2534 1012 2622 publicanis,
1049 2534 1192 2601 obtinere
1218 2547 1249 2602 et
1278 2559 1465 2604 conservare

140 2629 305 2714 patiantur.
349 2635 401 2694 36.
422 2629 484 2694 Sed
507 2630 583 2716 quid
612 2651 671 2715 ego
693 2641 723 2695 te
743 2631 821 2696 baec
838 2629 968 2703 hortor,
998 2650 1078 2715 quae
1098 2639 1133 2695 tu
1160 2652 1224 2696 nou
1245 2630 1340 2696 modo
1360 2631 1501 2696 lacerae

140 2734 229 2809 potes
247 2731 298 2787 tua
326 2732 436 2809 sponte
460 2724 527 2788 siue
550 2725 733 2810 cuiusquam
758 2722 952 2811 praeceptis,
994 2722 1169 2788 sedetiam
1197 2744 1307 2808 magna
1338 2725 1399 2788 iam
1423 2745 1463 2789 cx

140 2827 228 2904 parte
249 2817 432 2902 perfecisti?
464 2822 532 2883 Non
561 2819 643 2883 euim
666 2818 818 2883 desistunt
839 2816 931 2881 nobis
953 2837 1047 2901 agere
1068 2817 1209 2903 quotidie
1231 2819 1345 2902 gratias
1367 2817 1464 2882 hone-

140 2911 293 2977 stissimae
322 2921 353 2976 et
378 2915 533 2975 maximae
561 2911 745 2988 societates;
781 2910 867 2996 quod
895 2910 1023 2996 quidem
1056 2910 1133 2975 milri
1155 2911 1274 2976 idcirco
1298 2909 1464 2976 iucundius

141 3015 201 3081 est,
224 3006 309 3093 quod
330 3005 412 3070 idem
434 3005 551 3071 iaciunt
573 3007 693 3072 Graeci.
715 3041 754 3053 -
799 3004 956 3079 „Difficile
980 3014 1028 3069 est
1049 3015 1169 3080 autem,
1200 3025 1255 3077 ea,
1278 3025 1357 3090 quae
1379 3024 1463 3068 com·

141 3099 257 3175 modis,
287 3099 418 3164 utilitate
441 3109 472 3165 et
493 3120 591 3185 prope
613 3109 722 3163 natura
744 3096 868 3162 diversa
889 3107 976 3170 sunt,
998 3097 1158 3162 voluntate
1180 3098 1400 3182 coniungere.”
1423 3115 1501 3154 -so

141 3201 179 3261 nt
205 3215 242 3258 ea
271 3191 415 3280 quidem,
452 3213 533 3277 quae
555 3213 649 3277 supra
670 3191 785 3276 scripta
807 3203 894 3264 sunt,
916 3211 980 3256 non
1002 3200 1037 3256 ut
1059 3200 1089 3256 te
1111 3191 1324 3266 instituerem,
1352 3189 1463 3275 scripsi

140 3325 176 3335 -
203 3287 408 3374 nequeenim
430 3284 594 3372 prudentia
614 3294 666 3350 tua
684 3285 868 3369 cuiusquam
890 3295 1056 3370 praecepta
1080 3284 1237 3350 desiderat
1259 3317 1315 3361 —‚
1339 3284 1394 3349 sed
1412 3306 1464 3349 me

140 3380 360 3448 inscribendo
392 3379 648 3445 commemoratio
686 3387 757 3442 tuae
787 3377 909 3442 virtutis
931 3378 1111 3442 delectavit:
1134 3397 1322 3464 quamquam
1351 3378 1383 3442 iu
1416 3377 1464 3442 bis

140 3476 251 3541 litteris
272 3474 397 3557 longior
418 3473 478 3549 lui,
501 3495 592 3560 quam
615 3481 669 3537 aut
689 3472 801 3537 vellem
823 3481 877 3536 aut
898 3492 991 3557 quam
1014 3492 1064 3536 me
1087 3473 1193 3557 putavi
1214 3471 1295 3536 lore.

224 3572 380 3633 x111.37.
404 3572 503 3632 Unum
524 3577 585 3641 est,
616 3567 701 3652 quod
721 3565 778 3630 tibi
803 3585 863 3649 ego
883 3570 1066 3651 praecipere
1090 3587 1154 3630 non
1182 3565 1338 3639 desinam,
1360 3585 1501 3651 nequem

140 3674 171 3729 te
192 3662 293 3747 patiar
314 3699 355 3708 —
387 3670 537 3747 quantum
570 3661 629 3725 erit
656 3660 689 3725 in
716 3682 828 3724 me-
856 3680 926 3724 cum
956 3659 1142 3744 exceptione
1171 3659 1302 3726 laudari.
1347 3663 1463 3725 Omnes

141 3757 238 3830 enim,
261 3755 315 3841 qui
337 3756 426 3819 istinc
446 3757 593 3830 veniunt,
615 3756 658 3820 ita
673 3754 712 3818 de
727 3764 779 3818 tua
794 3753 925 3826 virtute,
949 3752 1143 3837 integritate,
1167 3753 1359 3818 humanitate
1378 3774 1464 3818 com·

140 3863 330 3922 memorant,
352 3859 387 3915 ut
408 3850 440 3913 in
462 3852 522 3915 tuis
544 3849 676 3915 summis
690 3847 834 3912 laudibus
848 3847 1005 3933 excipiant
1019 3868 1115 3912 unam
1133 3847 1336 3912 iracundiam.
1369 3847 1464 3926 Quod

140 3944 249 4008 vitium
277 3964 349 4008 cum
374 3943 405 4007 in
430 3943 486 4006 hae
507 3944 626 4030 privata
663 3940 905 4028 quotidianaque
943 3941 1007 4005 vita
1037 3941 1115 4005 levis
1146 3961 1215 4005 esse
1244 3942 1338 4007 animi
1370 3953 1463 4028 atque

141 4036 256 4100 iulirmi
277 4035 415 4110 videtur,
440 4045 505 4100 tum
523 4057 601 4102 vero
623 4035 700 4101 nilril
721 4045 769 4100 est
786 4043 848 4099 tam
869 4034 1032 4107 deforme,
1055 4056 1149 4122 quam
1171 4034 1211 4100 ad
1232 4056 1387 4100 summum
1405 4035 1501 4099 im-us

140 4135 263 4215 perium
290 4129 381 4194 etiam
410 4128 610 4195 acerbitatem
638 4141 767 4194 naturae
796 4129 976 4213 adiungere.
1036 4132 1142 4207 Quare
1170 4128 1247 4193 illud
1275 4150 1338 4194 nou
1366 4128 1463 4193 susci·

140 4223 239 4309 piam,
263 4231 313 4296 ut,
336 4245 417 4311 quae
438 4223 477 4287 de
493 4223 650 4288 iracundia
668 4222 729 4288 dici
751 4223 851 4288 solent
869 4244 886 4286 a
907 4221 1095 4288 doctissimis
1110 4221 1305 4294 hominibus,
1328 4242 1364 4285 ea
1380 4241 1462 4286 nunc

141 4315 197 4380 tibi
219 4337 389 4402 exponam,
418 4338 488 4382 eum
510 4327 540 4381 et
565 4318 657 4381 nimis
682 4316 794 4399 longus
816 4335 883 4380 esse
906 4316 1004 4380 nolim
1025 4325 1057 4380 et
1081 4337 1122 4380 ex
1145 4315 1315 4381 multorum
1338 4314 1462 4401 scriptis

141 4431 177 4474 ea
199 4410 289 4475 facile
312 4411 412 4495 possis
439 4431 643 4495 cognoscere;
676 4408 767 4483 illud,
790 4408 875 4494 quod
902 4420 949 4474 est
971 4409 1123 4495 epistolae
1144 4409 1329 4494 proprium,
1363 4417 1398 4473 ut
1419 4409 1461 4482 is,

210 4574 236 4623 3.
255 4576 390 4636 potuerint
402 4575 469 4624 Mtt:
488 4580 630 4636 potuerunt
643 4572 688 4622 lli.
703 4596 737 4608 —
758 4572 785 4621 5.
805 4574 947 4635 omnesqui
964 4586 997 4621 ex
1015 4572 1047 4631 11,
1067 4585 1153 4621 omnes
1170 4585 1203 4620 ex
1220 4571 1257 4620 11.
1275 4595 1301 4606 -
1322 4573 1338 4620 7
1357 4577 1383 4620 et
1396 4521 1464 4619 &bi

141 4641 163 4693 l.
193 4668 225 4677 -
269 4646 312 4692 11.
345 4646 544 4693 domesticorum
573 4644 764 4692 discordiarum
790 4641 864 4692 blli:
902 4641 1095 4692 discordiarum
1124 4643 1322 4691 domesticarum
1349 4640 1393 4689 ΙΕ.
1431 4664 1459 4676 -

141 4714 292 4763 1311111.
315 4738 344 4749 -
381 4714 524 4763 331111.
551 4735 583 4749 -·
618 4713 663 4763 31.
682 4727 763 4778 quum
781 4718 843 4761 ante
866 4725 905 4760 ms
931 4725 986 4761 om.
1016 4712 1038 4762 1.
1068 4737 1098 4748 -
1134 4711 1179 4762 33.
1199 4713 1250 4761 erit
1276 4713 1305 4758 in
1326 4725 1366 4759 me
1393 4709 1461 4759 bilis

141 4783 365 4904 bbtmbibdstltls
382 4813 413 4822 -
449 4784 561 4834 laudere
579 4783 629 4836 111.
651 4807 682 4819 -
718 4783 762 4832 43.
782 4796 851 4832 nunc
869 4783 917 4831 tibi
934 4782 1004 4833 Mu:
1036 4781 1084 4833 tibi
1101 4795 1172 4831 nunc
1200 4780 1245 4830 lll.
1264 4804 1298 4813 -
1332 4780 1376 4831 st.
1396 4779 1464 4829 illud
