3256 5400
185 276 224 339 n
592 248 1063 343 'nrisromnousnmn

182 432 318 498 maxime
332 454 373 498 cx
391 452 462 497 meo
483 429 580 497 fratre
601 432 746 517 cognovi.
780 434 883 510 Quem
902 453 974 498 cum
992 432 1024 498 in
1045 432 1185 500 Sardinia
1207 434 1374 523 Pompeius
1396 435 1503 522 paucis

181 537 253 614 post
273 525 398 599 diebus,
431 546 526 612 φιιιιιι
546 529 630 590 Luca
657 524 854 599 discesserat,
891 527 1101 593 convenisset:
1145 533 1227 604 „Te,
1257 528 1373 616 inquit,
1400 527 1502 615 ipsum

182 619 291 707 cupio;
312 618 387 685 nihil
403 619 612 705 opportunius
631 620 732 705 potnit
750 618 910 686 accidere:
933 619 991 686 nisi
1006 641 1078 686 cum
1099 625 1205 686 Marco
1223 620 1320 688 lratre
1338 621 1503 706 diligenter

182 713 298 801 egeris,
320 708 560 798 dependendum
586 704 641 779 tib'i
672 714 733 786 est,
756 712 843 801 quod
870 712 944 778 mibi
972 734 1031 801 pro
1056 713 1110 779 illo
1141 713 1363 802 spopondisti.”
1417 716 1501 795 Quid

158 806 298 877 smulmt
333 815 461 891 questus
493 816 541 873 est
570 804 721 892 graviter;
751 804 808 871 sna
838 806 948 872 merita
974 809 1250 886 commernoravit;
1280 807 1357 896 quid
1386 810 1502 895 egisset

180 900 359 988 saepissime
381 898 421 965 de
441 899 517 965 actis
537 898 676 966 Caesaris
697 908 768 965 curn
792 900 861 985 ipso
890 920 961 966 meo
983 898 1080 966 fratre
1101 900 1241 989 quidque
1262 901 1321 969 sibi
1341 902 1368 967 is
1389 903 1429 969 de
1449 924 1500 969 me

180 994 362 1081 recepisset,
398 992 431 1057 in
457 993 641 1059 memoriam
670 993 807 1077 redegit;
838 1013 953 1080 seque,
987 1014 1068 1080 quae
1090 994 1129 1060 de
1158 1015 1226 1060 mea
1251 995 1350 1062 salute
1371 995 1499 1082 egisset,

180 1084 339 1155 volentate
360 1087 501 1153 Caesaris
521 1086 622 1172 egisse
641 1086 745 1173 ips'nm
764 1092 869 1152 meum
887 1085 1017 1154 fratrem
1040 1098 1166 1155 testatus
1183 1097 1248 1166 est;
1271 1089 1359 1167 cuius
1375 1110 1500 1155 causam

179 1180 421 1268 dignitatemque
448 1181 524 1246 mibi
548 1191 583 1247 ut
609 1178 856 1256 commendaret,
893 1181 1031 1267 rogasit,
1054 1193 1089 1249 ut
1112 1202 1180 1249 eam
1206 1204 1245 1247 ne
1266 1203 1498 1271 oppugnarem,

145 1275 207 1343 rosi
225 1272 342 1342 nobem
361 1283 416 1341 ant
435 1294 497 1340 non
523 1293 649 1361 possem
669 1275 761 1341 tueri.
806 1278 856 1340 10.
877 1278 963 1341 llaec
983 1296 1055 1340 cum
1076 1275 1117 1341 ad
1135 1298 1185 1341 me
1205 1274 1303 1343 irater
1322 1276 1500 1364 pertulisset

179 1379 308 1437 etcum
327 1379 431 1435 tamen
459 1367 627 1454 Pompeius
658 1368 699 1434 ad
726 1389 778 1434 me
807 1390 879 1435 cum
909 1367 1061 1434 mandatis
1083 1369 1253 1437 Vibullium
1281 1369 1429 1445 misisset,
1465 1379 1500 1435 ut

179 1464 337 1549 integrum
357 1460 433 1527 mibi
451 1461 492 1527 de
515 1482 609 1527 causa
632 1464 788 1549 Campana
813 1461 853 1528 ad
876 1483 969 1528 suum
989 1462 1127 1530 reditum
1150 1485 1365 1541 reservarem,
1388 1464 1499 1551 collegi

179 1557 247 1647 ipse
267 1578 318 1621 me
337 1566 368 1623 et
387 1576 460 1622 cum
479 1555 547 1644 ipsa
562 1552 651 1641 quasi
668 1576 705 1621 re
722 1554 847 1642 publica
867 1556 1041 1622 collocutus
1056 1579 1142 1632 sum,
1165 1568 1201 1624 ut
1222 1558 1298 1623 mibi
1319 1568 1382 1624 tam
1403 1559 1499 1625 multa

178 1651 243 1737 pro'
261 1670 296 1716 se
315 1660 466 1737 perpesso
487 1658 581 1737 atque
602 1648 768 1735 perirmcto
792 1649 999 1726 concederet,
1028 1660 1064 1716 ut
1087 1650 1222 1716 officium
1247 1671 1353 1717 meum
1382 1672 1500 1717 memo-

146 1763 311 1830 laremque
327 1743 360 1808 in
381 1742 590 1810 benemeritos
610 1742 749 1808 animum
771 1741 926 1830 iidemque
948 1743 1053 1810 fratris
1079 1743 1143 1809 mei
1169 1757 1381 1831 praestarem,
1411 1766 1500 1812 eum·

179 1858 256 1927 qne,
284 1857 378 1924 φιοιιι
396 1835 516 1903 bonnm
540 1836 640 1903 civem
660 1857 786 1923 semper
809 1836 986 1911 habuisset,
1013 1836 1133 1903 bonum
1154 1838 1258 1904 virum
1283 1860 1353 1904 esse
1376 1848 1500 1927 patere·

178 1941 242 1999 tur.
283 1933 320 1997 ln
343 1929 402 1996 illis
421 1928 527 1997 au‘tem
553 1929 631 1996 meis
655 1928 829 1998 actionibus
858 1931 1079 2019 sententiisque
1106 1930 1268 2004 omnibus,
1298 1951 1379 2018 quae
1407 1935 1500 1997 Pom-

178 2023 286 2112 peium
300 2022 485 2091 videbantur
499 2024 678 2101 offendere,
693 2035 854 2092 certorum
864 2024 1047 2101 bominum,
1063 2047 1143 2112 quos
1159 2025 1220 2090 iam
1231 2023 1327 2089 debes
1337 2023 1498 2110 suspicari,

179 2118 341 2183 serinones
358 2114 575 2185 reserebantur
590 2117 631 2184 ad
650 2140 722 2198 me;
744 2118 800 2207 qui
812 2140 894 2186 cum
910 2118 962 2185 illa
987 2118 1137 2186 sentirent
1160 2119 1191 2183 in
1211 2116 1393 2204 republica,
1416 2114 1499 2204 quae

142 2228 240 2297 nego
257 2206 407 2296 agebam,
428 2218 616 2300 semperque
641 2212 824 2290 sensissent,
855 2235 907 2279 me
926 2225 1029 2281 tamen
1059 2234 1122 2278 non
1146 2210 1323 2278 satisfacere
1348 2211 1498 2298 Pompeio

180 2307 408 2390 Caesaremque
427 2304 673 2372 inimicissimum
695 2306 771 2373 mibi
791 2307 934 2374 futurum
954 2306 1092 2393 gaudere
1110 2326 1144 2371 se
1169 2303 1302 2371 aiebant
1345 2308 1421 2370 Erat
1438 2304 1500 2369 boc

179 2396 255 2485 mibi
278 2396 465 2464 dolendumz
488 2397 544 2464 sed
563 2401 662 2467 multo
681 2400 758 2467 illud
776 2401 891 2487 magis,
914 2400 1000 2488 quod
1022 2398 1183 2465 inimicum
1205 2419 1309 2464 meum
1331 2433 1371 2445 —
1393 2418 1500 2464 meum

179 2497 307 2557 antem?
327 2490 424 2557 immo
438 2512 516 2557 vero
530 2492 650 2578 legum,
671 2491 875 2568 iudiciorum,
898 2494 964 2569 otii,
986 2492 1115 2579 patriae,
1137 2490 1294 2556 bonorum
1309 2491 1495 2557 omnium—

179 2584 224 2650 sic
238 2583 510 2671 amplexabantur,
525 2585 569 2650 sic
583 2585 616 2650 in
630 2585 773 2653 manibus
786 2586 952 2663 habebant,
975 2586 1019 2651 sic
1034 2583 1192 2661 fovebant,
1207 2585 1252 2650 sic
1269 2605 1320 2649 me
1334 2595 1499 2672 praesente

143 2676 418 2754 uosmdabantnr,
439 2699 502 2745 non
517 2678 562 2744 illi
577 2678 705 2766 quidem
720 2688 756 2745 nt
770 2680 845 2746 mibi
859 2679 1054 2747 stomachum
1069 2677 1222 2756 lacerent,
1245 2700 1340 2767 quem
1355 2700 1415 2765 ego
1429 2679 1500 2745 lun·

179 2770 262 2838 diuis
282 2770 422 2860 perdidi,
452 2770 508 2837 sed
528 2783 666 2840 certent
687 2772 790 2839 lacere
818 2795 853 2838 se
876 2773 1113 2840 arbitrarentur.
1168 2773 1227 2838 Hic
1249 2793 1324 2859 ego,
1348 2784 1499 2861 quantum

178 2866 317 2932 bumano
338 2864 470 2932 consilio
494 2865 617 2932 efficere
637 2867 741 2954 potui,
770 2867 1001 2955 circumspectis
1022 2866 1119 2933 rebus
1142 2867 1219 2932 meis
1234 2867 1379 2934 omnibus
1403 2867 1500 2934 ratio·

179 2959 334 3048 nibusque
351 2958 526 3035 subductis,
559 2980 714 3041 summam
731 2960 792 3026 leci
811 2962 1035 3047 cogitationum
1055 2983 1196 3026 mearum
1221 2961 1380 3037 omnium,
1402 2982 1498 3049 quam

178 3053 254 3130 tibi,
276 3054 446 3141 sipotero,
468 3052 607 3120 breviter
630 3075 797 3142 exponam.
842 3060 893 3121 11.
913 3060 1004 3141 Ego,
1026 3054 1053 3120 si
1079 3054 1118 3120 ab
1139 3053 1291 3140 improbis
1315 3065 1346 3121 et
1368 3053 1498 3141 perditis

142 3147 301 3215 ncivibus
325 3146 567 3234 rempublicam
592 3148 692 3216 teneri
721 3148 877 3224 viderem,
915 3148 995 3215 sicut
1018 3158 1050 3215 et
1068 3148 1145 3213 meis
1168 3147 1361 3233 temporibus
1382 3147 1498 3213 scimus

179 3252 211 3309 et
232 3241 389 3308 nonnullis
410 3240 477 3306 aliis
498 3239 659 3317 accidisse,
681 3263 745 3309 non
760 3244 856 3309 modo
879 3242 1046 3331 praemiis,
1069 3263 1149 3330 quae
1164 3241 1247 3327 apud
1263 3263 1313 3307 me
1334 3241 1498 3305 minimum

177 3337 297 3412 velem,
326 3334 382 3401 sed
403 3355 443 3399 ne
472 3334 617 3421 periculis
639 3335 765 3423 quidem
786 3337 967 3425 compulsus
987 3337 1073 3412 ullis,
1101 3335 1215 3424 quibus
1243 3345 1346 3401 tamen
1368 3355 1498 3399 moven-

178 3440 232 3497 tur
243 3429 336 3496 etiam
357 3426 517 3494 fortissimi
533 3428 610 3506 viri,
632 3428 671 3495 ad
688 3450 802 3496 eorum
815 3452 939 3496 causam
962 3452 1012 3496 me
1029 3430 1249 3517 adiungerem,
1272 3429 1353 3494 nesi
1375 3450 1497 3494 summa

178 3522 306 3611 quidem
325 3542 437 3588 eorum
459 3521 492 3587 in
514 3544 566 3588 me
587 3522 698 3590 merita
725 3535 913 3591 constarent.
957 3529 1035 3592 Cum
1056 3535 1161 3591 autem
1183 3523 1216 3587 in
1236 3544 1272 3587 re
1292 3522 1416 3608 publica
1442 3526 1496 3587 Cn.

141 3616 343 3705 raPompeius
366 3615 510 3704 princeps
531 3627 631 3694 esset,
653 3616 703 3683 vir
722 3617 766 3694 is,
788 3619 843 3707 qui
864 3619 944 3685 banc
959 3619 1130 3707 potentiam
1151 3626 1182 3682 et
1201 3616 1333 3703 gloriam
1354 3614 1497 3680 maximis

176 3711 210 3775 in
231 3731 299 3775 rem
320 3708 476 3795 publicam
497 3710 617 3778 meritis
638 3712 970 3800 praestantissimisque
994 3711 1089 3777 rebus
1117 3710 1211 3796 gestis
1240 3721 1321 3777 esset
1347 3730 1497 3775 consecu-

176 3815 227 3871 tus
245 3804 397 3891 cuiusque
423 3824 483 3889 ego
505 3803 660 3890 dignitatis
685 3804 725 3871 ab
746 3806 954 3873 adolescentia
973 3804 1094 3878 lantor,
1117 3803 1149 3869 in
1169 3815 1317 3890 praetura
1341 3812 1446 3868 antem
1465 3810 1498 3867 et

176 3897 209 3962 in
229 3898 393 3965 consulatu
412 3897 536 3965 adiutor
559 3899 652 3966 etiam
677 3898 880 3978 exstitissem
907 3920 1042 3986 cumque
1064 3897 1147 3963 idom
1169 3897 1351 3963 auctoritate
1375 3906 1406 3962 ct
1427 3916 1497 3959 sen·

175 3991 271 4057 tentia
286 4012 345 4076 per
370 4013 420 4069 se,
449 3992 586 4060 consiliis
604 4001 636 4061 et
658 3992 768 4060 studiis
790 4002 912 4068 tecum,
940 4014 990 4057 me
1015 3990 1181 4057 adiuvisset
1200 4012 1368 4078 meumque
1394 3988 1497 4053 inimi-

140 4105 248 4150 neum
269 4107 367 4151 unum
388 4086 422 4152 in
442 4086 564 4153 civitate
582 4085 713 4153 baberet
729 4084 907 4161 inimicum,
929 4106 993 4152 non
1014 4084 1120 4172 putati
1138 4084 1252 4150 lamam
1274 4082 1495 4150 inconstantiae

178 4178 251 4243 mibi
273 4178 570 4266 pertimescendam,
592 4180 619 4247 si
636 4178 824 4269 quibusdam
839 4178 872 4245 in
891 4180 1049 4246 sententiis
1063 4177 1203 4265 paullum
1219 4200 1268 4243 me
1284 4178 1496 4243 immutasscm

176 4293 342 4360 meamque
365 4274 556 4341 voluntatem
577 4272 618 4340 ad
638 4272 753 4341 summi
772 4272 832 4340 viri
863 4272 903 4338 de
924 4294 1037 4360 meque
1055 4272 1171 4360 optime
1191 4273 1293 4340 meriti
1316 4272 1495 4357 dignitatem

177 4386 404 4451 aggregassem.
448 4372 498 4434 12
519 4372 556 4434 In
581 4367 640 4434 bac
665 4366 817 4435 sententia
837 4366 1091 4454 complectendus
1115 4376 1183 4432 erat
1207 4367 1281 4432 mibi
1309 4371 1437 4439 Caesar,
1460 4372 1495 4428 ut

176 4458 278 4533 vides,
300 4460 333 4524 in
354 4460 518 4535 coniuncta
538 4471 569 4528 et
587 4480 683 4527 eausa
704 4472 736 4527 et
756 4460 913 4546 dignitate.
955 4461 1014 4526 Hic
1035 4461 1168 4527 multum
1186 4460 1284 4526 valuit
1307 4482 1378 4524 cunr
1404 4468 1494 4522 vetus

123 4553 324 4641 amicitia,
348 4576 443 4642 quam
459 4565 494 4623 tu
518 4575 583 4621 non
601 4553 729 4641 ignoras
745 4555 822 4623 mibi
842 4564 874 4622 et
894 4554 1013 4632 Quinto
1035 4555 1124 4622 fratri
1148 4576 1219 4620 enm
1240 4560 1370 4621 Caesare
1387 4551 1492 4624 luisse,

245 4737 288 4786 11.
306 4751 363 4787 cum
381 4745 469 4788 tameo
485 4738 513 4789 bl
527 4751 535 4787 ι
554 4750 612 4788 οιιιιι
627 4742 690 4789 anto
710 4744 799 4788 tam
823 4737 855 4791 ll.
873 4739 946 4790 Fert.
959 4752 1018 4788 eom
1034 4740 1108 4788 uem,
1126 4738 1177 4788 Οι.
1207 4737 1298 4786 blalim
1311 4750 1368 4784 cnm
1381 4735 1492 4784 tandem.

177 4803 257 4856 Brun.
279 4833 308 4843 -
344 4809 572 4872 lenonumque
594 4808 720 4874 fidemque
737 4807 775 4859 ll.
797 4830 828 4845 -
858 4808 902 4861 ro.
919 4809 1098 4876 operabantur
1114 4808 1362 4872 blartynidnguna.
1399 4803 1492 4852 Malim

176 4876 356 5002 πενθέων
378 4879 421 4930 vel
446 4878 663 4946 perferobootor,
691 4882 720 4930 ut
737 4873 768 4941 ὅ.
785 4877 830 4930 Μ.
849 4877 901 4933 0·-
922 4905 952 4919 -
988 4878 1033 4933 ³1.
1051 4880 1173 4931 eccidisse
1190 4879 1238 4930 u:
1257 4878 1378 4930 madero
1395 4874 1493 4937 (κοφί-
