3256 5400
610 212 685 276 uu.
705 209 759 275 111.
801 211 861 274 ΕΡ.
882 209 934 273 24.
956 209 1008 275 25.
1392 214 1452 278 411

128 393 198 438 sum
221 371 361 457 graviter
382 375 575 441 commotus,
607 365 693 452 quod
713 366 765 432 illa
787 365 854 452 ipsa
875 387 946 453 spes
968 365 1100 453 exigua,
1125 389 1206 455 quae
1226 379 1310 446 erat,
1332 369 1456 436 ridere·

128 475 180 530 tur
209 485 277 529 esse
299 461 430 528 sublata.
472 466 548 526 Nam
571 459 597 525 si
620 459 737 526 tribuni
759 460 802 546 pl,
823 459 914 526 nobis
936 469 1136 537 succensent,
1160 483 1239 549 quae
1261 472 1364 550 potest
1384 485 1455 550 spes

129 564 220 624 esset
250 556 460 622 devidentur
488 556 556 620 iure
577 574 778 628 succensere,
808 574 878 620 cum
901 562 933 619 et
952 564 1099 641 expertes
1127 556 1250 622 consilii
1271 556 1388 622 fuerint
1409 557 1454 632 ei,

129 653 182 739 qui
212 671 336 717 causam
358 659 497 715 nostram
524 658 742 736 susceperant,
771 658 801 713 et
822 656 929 713 nostra
951 649 1153 715 concessione
1176 671 1301 716 omnem
1321 649 1385 714 vim
1406 648 1455 715 sui

128 746 207 812 iuris
239 745 421 820 amiserint;
457 742 642 829 praesertim
676 762 746 808 cum
774 741 818 807 ita
846 741 962 815 dicant,
994 763 1028 808 se
1059 752 1166 809 nostra
1199 765 1292 810 causa
1319 742 1479 809 voluisseu

129 862 216 905 suam
245 847 430 926 potestatem
461 856 530 902 esse
561 835 598 900 de
627 833 809 901 consulibus
837 834 1001 913 ornandis,
1034 857 1097 903 uon
1120 848 1154 902 ut
1175 858 1230 903 eos
1252 836 1456 922 impedirent,

129 933 184 998 sed
206 940 241 998 ut
261 932 302 997 ad
322 941 462 998 nostram
484 949 608 995 causam
630 929 844 1014 adiungerent.
887 935 991 1004 Nunc,
1013 930 1041 996 si
1063 930 1206 996 consules
1228 953 1246 996 a
1268 930 1361 996 nobis
1381 929 1459 996 alie·

128 1027 235 1091 niores
257 1047 326 1091 esse
347 1026 457 1100 velint,
487 1043 580 1109 posse
610 1021 642 1087 id
663 1022 763 1088 libere
784 1022 905 1100 facere3
938 1024 987 1088 sin
1008 1023 1103 1089 veiint
1124 1034 1230 1089 nostra
1251 1046 1358 1101 causa,
1380 1025 1459 1091 nihil

128 1141 222 1206 posse
249 1141 283 1185 se
310 1118 426 1184 invitis.
483 1122 558 1181 Nam
587 1115 673 1203 quod
699 1115 828 1191 scribis,
860 1117 892 1181 ni
921 1121 963 1182 ita
985 1116 1076 1183 vobis
1096 1118 1279 1204 placuisset,
1306 1119 1377 1185 illos
1398 1119 1458 1185 boc

130 1213 212 1279 idem
237 1234 295 1299 pcr
316 1211 466 1298 populum
488 1219 688 1276 assecuturos
709 1209 824 1284 fuisse,
847 1211 952 1275 invitis
973 1209 1107 1276 tribunis
1120 1212 1163 1298 pl.
1178 1211 1246 1278 lieri
1261 1213 1347 1278 nullo
1362 1212 1457 1278 modo
1469 1226 1495 1267 ¹⁰

130 1306 242 1393 potuit.
295 1309 340 1370 lta
372 1324 502 1376 vercor,
535 1324 575 1367 ne
598 1313 629 1368 et
649 1302 750 1368 studia
781 1301 978 1369 tribunorum
1007 1304 1202 1372 amiserimus
1229 1318 1276 1381 et,
1309 1307 1336 1371 si
1358 1305 1458 1371 studia

131 1408 291 1473 maneant,
314 1398 450 1462 vinclum
473 1395 549 1462 illud
570 1396 840 1481 adiungendorum
863 1397 1026 1462 consulum
1052 1398 1198 1464 amissum
1220 1400 1269 1465 sit
1312 1404 1341 1465 9.
1364 1407 1459 1465 Acce·

132 1493 176 1558 dit
198 1492 282 1558 aliud
304 1512 367 1556 non
391 1511 521 1577 parvum
544 1489 794 1564 incommodum,
817 1489 902 1577 quod
923 1495 1027 1576 gravis
1048 1491 1100 1557 illa
1121 1492 1242 1578 opinio,
1275 1502 1310 1558 ut
1330 1492 1458 1580 quidem

131 1586 169 1651 ad
199 1608 256 1652 nos
284 1584 520 1671 perferebatur,
559 1595 700 1649 senatum
733 1584 809 1649 nibil
841 1583 1012 1649 decernere
1044 1594 1135 1660 ante,
1173 1608 1267 1673 quam
1299 1585 1338 1651 de
1366 1585 1458 1652 nobis

131 1691 232 1744 actum
261 1689 359 1754 esset,
388 1678 500 1743 amissa
528 1686 591 1750 est,
623 1678 808 1764 praesertim
829 1678 862 1742 in
885 1699 922 1743 ea
943 1698 1053 1751 causa,
1086 1700 1167 1765 quac
1196 1701 1259 1745 oon
1286 1680 1381 1746 modo
1403 1694 1493 1744 nc·t⁵

131 1778 266 1838 cessaria
298 1771 441 1838 nonfuit
463 1770 632 1837 sedetiam
654 1772 799 1837 inusitata
824 1791 861 1836 ac
882 1792 973 1836 nova.
1015 1776 1122 1858 Neque
1144 1773 1225 1838 enim
1248 1795 1386 1859 unquam
1408 1794 1458 1838 ar·

131 1866 233 1932 bitror
261 1877 385 1932 ornatas
415 1886 483 1931 esse
516 1865 693 1952 provincias
723 1865 973 1951 designatorum3
1001 1873 1055 1941 ut,
1083 1887 1153 1932 cum
1175 1867 1208 1932 in
1230 1866 1290 1933 boe
1310 1867 1363 1932 illa
1385 1887 1460 1932 con-

131 1962 259 2036 stantia,
289 1980 351 2046 qna
379 1969 446 2024 erat
476 1980 544 2024 mea
573 1979 667 2023 causa
693 1968 852 2046 suscepta,
880 1959 1042 2024 imminuta
1071 1959 1124 2034 sit,
1158 1959 1235 2025 nibil
1266 1960 1328 2027 iam
1360 1960 1461 2047 possit

131 2076 194 2119 non
223 2053 360 2119 decerni.
417 2053 479 2128 lis,
513 2051 552 2117 ad
580 2073 661 2137 quos
689 2053 822 2118 relatum
850 2061 910 2128 est,
944 2053 1051 2118 amicis
1078 2053 1232 2140 placuisse
1259 2075 1322 2120 non
1344 2055 1459 2120 mirum

134 2157 191 2213 cst.
245 2152 320 2213 Erat
349 2147 433 2211 enim
460 2145 584 2211 difficile
613 2145 771 2232 reperire,
801 2147 855 2232 qui
884 2156 992 2212 contra
1021 2155 1103 2211 tanta
1131 2146 1295 2213 commoda
1324 2146 1458 2212 duorum
1470 2165 1499 2203 n»

132 2240 295 2306 consulum
324 2241 426 2327 palam
456 2239 641 2305 sententiam
670 2239 798 2306 diceret.
856 2241 927 2306 Fuit
947 2240 1075 2306 omnino
1097 2239 1222 2306 difficile
1244 2261 1307 2306 non
1328 2238 1460 2326 obsequi

133 2334 182 2398 vel
205 2335 395 2399 amicissimo
417 2333 551 2408 bomini,
574 2333 705 2399 Lentulo
722 2334 773 2399 vel
787 2334 927 2409 Metello,
951 2334 1005 2420 qui
1027 2334 1216 2399 simultatem
1238 2332 1460 2399 humanissime

132 2427 315 2512 deponeret.
371 2427 433 2493 Sed
455 2448 585 2501 vereor,
614 2448 670 2500 ne,
707 2427 765 2493 bos
786 2449 856 2493 cum
878 2437 987 2492 tenere
1008 2428 1223 2512 potuerimus,
1254 2426 1396 2492 tribunos
1417 2426 1460 2512 pl.

132 2520 340 2586 amiserimus.
383 2525 468 2585 Haec
488 2542 540 2586 res
562 2519 825 2607 quemadmodum
847 2520 995 2585 ceciderit
1016 2530 1048 2584 et
1070 2529 1133 2585 tota
1154 2541 1206 2585 res
1227 2542 1290 2606 quo
1311 2520 1383 2585 loco
1401 2519 1459 2593 sit,

134 2613 227 2677 velim
243 2613 282 2677 ad
298 2635 348 2678 me
363 2613 482 2679 scribas
496 2624 527 2679 et
542 2615 594 2688 ita,
615 2621 650 2678 ut
664 2613 834 2678 instituisti.
870 2617 946 2677 Nam
961 2613 1020 2678 ista
1035 2614 1160 2689 veritas,
1185 2613 1307 2680 etiamsi
1327 2612 1497 2680 iucundam

132 2726 196 2771 non
219 2716 281 2782 cst,
303 2705 380 2772 mibi
403 2716 505 2773 tamen
527 2716 614 2791 grata
635 2716 691 2772 esc
733 2711 803 2776 Dat.
825 2725 893 2772 1111.
913 2706 959 2772 Id.
982 2705 1147 2773 Decembr.

584 2886 687 2948 arv.
729 2882 779 2967 (A.
806 2885 838 2947 u
865 2885 897 2948 c.
919 2883 1008 2963 aas)

620 3033 763 3099 crunno
785 3035 930 3098 amico
953 3035 984 3098 s

220 3176 294 3237 Post
315 3181 402 3236 tuum
426 3193 444 3236 a
467 3190 517 3236 me
538 3169 708 3236 discessum
730 3171 851 3237 litterae
873 3171 950 3237 mibi
968 3177 1067 3238 Roma
1088 3171 1198 3237 allatae
1220 3181 1306 3248 sunt,
1329 3193 1369 3238 ex
1392 3171 1461 3259 qui-

135 3265 194 3331 bus
211 3265 373 3353 perspicio
396 3264 486 3330 oobis
507 3265 539 3329 in
560 3264 619 3329 bac
639 3264 811 3330 calamitate
833 3265 1054 3331 tabescendum
1076 3287 1162 3346 esse;
1184 3287 1286 3354 neque
1313 3265 1397 3331 enim
1419 3277 1497 3319 -ω

135 3359 191 3424 sed
214 3359 329 3424 bonam
357 3359 388 3422 in
417 3368 538 3444 partem
559 3359 691 3443 accipies
712 3395 770 3434 -,
802 3359 830 3423 si
849 3359 913 3424 ulla
935 3379 1005 3445 spes
1026 3359 1134 3425 salutis
1155 3369 1280 3425 nostrae
1302 3358 1462 3432 subesset,

135 3462 169 3518 tu
191 3473 250 3538 pro
274 3461 327 3518 tuo
356 3473 465 3516 amore
494 3453 527 3516 in
552 3472 603 3516 me
625 3452 685 3517 boc
707 3462 849 3538 tempore
879 3452 1084 3519 discessisses.
1128 3453 1190 3519 Sed
1212 3475 1251 3519 ne
1273 3453 1386 3539 ingrati
1408 3461 1462 3518 aut

135 3567 175 3610 ne
205 3546 308 3609 omnia
335 3546 416 3611 velle
445 3544 607 3610 nobiscum
630 3567 692 3611 una
712 3546 842 3611 interire
863 3546 1042 3624 videamur,
1075 3547 1135 3613 boc
1156 3549 1282 3625 omitto;
1307 3546 1384 3613 illud
1405 3544 1461 3610 abs

135 3650 167 3705 te
188 3648 279 3725 peto,
303 3639 359 3705 des
381 3660 525 3726 operam,
547 3638 580 3704 id
602 3638 688 3727 quod
709 3639 785 3705 mihi
806 3639 979 3716 affirmasti,
1006 3650 1042 3708 ut
1063 3650 1094 3707 te
1115 3650 1185 3707 ante
1207 3641 1273 3708 Kal.
1294 3645 1370 3714 Ian..
1391 3638 1462 3705 ubi-

136 3753 259 3818 cunque
282 3733 416 3808 erimus,
440 3733 540 3798 sistas.
1468 3741 1498 3782 ⁸⁵

206 3956 231 4003 1.
250 3956 367 4018 praviter
392 3968 449 4003 rum
475 3954 497 4003 1.
530 3976 563 3988 -
597 3955 728 4004 uideretur
754 3968 816 4004 cum
844 3953 908 4005 Cod.
929 3954 1002 4004 Bosii
1031 3953 1059 4003 ln
1077 3954 1147 4004 aad.
1166 3952 1329 4002 Lambinus:
1358 3952 1461 4002 sidetem

136 4024 231 4074 muru.
265 4047 291 4057 -
329 4024 355 4073 3.
375 4025 545 4074 occidentur
563 4023 576 4072 l
595 4029 621 4074 et
639 4037 709 4074 corr.
728 4025 772 4076 Ma
804 4037 834 4074 aa
852 4025 1005 4075 evidentur
1024 4038 1065 4086 pr.
1084 4025 1127 4084 Μ,
1155 4022 1395 4073 otoidmturltli.
1425 4046 1458 4056 -

136 4093 203 4156 iura]
222 4096 289 4146 vires
308 4108 347 4156 pr.
367 4094 404 4143 Μ.
424 4120 456 4129 -
490 4094 689 4144 casameruli.
709 4114 741 4129 -
777 4095 879 4157 caperes·
896 4095 918 4144 1.
935 4120 969 4160 ¹-
1007 4097 1045 4155 ei,
1065 4095 1110 4158 poi
1128 4093 1260 4144 Orcltius:
1280 4099 1305 4143 st
1323 4092 1458 4156 quillltl,

137 4167 261 4228 quicum
281 4164 401 4214 Manutio
421 4163 451 4212 B.
471 4184 504 4198 -
533 4162 559 4212 1.
579 4170 603 4214 at
620 4171 709 4213 oestro
727 4162 870 4214 Corradus.
891 4186 922 4200 -·
958 4165 985 4214 5.
1005 4166 1148 4214 caruerunt
1166 4163 1189 4212 1.
1217 4188 1248 4199 -
1285 4176 1342 4212 cam
1358 4159 1410 4223 ito]
1429 4174 1461 4211 co

135 4236 176 4283 ito
195 4247 236 4295 pr.
255 4233 296 4294 Μ,
315 4247 372 4282 acm
389 4246 420 4283 ao
437 4235 478 4283 ita
496 4233 508 4282 1
528 4237 555 4283 ct
572 4247 642 4283 corr.
662 4233 700 4284 Μ.
721 4257 752 4269 -
788 4233 815 4284 8.
834 4237 876 4284 rio
893 4234 986 4284 velunt
1002 4234 1069 4294 MR,
1090 4234 1114 4282 si
1131 4233 1223 4283 velunt
1243 4233 1264 4283 Ι.
1284 4232 1461 4290 (Emendavit

138 4301 307 4365 Ernestius.)
335 4328 363 4339 -
400 4303 427 4353 9.
446 4299 483 4365 se]
501 4304 538 4352 eis
556 4303 578 4352 1.
613 4329 640 4340 -
678 4301 718 4366 oi]
737 4317 770 4354 oc
788 4316 829 4366 pr.
849 4303 886 4355 Μ.
919 4327 950 4339 -
987 4304 1031 4353 16.
1050 4299 1140 4364 etiem]
1159 4305 1214 4351 ium
1232 4303 1254 4351 1.
1276 4325 1306 4337 -
1344 4301 1386 4351 18.
1407 4315 1460 4365 quo

137 4373 272 4423 Oreitius:
292 4372 471 4436 quocblitlii.
490 4398 524 4407 —
560 4373 604 4424 19.
624 4374 739 4423 tombis
758 4374 779 4422 1.
812 4397 843 4409 -
882 4375 978 4422 minem
996 4380 1033 4423 est
1052 4373 1211 4422 Lambinuaa
1240 4371 1374 4435 (merome
1392 4371 1457 4422 Cod.

43 4488 50 4500 ,
138 4445 165 4493 in
186 4456 240 4505 mg.
261 4443 364 4505 Repeti.
384 4441 491 4506 Lamb.)
509 4445 606 4492 minem
623 4445 646 4492 si
663 4442 704 4503 Μ,
724 4445 820 4493 mirum
837 4445 872 4493 sit
891 4444 927 4497 it.
950 4444 1046 4492 mirum
1064 4442 1109 4492 lii.
1130 4465 1162 4478 -
1197 4445 1241 4492 21.
1261 4443 1296 4491 m
1313 4442 1363 4504 {uit
1384 4440 1406 4490 1.
1425 4461 1459 4476 -·

137 4515 181 4562 93.
202 4515 249 4562 bos
267 4526 323 4561 cum
341 4520 424 4562 tencre
442 4513 472 4562 1:
503 4514 549 4563 hos
568 4520 656 4563 tomen
674 4519 759 4563 emm
776 4512 846 4563 MR:
877 4513 923 4562 hos
948 4526 1005 4561 cum
1033 4519 1122 4562 tamen
1149 4519 1232 4563 tenere
1256 4511 1405 4561 Ernestius.
1423 4534 1457 4543 -

137 4583 181 4632 91.
210 4584 355 4631 miserimus
378 4580 429 4631 ΜΙ.
464 4607 492 4620 -
543 4583 587 4632 99.
614 4597 632 4632 o
661 4596 701 4632 ma
725 4590 836 4634 auctore
854 4583 973 4633 Corrado
1000 4581 1243 4633 del.1.atlemand.
1283 4581 1348 4630 Vide
1368 4586 1456 4628 tamen

138 4652 329 4702 Rentivotium.
350 4674 380 4687 -
425 4651 469 4701 90.
492 4653 625 4714 prospicio
655 4652 701 4701 1t1.
728 4677 761 4690 -
796 4653 840 4703 91.
867 4655 895 4701 in
916 4653 1012 4701 borram
1028 4652 1061 4703 R.
1089 4677 1123 4686 -
1159 4655 1286 4716 acciperes
1305 4665 1347 4714 pr.
1367 4649 1403 4701 lt.
1423 4673 1456 4684 -

138 4724 220 4774 soluti
237 4722 310 4773 Mul.
348 4719 529 4783 (Emendavit
545 4721 704 4780 Victorius.)
723 4747 753 4758 -
789 4722 832 4773 39.
853 4721 891 4784 id]
908 4722 982 4771 tuum
999 4722 1022 4772 1.
