3256 5400
155 253 219 317 sne
344 203 356 215 ⁸
650 246 709 308 rr.
731 247 783 308 an
806 245 977 308 ararum

156 416 228 474 sunt
248 407 322 473 mihi
346 407 405 470 ista
431 404 545 470 omnia.
589 405 711 482 Quare,
755 413 791 467 ut
811 400 851 467 ad
873 412 903 466 te
924 409 995 465 aute
1016 400 1144 486 scripsi,
1179 421 1251 466 cum
1272 411 1393 476 cetera,
1415 412 1483 465 tum

158 523 209 567 res
236 500 376 587 publica,
408 519 499 570 cura,
529 504 563 561 ut
584 496 661 562 mibi
689 504 762 580 nota
784 496 834 560 sit.
884 495 1012 575 †Plura
1034 493 1169 559 scribam
1192 495 1279 559 tarde
1310 494 1366 559 tibi
1399 494 1484 559 redi·

158 609 247 673 turo;
269 594 325 660 sed
346 592 457 658 dabam
480 591 626 657 familiari
647 591 767 656 bomini
788 611 824 654 ac
844 588 1035 660 domestico,
1058 590 1091 654 C.
1107 587 1286 654 Andronico
1302 588 1486 654 Puteolano.

159 696 204 756 Tu
233 697 335 752 autem
365 707 459 771 saepe
492 685 567 751 dare
601 682 770 750 tabellariis
800 683 1041 770 publicanorum
1074 682 1193 768 poteris
1225 703 1283 769 per
1317 683 1485 768 magistros

137 783 331 870 ascripturae
353 789 384 846 et
403 791 513 866 portus
534 790 713 845 nostrarum
736 778 939 844 dioecesium.

612 951 693 1014 aar.
744 947 800 1032 (a
826 950 858 1013 u.
881 951 912 1012 c.
935 950 1007 1012 ma
1009 947 1028 1030 )

644 1090 787 1157 CICERO
809 1090 953 1155 ATTICO
976 1092 1007 1154 S.

249 1229 277 1289 l.
298 1224 365 1290 Etsi
391 1223 423 1287 in
456 1226 525 1307 ipso
558 1221 669 1286 itinere
698 1230 729 1286 et
754 1219 805 1284 via
838 1218 1039 1284 discedebant
1067 1219 1304 1305 publicanorum
1328 1220 1481 1287 tabellarii

161 1331 193 1387 et
214 1338 338 1384 eramus
359 1316 391 1381 in
419 1337 533 1389 cursu,
564 1325 668 1378 tamen
697 1312 929 1400 surripiendum
952 1313 1068 1399 aliquid
1098 1315 1203 1398 putavi
1231 1315 1341 1399 spatii,
1372 1336 1411 1378 ne
1434 1337 1486 1379 me

128 1414 381 1478 nimmemorem
402 1409 538 1474 mandati
560 1409 606 1473 tui
627 1418 763 1493 putares.
806 1413 914 1494 ltaque
936 1406 1063 1473 subsedi
1085 1408 1116 1471 in
1132 1408 1198 1491 ipsa
1214 1408 1280 1482 via,
1305 1408 1378 1473 dum
1397 1409 1485 1479 baec,

160 1529 240 1595 quae
276 1505 452 1591 longiorem
485 1501 664 1567 desiderant
696 1502 893 1575 orationem,
939 1502 1114 1567 summatim
1153 1501 1207 1566 tibi
1244 1502 1486 1587 perscriberem.

161 1607 191 1669 2.
223 1602 358 1669 Maxima
387 1597 619 1683 exspectatione
652 1596 683 1660 in
710 1595 864 1682 perditam
894 1605 926 1659 et
954 1595 1045 1680 plane
1078 1617 1219 1661 eversam
1242 1597 1485 1682 inperpetuum

160 1695 354 1785 provinciam
376 1713 433 1758 nos
454 1691 576 1757 venisse
598 1691 676 1756 scito
698 1690 800 1777 pridie
822 1691 889 1755 Kal.
912 1690 1061 1767 Sextiles;
1084 1700 1224 1755 moratos
1245 1691 1384 1756 triduum
1407 1697 1489 1756 Lao-

162 1790 286 1864 diceae‚
309 1787 447 1853 triduum
469 1792 641 1871 Apameae,
665 1783 794 1849 totidem
816 1784 884 1848 dies
906 1783 1059 1871 Synnade.
1101 1783 1286 1849 Audivimus
1308 1786 1383 1850 nibil
1401 1785 1488 1850 aliud

128 1882 222 1949 tinini
252 1883 403 1968 imperata
432 1879 630 1960 ἐπικεφάλια
658 1877 782 1943 solvere
810 1898 874 1943 non
903 1898 1014 1963 posse;
1050 1878 1137 1953 ὠνὰς
1165 1878 1306 1942 omnium
1328 1877 1485 1956 venditas;

162 1975 322 2041 civitatum
351 1974 500 2059 gemitus,
534 1972 687 2057 ploratus;
720 1981 857 2037 monstra
880 1970 1033 2058 quaedam
1054 1991 1117 2036 non
1146 1971 1282 2036 bominis
1312 1972 1366 2037 sed
1400 1971 1488 2036 ferae

163 2069 381 2133 nesciocuius
403 2067 556 2132 immanis.
601 2064 686 2144 Quid
708 2066 855 2152 quaeris?
887 2065 990 2131 taedet
1010 2069 1138 2130 omnino
1161 2086 1216 2130 eos
1242 2066 1332 2131 vitae.
1377 2071 1407 2131 3.
1431 2071 1490 2130 Le-

164 2171 278 2228 vantur
298 2172 400 2227 tumen
430 2161 562 2225 miserae
591 2159 753 2252 civitates,
788 2158 873 2246 quod
901 2159 1005 2224 nullus
1034 2157 1068 2222 lit
1089 2169 1230 2244 sumptus
1251 2159 1283 2224 in
1305 2181 1363 2225 nos
1385 2182 1488 2246 neque

162 2256 197 2322 iu
218 2256 336 2341 legatos
357 2275 460 2341 neque
482 2255 513 2319 in
536 2263 734 2340 quaestorem
760 2273 862 2339 neque
891 2252 924 2317 in
946 2273 1145 2339 quemquam.
1199 2253 1283 2318 Scito
1305 2276 1369 2319 non
1392 2254 1489 2319 modo

128 2363 222 2416 ⁸⁰nos
244 2350 371 2415 loenum
394 2359 447 2413 aut
475 2346 560 2430 quod
586 2348 656 2431 lege
685 2345 762 2411 lulia
786 2346 853 2411 dari
883 2346 977 2420 solet,
1015 2368 1078 2410 non
1101 2347 1244 2431 accipere
1266 2348 1318 2412 sed
1342 2371 1382 2413 ne
1404 2349 1489 2433 ligna

166 2443 312 2531 quidem3
333 2463 391 2508 nec
412 2450 539 2529 praeter
559 2449 708 2527 quattuor
729 2439 826 2504 lectos
849 2449 881 2504 et
902 2449 1016 2506 tectum
1033 2461 1223 2527 quemquam
1238 2443 1386 2528 accipere
1397 2441 1490 2530 quid·

163 2558 273 2624 quam;
305 2536 411 2603 multis
439 2536 516 2601 locis
547 2556 587 2598 ne
608 2543 724 2598 tectum
754 2532 899 2618 quidem,
929 2543 960 2597 et
986 2535 1017 2598 in
1041 2533 1242 2599 tabernaculo
1273 2557 1400 2600 manere
1423 2537 1489 2623 ple·

163 2652 307 2718 rumque.
357 2635 463 2715 ltaque
491 2626 707 2693 incredibilem
735 2627 767 2691 iu
795 2626 924 2692 modum
954 2648 1125 2693 concursus
1153 2628 1230 2694 liunt
1252 2651 1292 2694 ex
1314 2635 1415 2714 agris,
1449 2652 1489 2695 ex

164 2725 258 2797 vicis,
292 2744 332 2787 ex
361 2720 507 2786 domibus
535 2719 691 2787 omnibus.
749 2719 928 2785 Mehercule
961 2721 1054 2785 etiam
1085 2720 1220 2786 adventu
1243 2733 1351 2788 nostro
1374 2723 1491 2788 revivi-

127 2826 257 2882 ²³scunt
291 2816 421 2889 iustitia,
451 2813 654 2889 abstinentia,
685 2814 848 2879 clementia
881 2814 926 2879 tui
963 2814 1133 2880 Ciceronis.
1183 2821 1291 2903 ltaque
1322 2816 1489 2901 opiniones

165 2912 305 2976 omnium
327 2908 495 2995 superavit.
545 2911 576 2972 d.
599 2906 732 2992 Appius,
766 2916 802 2971 ut
823 2906 943 2971 audivit
964 2928 1021 2972 nos
1044 2909 1168 2982 venire,
1197 2910 1229 2973 in
1251 2911 1392 2975 ultimam
1415 2931 1490 2995 pro-

165 3005 297 3069 vinciam
320 3024 353 3067 se
375 3003 508 3067 coniecit
529 3006 660 3066 Tarsum
682 3022 797 3086 usque;
819 3000 863 3064 ibi
886 3000 992 3066 lorum
1008 3002 1080 3086 agit.
1124 3008 1170 3067 De
1193 3005 1307 3068 Partho
1330 3005 1489 3068 silentium

166 3107 227 3174 est;
260 3096 315 3162 sed
338 3108 440 3162 tamen
473 3095 614 3160 concisos
637 3094 757 3179 equites
785 3107 910 3159 nostros
932 3117 950 3159 a
972 3095 1115 3160 barbaris
1143 3097 1326 3167 nuntiabant
1360 3098 1396 3170 ii,
1435 3098 1490 3182 qui

166 3189 343 3256 veniebant.
386 3189 515 3255 Bibulus
543 3210 582 3254 ne
605 3188 761 3272 cogitabat
782 3190 909 3277 quidem
933 3191 1110 3255 etiamnunc
1132 3191 1163 3254 in
1185 3193 1378 3276 provinciam
1402 3215 1490 3257 suam

131 3283 327 3349 naccedere.
370 3282 405 3348 ld
426 3294 530 3348 autem
552 3282 655 3347 lacere
677 3281 719 3348 ob
743 3303 812 3347 eam
834 3305 958 3348 causam
982 3283 1141 3358 dicebant,
1166 3285 1249 3370 quod
1267 3287 1383 3352 tardius
1398 3288 1493 3353 vellet

166 3376 329 3443 decedere.
371 3382 433 3442 Nos
453 3377 486 3442 iu
508 3387 607 3442 castra
628 3375 892 3463 properabamus,
915 3398 996 3464 quae
1017 3376 1147 3442 aberant
1167 3377 1266 3444 bidui.

238 3608 263 3657 1.
282 3608 336 3656 ista
353 3621 408 3656 om.
430 3607 452 3655 l.
479 3632 512 3641 —·
548 3601 615 3669 cum]
636 3613 692 3655 tum
716 3607 737 3656 l.
766 3633 796 3641 —
836 3608 862 3657 2.
882 3615 949 3659 noto
965 3609 1030 3657 mibi
1047 3608 1069 3656 l.
1100 3633 1128 3643 -
1167 3609 1251 3657 Plura
1275 3610 1387 3658 scribam
1415 3612 1493 3660 tarda

167 3677 215 3726 tibi
230 3678 347 3726 redituro
366 3691 407 3740 pr.
426 3676 453 3726 Μ
473 3673 626 3737 (scribebam
643 3690 713 3725 corr.
735 3677 772 3727 M.
788 3701 817 3714 -
836 3679 942 3727 redditu
959 3678 995 3727 in·
1013 3678 1049 3736 Χ,
1067 3678 1172 3726 redditu
1189 3679 1227 3726 ire
1247 3692 1301 3740 mg.
1323 3680 1379 3738 Ml:
1409 3681 1493 3729 Plura

166 3746 307 3796 scribebam
325 3748 402 3795 tarde
419 3748 571 3802 reddituro,
600 3747 644 3794 sed
668 3746 698 3795 li.
735 3747 847 3801 (Sensus
868 3749 919 3797 hoc
937 3747 995 3797 lere
1014 3749 1148 3810 requirit:
1180 3747 1261 3797 Plura
1279 3752 1390 3800 scribam
1409 3752 1489 3800 olias.

168 3818 225 3867 Hae
241 3817 351 3866 sciebam
370 3817 444 3865 tarde
463 3815 511 3865 tibi
528 3816 661 3865 redditum
678 3816 716 3864 iri
727 3853 733 3871 .
755 3818 807 3866 sed.
828 3814 892 3889 Oq.)
915 3842 945 3853 -
962 3818 989 3867 d.
1008 3820 1191 3882 pennapistris
1211 3831 1251 3880 pr.
1272 3819 1309 3868 M.
1334 3845 1360 3856 -
1382 3821 1409 3869 5.
1428 3834 1490 3881 por·

168 3894 210 3937 tua
233 3894 259 3937 ct
287 3893 438 3936 nostrarum
464 3885 539 3935 Mul.
584 3882 616 3947 (li
635 3885 700 3934 Cod.
721 3886 801 3937 Tettii
820 3889 934 3938 correxit
954 3886 1108 3951 Graevius.)
1141 3914 1169 3923 -
1207 3889 1233 3938 9.
1253 3886 1346 3951 spatii]
1371 3893 1432 3952 pati
1451 3904 1492 3952 pr.

167 3957 203 4007 M.
226 3980 256 3992 -
293 3958 334 4006 11.
354 3957 497 4022 longiorem
515 3968 540 4004 aa
558 3955 677 4004 waroni
697 3957 733 4006 Μ.
764 3981 794 3992 -
832 3959 874 4007 tu.
894 3960 923 4006 in
939 3955 1081 4020 perditam]
1101 3959 1255 4021 impeditam
1274 3959 1296 4008 1.
1319 3983 1349 3994 -·
1386 3962 1416 4008 in
1431 3974 1495 4022 pcr-

163 4032 271 4090 pstuum
290 4040 343 4076 om·
366 4027 398 4075 n.
421 4050 450 4060 -
489 4026 532 4074 13.
550 4038 598 4073 noe
617 4027 743 4075 inuenisse
761 4026 811 4076 Ml.
835 4053 862 4064 -
902 4028 1025 4087 Sextiles,
1050 4040 1168 4080 moratos
1186 4053 1196 4063 ·
1215 4054 1226 4064 -
1245 4029 1377 4092 Synnade.
1413 4031 1494 4078 Andi-

165 4099 249 4146 oimur
267 4096 495 4146 Lueuemannus:
517 4094 637 4145 Sextiles.
675 4095 796 4145 Moratur
813 4122 824 4132 ·
841 4123 852 4133 ·
871 4095 1010 4160 Synnade,
1043 4101 1189 4149 audiuimus
1213 4098 1309 4149 Mlilli.
1330 4102 1365 4156 (et
1385 4100 1495 4149 totidem

166 4167 189 4216 1.
211 4189 241 4202 -
260 4166 375 4216 sinnada
394 4165 451 4226 lil.)
483 4190 515 4201 -
552 4166 595 4214 15.
615 4166 778 4227 epicepbalia
796 4166 834 4216 M.
864 4191 894 4201 ·-
932 4167 1003 4216 Onus
1020 4172 1135 4218 oannium
1155 4172 1193 4228 R,
1217 4182 1304 4218 omncs
1319 4173 1495 4231 possessiones

166 4227 319 4287 omniomi.
349 4262 378 4272 -
417 4236 459 4285 lb.
485 4237 600 4285 bominac
627 4235 663 4285 Μ.
694 4260 729 4269 -
768 4238 810 4286 17.
831 4240 937 4285 omnino
955 4251 997 4286 eoi
1015 4246 1126 4288 auctore
1146 4239 1297 4302 Malaspiua
1317 4239 1493 4288 Schuetziua:

167 4307 329 4356 omnimunoa
347 4307 383 4366 Y,
404 4308 519 4355 omnium
536 4318 583 4354 nos
599 4305 696 4354 MRlli.
725 4330 753 4340 -
791 4308 835 4356 21.
856 4313 971 4370 quatuor
988 4308 1025 4357 Μ.
1048 4333 1078 4344 -
1116 4311 1159 4359 22.
1179 4309 1317 4358 nechil.
1340 4335 1368 4345 -
1398 4310 1441 4358 94.
1463 4323 1496 4358 ee

165 4377 312 4425 nominibus
330 4391 363 4425 en
380 4375 497 4424 omnibus
515 4375 564 4434 M,
592 4389 624 4424 aa
640 4376 759 4425 domibus
777 4392 809 4426 ea
828 4377 946 4425 omnibus
965 4378 1004 4432 ll,
1030 4393 1063 4427 en
1080 4381 1198 4429 domibus
1217 4386 1241 4428 et
1260 4378 1378 4427 omnibus
1397 4381 1418 4427 1.
1450 4378 1496 4440 (Ut

168 4459 236 4505 uos,
256 4446 406 4505 Victorius3
426 4461 458 4496 aa
478 4446 580 4507 oppidis
599 4446 717 4494 omnibus
736 4447 855 4496 malebat
875 4447 1038 4497 uenantum
1060 4475 1087 4485 -
1114 4452 1149 4500 Et
1167 4448 1323 4508 matercula,
1342 4452 1397 4497 iam
1417 4448 1495 4498 Lam-

168 4516 258 4567 binus.
296 4515 349 4565 Ctr.
375 4517 452 4566 Hand
473 4516 551 4564 Tuas.
573 4515 621 4563 lll.
644 4530 669 4577 p.
690 4515 733 4564 61.
768 4543 796 4553 -
835 4519 995 4567 revivescunt
1015 4519 1052 4568 M.
1074 4543 1103 4554 -
1141 4520 1184 4568 25.
1206 4515 1256 4580 tui]
1276 4525 1323 4567 tua
1343 4533 1383 4581 pr.
1404 4517 1440 4566 M.
1464 4543 1493 4554 -

168 4583 356 4648 2'1.ibiquel.
388 4608 420 4621 -
456 4586 499 4634 29.
519 4600 550 4633 ne
568 4583 712 4647 cogitabat]
738 4587 893 4652 neqociabot
910 4585 976 4648 MR,
1001 4591 1178 4640 nuntiabatur
1205 4590 1226 4640 l.
1266 4589 1301 4639 Er
1322 4589 1361 4638 Pii
1382 4588 1495 4652 «priscis

171 4655 386 4718 exemplaribus»
405 4656 520 4707 correxit
537 4655 682 4705 Victorius.
