3256 5400
208 222 265 270 XVI

208 367 332 435 multos
352 384 469 433 rursus
490 383 533 433 ex
552 363 617 433 boc
630 383 707 432 esse
721 363 927 453 descriptos3
949 369 1002 452 et,
1023 364 1112 452 quod
1127 366 1230 455 longe
1245 366 1351 433 maius
1366 369 1436 445 est,
1456 369 1538 435 tuuc

210 469 337 538 demun
360 487 619 561 cognoscemus,
652 469 730 556 quid
752 468 938 537 petrarcha
957 472 1082 561 legerit
1102 472 1137 535 in
1159 460 1287 538 rasuris
1307 473 1434 558 aliquot
1455 470 1539 537 Me..

210 571 296 643 dicei
316 574 552 661 antiquissimi,
573 572 722 640 fortasse
744 573 918 641 ocoiucro
940 578 999 640 aut
1022 572 1189 640 Politieno
1212 574 1322 642 factis
1363 574 1404 641 Id
1426 578 1540 640 brnen

208 681 289 746 ante
311 679 419 745 omnia
440 676 618 745 tenendum
640 681 712 765 est,
736 694 953 763 quaecunque
975 672 1036 746 Cd.
1051 676 1125 744 Md.
1141 675 1205 743 IX.
1222 676 1325 743 habet
1346 695 1367 743 e
1389 677 1540 745 secunda

209 800 325 869 manu,
355 782 413 848 vel
433 784 646 849 necessarias
668 782 896 849 correctiones
917 799 993 848 esse
1013 780 1261 847 manifestorum
1285 800 1450 872 errorum,
1482 781 1539 848 vel

209 886 420 953 coniecturas
442 885 562 971 nonin
584 903 703 975 veras,
731 886 851 970 partim
873 883 997 970 falses,
1027 887 1218 971 neutiquam
1239 887 1354 951 varlas
1373 886 1539 952 lectiones

183 1029 185 1033 -
209 1006 253 1056 ex
280 992 346 1056 alio
373 987 491 1059 codice
520 989 666 1057 tortasse
693 989 881 1074 antiquiore
908 989 965 1056 vel
992 987 1148 1056 diversae
1169 990 1288 1056 saitem
1310 989 1451 1076 originis
1473 988 1539 1056 de-

208 1096 397 1179 promptam
428 1091 463 1159 id
491 1091 581 1179 quod
609 1093 642 1157 in
664 1092 807 1182 singulis
827 1090 1168 1160 ieclle·demonstrari
1189 1095 1307 1180 posset
1327 1093 1371 1160 ab
1394 1111 1454 1182 eo,
1484 1095 1540 1161 cui

209 1196 358 1265 codicem
379 1197 487 1284 ipsum
508 1197 615 1266 oculis
636 1213 799 1283 usurpare
818 1212 860 1264 aa
883 1193 1063 1287 diligenter
1092 1197 1201 1264 omnia
1221 1198 1431 1287 investigere
1451 1215 1539 1266 con.

209 1316 340 1370 cessum
362 1304 465 1369 emet.

292 1406 365 1472 lom
387 1404 421 1471 id
441 1404 541 1473 velim
554 1402 728 1489 attendas,
751 1421 866 1471 omnes
882 1422 1022 1490 prorsus
1035 1399 1135 1495 cdd,
1159 1423 1295 1491 quorum
1310 1407 1407 1472 actas
1421 1423 1443 1472 a
1456 1406 1540 1471 viris

209 1508 307 1577 huius
329 1511 413 1576 artis
432 1507 681 1596 diplomaticae
704 1509 840 1597 peritis,
861 1509 1050 1576 accuratius
1072 1513 1126 1576 est
1148 1507 1303 1596 definita,
1324 1527 1401 1576 esse
1422 1503 1540 1576 Seeruli

209 1616 266 1681 vel
288 1612 384 1680 XIV.
404 1613 461 1679 vel
489 1612 682 1699 plerumque
712 1609 809 1696 XV„
841 1612 938 1678 trium
967 1613 1071 1702 igitur
1097 1613 1285 1681 seculorum
1312 1613 1492 1680 intervallo
1518 1631 1542 1679 a

209 1715 368 1786 Mediceo
396 1718 583 1803 separatos.
626 1715 734 1782 Huius
754 1717 890 1804 generis
911 1735 974 1802 pro
996 1718 1091 1783 certo
1112 1717 1193 1783 novi
1215 1734 1330 1784 omnes
1351 1713 1435 1783 Cdd.
1454 1717 1540 1782 lilo-

210 1822 363 1889 rentinos
389 1821 525 1904 praeter
553 1822 702 1885 nostrum
733 1809 790 1899 (v.
807 1812 1065 1904 Barrdtntum),
1098 1819 1342 1887 Ambrosinnos
1369 1810 1425 1900 (v.
1447 1818 1542 1887 Mati

213 1919 286 1992 cac.
306 1914 507 2011 Artabron),
531 1923 802 1989 Panormitanum
823 1926 859 1988 et
876 1921 1154 2011 Agrigentinum,
1175 1927 1264 1991 teste
1286 1925 1392 1990 emico
1414 1922 1541 1991 Goett·

209 2028 334 2117 lingio;
370 2025 573 2112 Rosaianos,
604 2028 746 2093 alterurn
768 2024 809 2093 N.
830 2022 1008 2112 cxxix„
1041 2027 1180 2093 alterum
1202 2026 1541 2113 mollimentum

208 2151 273 2216 pro
303 2127 538 2198 Serereteetmo
568 2136 604 2196 ct
629 2131 921 2199 cacellcrottaetmo
949 2127 1079 2196 Ducalt
1100 2128 1250 2196 Domtao
1271 2120 1368 2211 (sic)
1397 2128 1541 2199 Veneto.

209 2234 268 2303 dte
290 2231 346 2302 18
370 2237 499 2301 meuc
525 2231 743 2320 septenam
773 2232 897 2303 1423.
929 2231 1144 2300 Dresdenses
1164 2237 1199 2298 et
1220 2231 1542 2319 Gueipherbytnnos

211 2328 268 2418 (r.
293 2335 422 2405 Ebcrtt
448 2340 628 2427 atltaaqoa
655 2334 898 2404 Bibliothecae
923 2328 1145 2426 cataloqos),
1174 2335 1462 2404 vratislavienaes
1483 2328 1539 2419 (r.

213 2431 485 2527 Wacltlcmm),
516 2435 690 2509 circensem
714 2431 772 2520 (v.
788 2431 979 2527 Dacicae),
1012 2439 1255 2526 taurinenses,
1288 2439 1418 2530 Regios
1437 2439 1540 2507 Pori·

209 2545 357 2629 aienses,
376 2543 467 2610 teste
488 2561 560 2609 meo
583 2544 707 2625 amico,
729 2537 852 2610 carolo
873 2541 1060 2610 Benedicto
1082 2543 1180 2610 Hnsn
1200 2543 1242 2609 V.
1262 2540 1329 2630 qu
1360 2543 1539 2612 Buslleeu-

210 2665 281 2715 sem
312 2646 597 2716 membranaceum
629 2650 664 2712 et
693 2641 732 2714 S.
760 2646 965 2744 Gallemem
983 2663 1152 2735 mancum,
1183 2646 1413 2735 chartaceum,
1443 2664 1539 2734 quem

210 2753 386 2836 utrunque
406 2751 481 2836 ipse
502 2749 707 2834 examinavi3
728 2747 814 2817 idem
835 2748 878 2815 de
895 2748 1121 2834 Manutianis,
1140 2747 1405 2837 Gebhardionls,
1427 2750 1540 2820 Gree-

210 2855 336 2930 vlenis,
356 2849 572 2936 meniana,
593 2851 833 2945 Torgnqiensi,
856 2848 1159 2921 oxoniensibusac
1174 2857 1230 2922 vel
1252 2856 1326 2939 ipso
1348 2854 1541 2921 liriortensi

211 2977 309 3027 nemo
324 2974 452 3047 negare
466 2955 612 3023 audebit.
655 2952 796 3023 Omnino
811 2959 939 3043 eutem,
961 2974 1006 3022 ex
1028 2976 1092 3043 quo
1115 2956 1198 3025 cdd
1219 2959 1402 3045 antiquitas
1423 2958 1542 3024 meiius

212 3059 385 3130 diiudicari
408 3062 531 3146 coepte
553 3061 624 3146 est,
645 3077 742 3126 nemo
763 3059 873 3126 adhuc
893 3062 1035 3127 exortus
1057 3079 1133 3128 esse
1151 3060 1302 3147 videtur,
1330 3064 1389 3148 qui
1409 3063 1541 3151 gloria·

210 3170 306 3235 retur
334 3184 356 3231 a
386 3182 424 3232 se
455 3166 634 3231 tractatum
668 3182 745 3231 ease
775 3158 837 3232 (id.
859 3164 1080 3251 antiquiorem
1112 3166 1225 3232 seculo
1258 3163 1370 3255 x1v.,
1405 3168 1542 3251 praeter

211 3269 410 3354 Vicianum,
431 3270 486 3337 cui
506 3266 619 3336 aditus
640 3268 779 3354 petebam
800 3266 843 3335 ad
864 3268 971 3354 ipsum
992 3266 1193 3336 Mediceum.
1235 3267 1285 3335 At
1306 3286 1390 3336 vero
1408 3267 1453 3336 ad
1468 3268 1542 3334 Vn-

211 3376 357 3442 ticanom
378 3371 611 3440 bibliothecam
633 3389 684 3439 me
705 3371 946 3457 emandabnnt3
969 3370 1085 3438 audio:
1106 3371 1168 3439 sed
1190 3372 1279 3438 illum
1301 3373 1418 3440 saltem
1440 3365 1543 3437 Vati-

212 3497 348 3565 canum,
380 3477 475 3544 cuius
496 3479 659 3562 excerpta
681 3475 854 3541 dumtaxat
875 3474 1035 3541 habemus
1054 3474 1146 3560 apud
1169 3474 1399 3562 Gebhardum,
1432 3477 1542 3543 inter-

212 3583 336 3669 polatis
364 3581 448 3663 illis,
480 3580 536 3665 qui
565 3578 772 3664 deceperunt
799 3576 986 3644 iamdudum
1014 3579 1203 3646 criticorum
1234 3579 1413 3665 plerosque
1440 3583 1542 3666 atque

200 3687 402 3755 ¹etiamnunc
424 3681 610 3769 decipiunt,
630 3681 911 3764 adnumerandum
927 3699 1003 3748 esse
1021 3683 1085 3748 iam
1108 3681 1193 3747 vidit
1214 3685 1424 3750 acutissimus
1445 3683 1543 3749 Ben-

212 3791 323 3881 geiius
344 3805 524 3873 veramque
546 3787 620 3853 eius
636 3787 835 3853 sententium
850 3786 1000 3871 pluribus
1015 3785 1099 3852 locis
1113 3784 1321 3852 confirmavit
1335 3786 1543 3854 Benedictus

214 3886 361 3979 (Pracs.
382 3911 416 3980 p.
429 3888 513 3958 XX
517 3883 590 3973 Κ).
630 3887 814 3977 Utrumque
828 3893 939 3956 autem
954 3890 1139 3957 rectissime
1156 3888 1339 3974 iudicasse,
1361 3893 1460 3957 testis
1476 3910 1542 3980 ego

214 4014 345 4086 quoque
366 3994 438 4064 sum
457 3996 688 4081 incorruptus,
710 4012 751 4061 eo
773 3995 879 4084 magis
901 3995 1015 4079 etiam,
1037 3992 1145 4080 quod,
1167 4011 1250 4060 vere
1272 3992 1397 4079 dicam,
1418 4012 1543 4079 spera-

93 4128 95 4137 *
213 4098 290 4171 bam
311 4100 401 4183 lore,
421 4101 459 4165 ut
480 4101 619 4186 propter
640 4099 746 4185 ipsum
768 4096 857 4165 hunc
878 4094 938 4165 Cd.
956 4100 990 4163 in
1012 4101 1078 4164 tam
1099 4098 1222 4163 illustri
1243 4096 1456 4165 Bibliotheca
1477 4111 1541 4163 cu.

214 4197 391 4290 studitum,
412 4203 542 4288 opinio,
564 4217 660 4288 quam
681 4203 790 4268 animo
812 4217 1049 4288 conceperam,
1070 4200 1204 4267 tandem
1228 4199 1427 4287 deponendo
1440 4206 1543 4266 esset.

215 4304 288 4379 seu
308 4308 391 4375 vicit
411 4307 549 4373 veritas.
590 4304 723 4372 Etenim
744 4305 943 4373 Vaticanum
964 4321 983 4372 e
1004 4303 1164 4371 Mediceo
1179 4302 1317 4371 duxisse
1332 4323 1454 4396 magno
1468 4320 1543 4370 cum

216 4412 293 4485 aliis
313 4412 511 4501 argumento
533 4409 585 4477 est
604 4406 683 4476 Lib.
704 4407 739 4476 1.
760 4406 831 4497 Ep.
846 4405 883 4476 7.
905 4396 1014 4496 M,
1038 4408 1094 4476 ubl
1115 4409 1146 4474 is
1167 4426 1299 4494 quoque
1319 4407 1422 4476 hebet
1444 4405 1543 4472 laudi

217 4516 448 4605 motique
474 4511 643 4603 etramqm
674 4512 765 4602 quod
793 4513 909 4579 uideo:
942 4517 1104 4580 euaratus
1130 4514 1186 4578 est
1211 4511 1333 4602 igitur,
1364 4513 1542 4596 antequam

216 4619 304 4688 maia
324 4634 441 4684 manus
460 4617 496 4682 in
517 4632 636 4682 rasura
656 4613 751 4682 Med.
771 4619 947 4681 exorasset
967 4636 1000 4681 r.
1013 4613 1221 4704 praefuisti,
1243 4615 1300 4681 vei
1320 4630 1365 4680 ex
1389 4614 1456 4680 alio
1477 4612 1541 4680 dc-

219 4722 382 4809 scriptus,
402 4720 458 4811 qui
479 4737 551 4787 eam
571 4734 721 4785 rasuram
742 4717 887 4784 nondum
902 4719 1070 4803 expletum
1091 4721 1126 4783 in
1146 4714 1241 4784 Med.
1261 4717 1461 4807 invenisset,
1483 4716 1541 4783 vel

178 4848 181 4859 ·
220 4827 375 4896 consulto
396 4827 439 4894 ab
460 4826 532 4893 eius
553 4825 719 4910 scriptore
740 4822 897 4913 neglecte
918 4826 970 4889 est
989 4824 1171 4906 correctio,
1193 4824 1230 4887 ut
1244 4820 1326 4890 iecit
1341 4825 1376 4889 in
1391 4821 1541 4893 omnibus
