3256 5400
173 236 215 299 70
603 232 878 299 EPISTOLARUM
899 235 952 297 ΑΙ)
972 234 1064 298 Fau.

174 403 209 458 ut
229 393 277 457 rei
295 391 437 478 publicae
459 391 611 466 donares,
633 401 664 456 te
687 391 803 468 vicisti3
824 391 942 457 alienas
963 402 999 457 ut
1022 399 1132 456 contra
1152 412 1219 457 rem
1241 389 1399 478 publicam
1419 407 1493 454 oon·

175 486 298 558 firmes,
321 486 507 552 adduceris?
545 485 667 564 Quodsi
700 486 777 551 mihi
808 495 861 551 tua
885 486 1047 551 clementia
1069 506 1163 571 opem
1185 485 1314 561 tuleris,
1347 483 1495 550 omnibus

175 583 206 646 in
228 580 323 645 rebus
343 601 394 644 rne
424 579 494 644 fore
521 581 554 645 in
583 589 635 645 tua
656 587 809 666 potestate
833 577 891 645 tihi
913 578 1080 658 confirmo;
1103 579 1152 645 sin
1170 579 1246 644 milri
1270 599 1373 667 neque
1397 578 1496 664 magi

175 686 304 741 stratum
326 695 429 761 neque
452 685 593 740 senatum
614 695 717 761 neque
736 675 887 760 populum
909 674 1054 740 auxiliari
1071 684 1202 760 propter
1223 694 1293 738 mm
1313 673 1393 749 vim,
1415 694 1496 761 quae

150 791 226 837 ame
249 789 320 834 cum
342 790 378 834 re
400 766 525 854 publica
546 768 638 842 vicit,
670 767 810 842 licuerit,
840 768 931 843 vide,
964 790 1022 843 ne,
1051 790 1123 834 cum
1144 769 1222 835 velis
1243 771 1397 833 revocare
1417 777 1495 834 tem·

175 885 234 950 pus
255 863 395 928 omnium
415 862 696 934 reservandorum,
719 882 804 936 cum,
827 863 882 950 qui
904 871 1064 941 servetur,
1086 883 1151 928 nou
1171 862 1247 937 erit,
1276 882 1340 928 non
1360 861 1475 948 possis.

664 1024 693 1085 ν.
738 1021 787 1104 (A.
813 1022 846 1086 e.
868 1025 901 1087 e.
923 1019 1008 1104 oss.)

439 1149 479 1209 n.
503 1145 646 1210 crosno
669 1146 701 1207 s.
723 1147 761 1208 n.
783 1146 817 1208 e.
838 1145 1014 1209 anronro
1036 1148 1077 1210 n.
1098 1149 1132 1211 r.
1155 1147 1234 1210 nen

264 1270 291 1330 l.
324 1265 389 1331 Etsi
416 1274 584 1330 statueram
612 1263 712 1328 nullas
745 1263 784 1328 ad
817 1274 847 1328 te
875 1264 994 1329 litteras
1024 1265 1148 1331 mittere
1178 1266 1238 1331 nisi
1275 1264 1496 1332 commendati-

141 1363 302 1432 rocias-
325 1382 472 1447 nonque
499 1381 552 1424 eas
579 1358 786 1443 intelligerem
813 1364 887 1424 satis
908 1359 990 1446 apud
1014 1368 1044 1425 te
1061 1361 1181 1434 valere,
1218 1361 1273 1427 sed
1291 1359 1408 1433 neiis,
1443 1356 1498 1445 qul

177 1479 226 1521 me
250 1465 410 1540 rogarent,
443 1453 561 1540 aliquid
590 1452 629 1517 de
662 1460 770 1517 nostra
797 1452 1016 1519 coniunctione
1041 1453 1239 1521 imminutum
1261 1476 1330 1521 esse
1354 1450 1497 1519 ostende·

177 1573 244 1615 rern
267 1583 324 1620 -·,
349 1557 467 1622 tamen,
501 1568 571 1612 eum
594 1552 628 1611 T.
648 1546 855 1632 Pomponius,
879 1547 975 1612 lromo
997 1548 1138 1613 omnium
1163 1571 1306 1616 meorum
1327 1549 1359 1614 in
1377 1556 1409 1613 te
1435 1556 1500 1611 sto-

177 1644 302 1710 diorum
327 1651 358 1705 et
381 1640 558 1706 officiorum
581 1642 716 1705 maxime
743 1639 903 1713 conscius,
940 1640 986 1706 tui
1015 1641 1165 1728 cupidus,
1197 1644 1297 1709 nostri
1326 1639 1500 1708 amantissi-

178 1759 263 1812 mus,
287 1736 325 1800 ad
347 1746 377 1800 te
401 1734 670 1821 proficisceretur,
705 1732 823 1820 aliquid
842 1731 919 1798 mihi
942 1733 1143 1801 scribendum
1164 1738 1291 1823 putavi,
1313 1733 1499 1823 praesertim

145 1853 250 1900 escum
278 1831 368 1895 aliter
393 1829 451 1915 ipsi
485 1828 660 1915 Pomponio
687 1827 864 1893 satisfacere
891 1848 955 1892 non
987 1848 1123 1914 possem.
1176 1834 1208 1896 2.
1230 1835 1298 1917 Ego
1329 1832 1355 1897 si
1384 1829 1441 1896 abs
1469 1838 1500 1894 te

179 1945 299 1990 summa
317 1922 418 1987 officia
439 1921 629 1994 desiderem,
652 1921 769 1987 mirum
796 1920 912 1986 nemini
938 1921 1039 1988 videri
1059 1921 1180 1989 debeat.
1238 1925 1351 1991 Omnia
1376 1924 1500 1990 enima

180 2041 230 2082 me
247 2019 279 2082 in
307 2028 337 2082 te
363 2015 503 2104 profecta
523 2026 608 2089 sunt,
631 2036 712 2103 quae
734 2014 773 2080 ad
792 2025 881 2080 tuum
908 2016 1125 2092 commodum.
1153 2039 1235 2105 quae
1260 2018 1299 2084 ad
1328 2018 1499 2093 honorem,

180 2133 260 2198 quae
286 2111 325 2175 ad
346 2110 527 2195 dignitatem
553 2109 756 2195 pertinerent.
805 2113 867 2174 Pro
888 2108 937 2174 lris
960 2109 1054 2176 rebus
1079 2110 1195 2176 nullam
1216 2111 1294 2177 mihi
1315 2111 1421 2178 abste
1451 2133 1501 2177 re-

180 2207 273 2271 latam
291 2227 360 2269 esse
379 2205 526 2289 gratiam,
564 2213 653 2269 tues
675 2203 811 2289 optimus
831 2203 937 2281 testis3
968 2213 1076 2269 eontra
1100 2204 1194 2270 etiam
1216 2226 1284 2270 esse
1304 2205 1422 2293 aliquid
1446 2204 1501 2271 ahs

142 2326 171 2370 so
182 2312 211 2364 te
230 2299 405 2385 profectum
423 2320 464 2363 ex
480 2298 585 2363 multis
603 2297 719 2363 audivi.
761 2302 839 2362 Nam
852 2298 1095 2383 „comperisse”
1117 2319 1169 2364 me
1186 2320 1249 2364 non
1264 2300 1367 2365 audeo
1386 2299 1501 2374 dicere,

181 2417 219 2462 ne
242 2392 323 2458 forte
340 2392 373 2457 id
392 2392 497 2478 ipsum
517 2390 650 2457 verbum
666 2411 798 2476 ponam,
821 2388 907 2477 quod
926 2389 982 2457 abs
1002 2399 1033 2456 te
1055 2391 1142 2458 aiunt
1161 2391 1240 2458 falso
1269 2393 1303 2459 in
1332 2414 1383 2460 me
1398 2393 1502 2458 solere

180 2487 327 2555 conferri.
384 2486 447 2552 Sed
471 2506 523 2561 ea,
553 2507 634 2572 quae
653 2485 693 2550 ad
712 2505 763 2549 me
785 2483 886 2550 delata
909 2495 996 2559 sunt,
1019 2485 1150 2551 malote
1176 2507 1217 2551 ex
1236 2487 1428 2572 Pomponio,
1452 2484 1503 2550 cui

181 2605 244 2649 non
265 2582 368 2646 minus
390 2580 522 2645 molesta
547 2579 691 2655 fuerunt,
725 2599 820 2664 quam
846 2600 886 2643 ex
919 2578 999 2645 meis
1023 2579 1135 2645 litteris
1158 2600 1361 2664 cognoscere.
1414 2585 1504 2647 Meus

181 2679 214 2744 in
236 2686 265 2741 te
290 2675 412 2739 animus
435 2695 529 2761 quam
547 2673 697 2758 singulari
715 2671 819 2738 officio
839 2671 951 2748 fuerit,
974 2681 1006 2737 et
1026 2682 1151 2739 senatus
1175 2682 1206 2739 et
1231 2675 1366 2761 populus
1390 2680 1505 2741 Roma·

143 2792 240 2838 arnus
262 2768 349 2833 testis
369 2777 430 2845 est;
464 2776 498 2832 tu
525 2788 618 2853 mam
643 2774 750 2851 gratus
774 2785 849 2850 erga
868 2786 919 2830 me
940 2764 1055 2839 fueris,
1092 2767 1160 2853 ipse
1187 2767 1369 2834 existimare
1393 2777 1503 2855 potes;

181 2875 330 2953 quantum
354 2861 431 2926 milri
453 2859 583 2933 debeas,
615 2861 712 2927 ceteri
735 2859 922 2925 existimant.
976 2864 1005 2924 3.
1028 2864 1095 2944 Ego
1113 2882 1194 2947 quae
1218 2872 1272 2927 tua
1296 2884 1389 2928 causa
1413 2871 1504 2928 antea

180 2960 255 3034 feei,
292 2956 450 3024 voluntate
480 2976 549 3020 sum
575 2954 727 3021 adductus
748 2963 919 3040 posteaque
940 2955 1121 3021 constantia.
1166 2954 1228 3022 Sed
1259 2957 1397 3045 reliqua,
1427 2954 1506 3021 milri

180 3054 288 3128 crede,
311 3051 409 3116 multo
436 3049 538 3114 maius
566 3071 672 3114 mcum
696 3046 833 3113 studium
858 3047 1073 3135 maioremque
1101 3050 1286 3134 gravitatem
1309 3061 1341 3117 et
1360 3050 1504 3118 laborem

181 3147 369 3214 desiderant.
423 3147 512 3223 Quae
535 3164 594 3228 ego
619 3144 646 3209 si
666 3163 729 3208 non
754 3139 947 3226 profundere
968 3162 1004 3205 ac
1026 3142 1161 3227 perdere
1183 3143 1336 3220 videbor,
1358 3143 1505 3211 omnibns

144 3242 259 3307 semeis
291 3238 411 3304 viribus
440 3236 621 3316 sustineb0;
658 3237 707 3302 sin
735 3245 841 3302 autem
862 3236 984 3321 ingrata
1008 3258 1076 3301 esse
1103 3238 1250 3313 sentiam,
1273 3259 1336 3303 non
1362 3236 1507 3304 commit·

181 3349 260 3407 tam.
297 3344 331 3398 ut
351 3331 408 3397 tibi
430 3332 497 3417 ipse
517 3330 654 3397 insanire
671 3330 791 3396 videar.
847 3335 893 3396 Ea
915 3352 995 3416 quae
1018 3330 1079 3396 sint
1102 3341 1134 3397 et
1161 3331 1353 3407 cuiusmodi,
1385 3330 1505 3416 poteris

182 3453 222 3495 ex
239 3425 414 3512 Pomponio
436 3445 637 3509 cognoscere.
680 3430 780 3510 Atque
798 3425 902 3512 ipsum
926 3424 982 3490 tibi
1001 3426 1209 3512 Pomponium
1235 3426 1278 3490 ita
1300 3424 1504 3497 commendo,

181 3532 232 3595 ut,
255 3540 445 3608 quamquam
462 3518 560 3605 ipsius
578 3538 672 3583 causa
689 3516 813 3584 conlido
837 3530 868 3584 te
889 3518 1044 3584 facturum
1066 3541 1135 3584 esse
1162 3520 1283 3595 omnia,
1317 3529 1422 3585 tamen
1450 3517 1505 3584 ahs

183 3623 212 3678 to
236 3615 295 3679 hor
316 3623 436 3698 petam,
472 3622 519 3686 ut,
554 3611 580 3676 si
607 3609 684 3697 quid
704 3610 737 3674 in
759 3622 789 3676 te
812 3612 932 3677 residet
953 3613 1069 3678 amoris
1101 3632 1176 3698 erga
1200 3634 1268 3686 me,
1302 3611 1448 3677 idemne
1473 3612 1506 3678 in

144 3730 171 3771 aa
182 3707 346 3794 Pomponii
369 3706 495 3791 negotio
518 3704 673 3770 ostendas.
716 3709 785 3770 lloc
807 3704 884 3769 mihi
904 3705 981 3769 nihil
1001 3707 1119 3790 gratius
1133 3706 1237 3772 facere
1255 3715 1355 3793 potes.

665 3866 712 3928 νι.
756 3863 804 3947 (n.
830 3868 862 3930 u.
885 3869 917 3929 c.
940 3868 1025 3948 osa.)

447 3983 488 4044 n.
511 3979 654 4044 crosno
677 3979 709 4041 s,
731 3981 768 4041 n.
790 3980 823 4040 e.
846 3979 984 4041 sasrro
1007 3980 1040 4041 ι..
1062 3982 1095 4044 r.
1119 3979 1231 4043 enoc.

270 4108 297 4167 1.
329 4107 404 4167 Cum
429 4100 467 4164 ad
496 4121 547 4165 me
575 4100 706 4174 decius,
736 4097 866 4163 libertus
884 4108 976 4169 tuus,
1011 4097 1146 4162 venisset
1168 4098 1346 4188 egissetque
1368 4121 1507 4177 mecum,

182 4207 217 4262 nt
236 4218 365 4282 operam
387 4195 515 4268 darem,
552 4216 590 4259 ne
614 4192 670 4258 tihi
690 4193 750 4257 hoc
774 4201 917 4277 tempore
942 4190 1177 4265 succederetur,
1208 4213 1397 4280 quamquam
1418 4192 1506 4260 illum

143 4291 340 4355 nmnninen
357 4289 440 4372 frugi
462 4299 492 4353 et
512 4286 569 4353 tihi
591 4287 725 4352 anticum
746 4285 980 4359 existimabam,
1004 4295 1124 4361 menen,
1146 4286 1232 4372 quod
1247 4287 1399 4352 memoria
1420 4296 1509 4353 tene·

183 4383 269 4458 barri,
292 4383 466 4448 cuiusmodi
489 4383 528 4447 ad
556 4405 605 4447 me
627 4382 746 4446 litteras
762 4390 852 4445 antea
874 4380 1029 4453 misisses,
1067 4400 1129 4445 non
1152 4379 1226 4444 satis
1245 4379 1365 4445 credidi
1389 4377 1509 4447 homini

251 4601 447 4665 81ιή11181.
482 4627 512 4636 -
549 4602 722 4664 magistratus
749 4613 764 4649 e
793 4600 871 4649 codd.
903 4599 1153 4662 Metisci-Lagona.
1187 4621 1216 4631 -
1254 4598 1298 4650 18.
1325 4601 1394 4648 enlm
1413 4632 1421 4649 .
1441 4633 1450 4650 .
1468 4612 1509 4651 nnc

183 4677 281 4733 (littera
306 4674 395 4730 erasa)
423 4672 459 4722 Μ.
491 4698 519 4708 -
559 4671 603 4720 18.
632 4672 671 4720 his
690 4670 734 4721 nl:
754 4672 787 4719 tie
806 4670 836 4719 ll.
870 4694 898 4705 —
937 4670 982 4719 21.
1011 4665 1089 4732 salso]
1108 4668 1175 4718 selec
1194 4668 1445 4732 flengni-Lagona.
1475 4690 1509 4706 -

181 4746 224 4794 26.
246 4747 391 4793 calstiment
411 4743 442 4791 N.
478 4766 507 4776 -
543 4741 588 4790 88.
607 4741 699 4802 meum]
719 4754 816 4789 monem
835 4739 872 4789 Μ.
893 4764 920 4774 -
960 4740 1003 4789 ⁶29.
1023 4740 1152 4788 desierant
1168 4738 1206 4788 nl.
1240 4764 1271 4772 -
1307 4739 1351 4788 31.
1370 4740 1423 4802 ipsi
1439 4738 1506 4790 coo.

183 4816 339 4864 lteealcatns
359 4813 428 4876 apud
450 4811 640 4861 Bentlvolium.
674 4835 704 4846 -
742 4811 784 4860 37.
806 4809 889 4858 Sestio
908 4809 952 4857 nl:
980 4808 1068 4859 Sextio
1088 4809 1119 4859 ll.
1142 4833 1171 4844 -
1208 4808 1252 4859 88.
1272 4809 1457 4860 ficmentum
1475 4821 1507 4859 cx

181 4887 290 4948 antiqua
311 4884 465 4934 coniectura
490 4882 746 4945 Mantuani-laguna:
766 4881 892 4930 Mercrius
910 4878 970 4928 llll.
