3256 5400
550 240 626 302 tls.
645 240 685 302 ΙΙ.
725 239 784 303 ΕΡ.
807 239 857 302 10.
881 239 931 302 11.
955 241 1005 303 11.
1373 246 1433 307 lll

118 398 240 483 plenam
270 394 412 460 omnium
437 414 501 459 non
527 393 623 460 modo
650 405 792 461 actorum
819 394 875 460 sed
903 394 997 460 etiam
1026 395 1210 481 opinionum
1231 407 1370 475 tuarum,
1399 420 1436 466 ac

118 491 217 565 diem,
239 509 302 576 quo
323 494 422 555 Roma
442 493 486 554 sis
506 493 663 563 exiturus,
690 509 766 554 cura
787 497 823 554 ut
842 487 947 553 sciam.
990 492 1023 554 1.
1043 493 1106 554 Nos
1127 490 1159 554 in
1180 492 1346 558 Formiano
1367 513 1436 560 esse

119 585 263 649 volumus
283 603 383 670 usque
404 581 444 647 ad
465 581 546 668 prid.
567 586 670 648 Nonas
690 582 763 648 Mai.
804 586 851 647 Eo
872 581 900 646 si
921 591 992 647 ante
1014 603 1083 648 eam
1105 582 1189 648 diem
1210 605 1273 650 non
1294 587 1435 663 veneris,

118 683 234 743 Romae
256 685 287 742 le
307 676 440 742 fortasse
461 674 586 742 videbo.
628 681 705 741 Nam
725 674 877 762 Arpinum
898 676 975 764 quid
995 696 1055 761 ego
1077 686 1107 741 te
1128 677 1277 743 invitem?

285 820 419 900 Τρηχεῖ
429 867 436 892 ,
459 819 531 883 ἀλλ’
555 818 666 900 ἀγαθή
689 817 923 903 κουροτρόφος.
945 815 1016 883 οὔτι
1039 816 1139 899 ἔγωγε
1446 846 1460 881 a

280 912 345 988 Ἦς
367 924 460 995 γαίης
481 910 625 995 δύναμαι
647 911 884 998 γλυκερώτερον
905 911 989 976 ἄλλο
1011 915 1149 976 ἰδέσθαι.

118 1053 202 1117 llaec
221 1050 332 1137 igitur,
355 1059 387 1116 et
407 1070 483 1116 cura
503 1059 539 1116 nt
559 1049 671 1116 valeas.

576 1192 648 1255 ru.
690 1192 742 1268 (A.
771 1191 803 1256 ο.
827 1193 859 1256 ο.
881 1192 977 1271 aaa.)

598 1313 740 1378 CICERO
762 1313 906 1377 ATTICO
929 1314 961 1376 S.

204 1429 233 1490 1.
255 1429 374 1509 Negent
399 1422 446 1489 illi
471 1421 616 1488 Publium
646 1421 804 1508 plebeium
831 1421 946 1487 lactum
972 1426 1065 1488 essel
1108 1427 1176 1490 lloc
1202 1446 1280 1493 vero
1307 1451 1475 1514 regnumne

119 1528 166 1585 est
193 1528 226 1583 el
250 1516 329 1583 ferri
350 1516 437 1582 nullo
465 1526 556 1602 pacto
576 1526 689 1602 polest.
739 1517 866 1583 Emittat
886 1515 926 1580 nd
947 1536 998 1580 me
1018 1516 1160 1592 Publius,
1182 1519 1236 1607 qni
1258 1519 1438 1607 obsignant:

118 1611 231 1677 iurabo
241 1614 378 1677 Cnueum
399 1619 550 1684 nostrum,
574 1610 725 1694 collegam
740 1609 839 1683 Balbi,
860 1609 944 1674 antii
964 1608 1040 1673 mibi
1062 1631 1205 1676 narrasse
1226 1635 1260 1678 se
1281 1616 1314 1679 in
1335 1615 1441 1701 auspi·

117 1706 168 1770 cio
195 1704 301 1770 luisse.
350 1705 377 1768 0
399 1723 511 1768 suaves
533 1702 680 1787 epistolas
701 1712 770 1768 tuas
792 1723 862 1768 nno.
877 1711 1019 1788 tempore
1040 1703 1116 1768 mibi
1138 1704 1224 1770 datas
1245 1705 1337 1773 duasl
1371 1708 1440 1794 qui·

117 1797 177 1863 bus
190 1801 364 1881 mappalia
378 1817 458 1882 quae
478 1795 626 1868 reddam,
649 1796 772 1874 nescio;
795 1795 904 1861 deberi
926 1795 1052 1883 quidem
1073 1797 1164 1883 plane
1178 1798 1289 1866 fateor.
1331 1806 1361 1867 1.
1377 1800 1440 1867 Sed

117 1892 191 1958 vide
220 1893 420 1977 συγκύρημα.
478 1894 676 1955 Emerseram
702 1889 868 1956 commode
898 1912 939 1955 ex
960 1890 1075 1955 sudati
1103 1891 1136 1956 in
1157 1894 1288 1978 Appiam
1309 1893 1348 1959 ad
1369 1894 1439 1961 Tris
1451 1914 1476 1955 u

118 1984 295 2059 Tabernas,
330 1985 407 2071 ipsis
436 1983 630 2057 Cerialibus,
662 2004 734 2049 cum
762 1984 795 2048 in
823 2006 874 2050 me
901 1985 1036 2049 incurrit
1062 1990 1161 2051 boma
1188 1987 1317 2052 veniens
1345 1988 1441 2054 Curio

118 2100 217 2145 meus.
269 2077 390 2144 ibidem
418 2079 503 2144 illico
530 2097 611 2163 puer
637 2076 693 2143 abs
721 2087 752 2142 te
783 2097 855 2143 cum
883 2077 1032 2163 epistolis.
1089 2079 1145 2144 llle
1165 2101 1205 2144 ex
1228 2101 1293 2157 ma,
1322 2081 1441 2146 nihilne

118 2173 273 2239 audissem
301 2172 390 2237 novi:
420 2191 481 2256 ego
506 2190 631 2255 negare.
685 2169 859 2246 „Publius,
891 2170 1006 2258 inquit,
1040 2171 1231 2238 tribunatum
1262 2175 1304 2259 pl.
1330 2174 1441 2260 petit'’

120 2266 205 2344 Quid
226 2267 293 2330 ais?
331 2268 396 2340 „Et
417 2263 649 2330 inimicissimus
670 2263 797 2351 quidem
819 2264 976 2339 Caesaris,
998 2273 1029 2329 et
1050 2274 1085 2329 ut
1105 2267 1225 2340 omnia,
1247 2267 1361 2355 inquit,
1382 2269 1441 2333 isla

119 2359 311 2426 rescindat”
355 2358 438 2436 Quid
467 2362 601 2424 Caesari
634 2358 772 2443 inquam.
815 2362 940 2443 „Negat
961 2378 996 2422 se
1017 2357 1186 2444 quidquam
1213 2359 1252 2424 de
1279 2361 1361 2426 illius
1388 2361 1478 2426 adso

120 2453 247 2538 optione
277 2451 411 2517 tulisse.”
466 2448 585 2515 Deinde
607 2469 719 2524 suum,
752 2451 915 2525 Memmii,
950 2451 1068 2515 Metelli
1089 2453 1216 2538 Nepotis
1247 2455 1443 2540 exprompsit
1535 2516 1542 2534 ,

119 2546 238 2611 odium.
292 2544 480 2630 Complexus
501 2544 647 2609 iuvenem
669 2542 792 2617 dimisi,
822 2563 996 2629 properans
1017 2544 1057 2609 ad
1078 2545 1233 2630 epistolas.
1276 2545 1332 2611 Ubi
1354 2558 1439 2626 sunt,

119 2639 175 2724 qui
202 2638 289 2702 aiunl
320 2638 421 2716 ζώσης
451 2641 590 2717 posis?
634 2637 758 2712 Quanto
787 2636 887 2720 magis
918 2635 983 2701 vidi
1010 2657 1051 2701 ex
1071 2638 1133 2702 tuis
1154 2637 1264 2703 litteris
1286 2661 1379 2725 quam
1400 2660 1440 2704 ex

118 2732 203 2796 illius
225 2750 370 2794 sermone
393 2729 468 2816 quid
489 2733 653 2814 agereturl
676 2727 715 2793 de
736 2729 947 2794 ruminatione
969 2729 1164 2815 quotidiana,
1194 2730 1233 2795 de
1254 2731 1441 2816 cogitatione

118 2823 237 2896 Publii,
267 2823 306 2889 de
326 2822 412 2887 lituis
431 2824 612 2916 flaviados,
637 2821 677 2886 de
698 2821 849 2906 signifero
870 2821 1062 2897 Athenione,
1084 2823 1124 2888 de
1144 2822 1257 2889 litteris
1279 2825 1380 2890 missis
1401 2825 1478 2891 adu

119 2921 278 2992 Cnaeum,
314 2915 354 2980 de
382 2915 580 3003 Tbeopbanis
607 2916 809 3000 Memmiique
840 2935 1009 2994 sermone;
1048 2925 1194 3004 quantam
1230 2937 1328 3002 porro
1364 2918 1441 2983 mibi

120 3017 385 3097 exspectationem
417 3009 530 3075 dedisti
566 3009 703 3075 convivii
736 3009 825 3074 istius
861 3013 1041 3091 doalyoisl
1085 3014 1161 3075 Sum
1195 3010 1228 3075 in
1262 3011 1441 3076 curiositate

121 3106 303 3184 ὀξύπεινοςε
326 3101 382 3168 sed
403 3112 507 3168 tumen
527 3102 620 3168 facile
640 3103 744 3189 patior
764 3112 795 3167 te
816 3102 850 3168 id
871 3101 910 3167 ad
931 3123 982 3167 me
1004 3104 1188 3187 συμπόσιον
1208 3124 1272 3169 non
1286 3103 1440 3183 scribere;

120 3208 317 3284 praesentem
343 3195 453 3262 audire
478 3196 573 3262 mulo.
629 3201 660 3261 3.
683 3195 777 3275 Quod
804 3216 873 3270 mo,
902 3205 938 3262 ut
965 3195 1099 3261 scribam
1128 3197 1261 3283 aliquid,
1289 3197 1441 3274 hortaris,
1535 3270 1539 3278 ,

121 3293 234 3357 crescit
258 3290 334 3356 mibi
354 3290 481 3378 quidem
501 3290 668 3366 materies,
689 3299 725 3355 ut
739 3289 832 3368 dicis;
855 3287 911 3355 sed
932 3297 997 3356 lota
1018 3310 1070 3355 res
1092 3291 1268 3356 etiamnunc
1296 3291 1479 3358 fluctuatzm

120 3389 191 3451 κατ’
221 3385 353 3472 ὀπώρην
373 3386 458 3469 apuli.
504 3386 592 3461 Quae
613 3383 641 3448 si
662 3382 839 3459 desederit,
860 3383 959 3468 magis
981 3393 1074 3449 erunt
1093 3384 1243 3460 indicata,
1265 3406 1347 3471 quse
1367 3385 1443 3452 scri-
1547 3428 1550 3435 -

120 3477 209 3557 bam;
232 3501 312 3566 quae
333 3479 360 3543 si
382 3478 486 3544 statim
508 3498 526 3542 a
546 3498 598 3542 me
619 3477 705 3543 lerre
726 3498 791 3543 non
810 3477 972 3563 potueris,
994 3478 1116 3563 primus
1136 3477 1266 3544 babebis
1287 3487 1389 3543 tamen
1411 3487 1443 3544 el

120 3571 315 3659 aliquamdiu
335 3571 432 3638 solus.
473 3575 505 3636 4.
525 3570 751 3637 Dicaearchum
772 3581 857 3636 recte
883 3591 977 3635 amas.
1020 3571 1323 3638 Luculentnsbomo
1344 3580 1444 3637 estet

120 3665 197 3730 civis
224 3665 308 3731 baud
329 3665 434 3751 paullo
456 3665 569 3730 melior
596 3686 690 3751 quam
711 3663 762 3730 isti
783 3664 884 3730 nostri
910 3667 1134 3750 ἀδικαιαρχοι.
1180 3665 1310 3730 Litteras
1332 3663 1442 3749 scripsi

120 3758 200 3824 bora
220 3757 343 3824 decima
364 3757 553 3834 Cerialibus,
585 3752 689 3824 statim
711 3765 746 3822 ut
766 3767 836 3823 tuas
857 3757 1009 3842 legeram3
1037 3758 1093 3823 sed
1115 3778 1168 3822 eas
1189 3779 1275 3823 eram
1296 3757 1479 3833 datnnrsfls

190 3978 218 4027 1.
236 3979 278 4026 die
295 3976 333 4026 ll.
359 4000 395 4014 -
428 3977 456 4027 5.
475 3991 512 4026 ου
530 3991 584 4045 παρ
601 3990 658 4042 εγω
677 3992 716 4042 γη
733 3990 802 4042 pepp
818 3992 905 4042 γαιης
923 3976 960 4025 Μ.
994 4002 1023 4013 -
1060 3977 1087 4027 7.
1108 3974 1195 4039 Haec]
1222 3977 1270 4026 luc
1287 3977 1440 4027 Gorernus.

124 4071 152 4084 ·-
180 4053 206 4096 et
222 4061 286 4096 curu
305 4047 372 4097 ltu:
395 4047 465 4097 Cura
483 4047 528 4096 tlt.
548 4071 577 4082 -
611 4047 653 4096 10.
672 4047 793 4096 Publium
810 4054 846 4095 tr.
863 4047 977 4110 plebium
996 4061 1036 4110 pr.
1056 4047 1098 4105 lt,
1118 4048 1238 4097 Publium
1256 4048 1389 4097 tribunum
1407 4048 1440 4107 ll,

123 4115 241 4166 Publium
264 4125 300 4167 tr.
321 4116 391 4179 plebi
415 4130 484 4166 corr·
511 4115 556 4174 tt,
588 4115 707 4166 Publium
734 4117 780 4167 tri.
802 4116 856 4179 ple.
877 4113 947 4180 (sic)
968 4116 990 4166 l.
1031 4117 1209 4167 Emendrlum
1228 4123 1316 4168 estex
1335 4118 1388 4168 XT.
1411 4140 1439 4152 -·

123 4186 194 4236 Fort.
216 4187 315 4250 suctum
338 4199 356 4235 o
378 4200 430 4236 aare
451 4199 511 4236 esse.
548 4183 603 4235 Cir.
623 4184 795 4237 Sebuelzium
820 4186 848 4236 in
868 4185 916 4238 lid.
938 4187 1000 4235 mai.
1028 4185 1079 4236 Οι.
1116 4210 1141 4219 -
1180 4201 1289 4251 requam
1306 4202 1357 4238 etse
1372 4189 1441 4252 seme

121 4271 150 4304 u.
166 4270 196 4319 p.
212 4263 288 4319 poles
306 4256 371 4313 bili,
402 4269 510 4320 rspuum
527 4268 578 4304 ems
594 4257 660 4320 [arri
675 4270 705 4306 a.
723 4270 752 4319 p.
769 4262 856 4319 potest
875 4256 896 4306 l.
943 4256 1120 4306 Emendatum
1139 4262 1180 4306 est
1197 4272 1228 4307 ex
1247 4257 1297 4307 KZ.
1328 4284 1356 4294 -
1395 4257 1439 4307 11.

121 4339 148 4376 ee
173 4339 227 4375 om.
255 4325 330 4376 11111.
366 4349 395 4361 -
439 4327 481 4375 13.
501 4338 592 4375 moues
616 4339 672 4375 om.
701 4325 733 4375 ll.
766 4351 795 4363 -
839 4327 883 4376 15.
911 4326 1071 4375 commodum
1103 4325 1262 4385 Governus,
1293 4340 1440 4390 rursusque

123 4394 291 4446 Schuetzlus.
328 4395 383 4445 Clr.
403 4401 492 4445 lamen
511 4394 616 4458 Zumpt.
636 4395 672 4446 ad
689 4394 766 4446 verr.
786 4409 813 4458 p.
831 4395 893 4446 180.
930 4395 1008 4445 lland
1028 4396 1106 4446 ans·
1126 4397 1161 4446 11.
1185 4412 1210 4459 p.
1230 4397 1292 4447 101.
1312 4421 1343 4433 -
1360 4398 1442 4449 Antio

123 4479 164 4528 pr.
183 4463 226 4525 Μ,
257 4464 337 4516 Aulio
354 4466 385 4515 ll.
422 4464 600 4515 Emendatum
624 4471 665 4515 est
688 4479 720 4515 ex
738 4465 818 4515 XTZI
843 4472 870 4514 et
887 4478 957 4516 corr,
976 4465 1013 4516 tl.
1051 4492 1079 4502 -
1119 4467 1161 4518 13.
1182 4467 1326 4517 Cerealibus
1344 4468 1375 4516 ll.
1408 4490 1438 4502 -

122 4538 165 4586 10.
185 4537 289 4599 opticus
306 4535 339 4584 u.
368 4560 396 4572 ·-
434 4535 479 4585 11.
498 4534 548 4585 Vr.
566 4537 598 4585 ds
615 4537 772 4601 capitatione
790 4536 915 4586 ridentur
940 4535 1021 4597 gloss.
1042 4550 1084 4585 vr.
1103 4537 1135 4586 tls
1151 4551 1219 4587 mm.
1238 4543 1309 4600 quoi.
1327 4536 1379 4588 01.
1405 4561 1440 4570 -

121 4606 166 4655 17.
185 4606 310 4656 emotae
334 4607 386 4656 tuis
407 4603 459 4656 stt.
495 4603 673 4655 Emendrtum
691 4611 732 4655 est
751 4606 779 4655 in
796 4607 829 4656 ll.
862 4629 893 4641 -
930 4605 1107 4657 scurrula
1124 4606 1167 4667 bl,
1197 4600 1366 4671 αότυάγους
1384 4618 1438 4667 mg.

122 4675 164 4733 bl,
183 4689 334 4741 οιστυαγης
351 4674 385 4726 ll.
415 4700 448 4709 -
484 4673 529 4725 13.
553 4669 690 4737 οξοπινος
708 4675 745 4726 lt.
781 4698 807 4710 -
845 4674 922 4739 [nale
939 4689 993 4725 om.
1011 4676 1034 4725 R
1052 4681 1078 4726 et
1096 4690 1137 4739 pr.
1157 4676 1194 4727 11.
1226 4702 1258 4713 -
1294 4676 1338 4726 31.
1358 4671 1439 4740 rods]

122 4745 244 4867 aaa.
266 4743 773 4878 ...wc
812 4745 1102 4880 nastasia
1212 4745 1440 4878 “crassa

121 4887 179 4951 quis
198 4901 239 4950 pr.
258 4885 297 4936 bl.
316 4911 347 4923 -
384 4882 587 4936 bustualibus
601 4884 633 4935 11.
1088 4853 1097 4878 ’
