3256 5400
183 235 226 297 92
611 228 887 299 EPISTULARUM
908 236 960 298 AD
982 234 1073 298 PAM.

184 390 272 456 diose
294 390 521 477 diligenterque
542 387 675 455 curabo:
709 412 882 477 quaecum
903 391 1029 466 faciam,
1052 388 1303 456 benevolentiam
1324 399 1409 455 tuam
1430 409 1507 475 erga

184 508 235 552 me
256 485 416 561 imitabor,
438 485 552 549 merita
572 504 636 549 non
657 505 816 571 assequar.
861 485 947 551 Vale.

671 608 702 670 1.
746 606 794 690 (a.
822 610 854 672 u.
877 609 909 671 c.
931 604 1016 692 roa.)

544 723 585 785 11.
609 720 751 784 craneo
774 722 806 784 e.
827 724 864 783 o.
886 725 922 784 1.
945 721 1146 784 cenoman.

161 861 176 902 s
272 848 300 909 1.
330 842 585 928 Quotiescunque
612 839 711 904 filium
738 849 825 904 tuum
857 839 951 906 video
981 869 1022 882 -
1055 838 1148 904 video
1175 848 1279 905 autem
1306 841 1374 908 lere
1403 845 1508 930 quoti·

183 938 236 1004 die
258 974 315 1012 -,
337 937 489 1023 polliceor
510 935 540 999 ei
561 934 698 999 studium
725 933 852 1019 quidem
879 956 983 998 meum
1011 942 1043 999 et
1064 954 1193 1020 operam
1220 935 1287 1000 sine
1316 936 1383 1000 ulla
1415 959 1505 1002 exce·

183 1036 291 1117 ptione
313 1040 365 1095 aut
386 1029 504 1095 laboris
527 1039 581 1093 aut
605 1028 818 1112 occupationis
845 1027 1092 1114 auttemporis,
1128 1028 1260 1113 gratiam
1286 1039 1391 1095 autem
1413 1040 1509 1118 atque

184 1125 399 1189 auctoritatem
421 1145 492 1188 cnm
515 1122 572 1186 bac
594 1122 795 1205 exceptione,
833 1130 982 1207 quantum
1004 1122 1124 1186 valeam
1146 1132 1358 1208 quantumque
1378 1125 1508 1209 possim.

184 1217 279 1282 Liber
300 1228 371 1282 tuus
393 1228 423 1281 et
452 1216 549 1281 lectus
570 1226 617 1280 est
639 1225 670 1279 et
691 1215 806 1300 legitur
827 1237 845 1279 a
868 1237 918 1279 me
944 1214 1108 1298 diligenter
1130 1224 1161 1279 et
1181 1216 1356 1281 custoditur
1377 1216 1509 1303 diligen-

150 1311 313 1376 notissime.
369 1316 430 1376 Res
453 1319 484 1374 et
505 1309 648 1374 fortunae
671 1317 742 1373 tuae
765 1309 840 1373 mibi
862 1308 1020 1372 maximae
1042 1328 1135 1372 curae
1157 1318 1249 1386 sunt;
1278 1331 1359 1395 quae
1380 1312 1508 1398 quidem

184 1406 324 1491 quotidie
356 1404 513 1469 faciliores
542 1403 618 1467 mibi
645 1413 676 1466 et
705 1403 852 1467 meliores
873 1402 1035 1476 videntur,
1074 1402 1241 1489 multisque
1262 1402 1355 1469 video
1377 1424 1509 1490 magnae

185 1521 253 1565 esse
285 1520 396 1573 curae,
433 1518 569 1583 qnorum
591 1496 630 1560 de
651 1496 755 1562 studio
777 1495 868 1560 etde
890 1517 947 1560 sua
969 1516 1024 1581 spe
1047 1494 1146 1560 filium
1167 1496 1206 1562 ad
1233 1506 1264 1562 te
1285 1498 1509 1584 perscripsisse

183 1602 270 1659 certo
292 1592 368 1657 scio.
411 1597 441 1656 2.
463 1593 504 1656 lis
526 1601 629 1656 autem
651 1588 690 1654 de
711 1587 820 1662 rebus,
849 1610 928 1673 quas
950 1589 1130 1654 coniectura
1151 1591 1301 1678 consequi
1323 1611 1507 1677 possumus,

183 1708 247 1751 non
269 1686 345 1775 mihi
366 1706 475 1757 sumo,
511 1696 547 1750 ut
567 1685 638 1768 plus
658 1683 726 1768 ipse
747 1682 957 1769 prospiciam,
981 1704 1076 1768 quam
1098 1693 1127 1748 tc
1149 1684 1258 1749 videre
1280 1693 1373 1770 atque
1394 1684 1510 1750 intelli-

150 1793 175 1833 ¹⁵
184 1801 259 1865 gere
281 1779 356 1844 mibi
377 1779 607 1865 persuaserim;
643 1777 699 1842 sed
720 1787 842 1851 umen,
876 1776 950 1862 quia
971 1774 1039 1841 fieri
1061 1785 1184 1863 potest,
1211 1787 1246 1844 ut
1268 1786 1301 1843 tu
1324 1800 1360 1843 ea
1384 1789 1511 1865 pertur-

183 1871 304 1938 batiore
326 1873 430 1937 animo
452 1872 586 1956 cogites,
619 1881 697 1957 puto
719 1891 788 1935 esse
810 1892 929 1944 meum,
967 1870 1043 1956 quid
1065 1871 1211 1947 sentiam,
1249 1892 1420 1957 exponere.
1464 1877 1509 1937 Ea

183 1975 292 2033 natura
315 1988 421 2031 rerum
445 1975 492 2030 est
514 1976 544 2030 et
565 1967 592 2030 is
613 1974 791 2050 temporum
812 1985 941 2038 cursus,
963 1973 998 2029 ut
1019 1986 1083 2029 non
1103 1965 1204 2050 possit
1223 1965 1280 2030 ista
1302 1975 1356 2030 aut
1377 1965 1434 2031 tibi
1456 1974 1510 2030 aut

183 2061 295 2125 ceteris
324 2060 449 2125 fortuna
476 2080 545 2124 esse
575 2057 742 2132 diuturna,
779 2080 881 2144 neque
903 2057 1034 2122 haerere
1062 2058 1094 2122 in
1117 2070 1180 2123 tam
1202 2057 1285 2124 bona
1306 2081 1401 2125 causa
1423 2072 1455 2125 et
1475 2060 1510 2125 in

183 2161 245 2216 tam
267 2150 358 2217 bonis
380 2152 499 2217 civibus
522 2162 584 2216 tam
606 2150 719 2217 acerba
740 2152 865 2217 iniuria.
909 2157 939 2217 3.
968 2151 1111 2231 †Quare
1135 2152 1174 2217 ad
1196 2174 1265 2216 eam
1287 2174 1391 2239 spem,
1414 2175 1509 2239 quam

144 2256 272 2311 2⁰extra
299 2246 441 2311 ordinem
470 2245 510 2311 de
531 2255 562 2310 te
590 2246 659 2332 ipso
688 2244 856 2319 babemus,
892 2267 956 2311 non
984 2245 1086 2309 solum
1114 2256 1246 2331 propter
1271 2246 1453 2331 dignitatem
1474 2255 1506 2310 et

183 2339 345 2404 virtutem·
364 2349 448 2404 tuam
471 2371 510 2383 -
532 2339 610 2404 baec
631 2340 715 2404 enim
737 2349 921 2405 ornamenta
950 2349 1022 2404 sunt
1043 2338 1100 2404 tibi
1122 2339 1215 2404 etiam
1237 2360 1310 2404 cum
1331 2340 1401 2404 aliis
1423 2360 1510 2405 com-

183 2433 288 2498 munia
313 2469 360 2507 -,
382 2433 532 2499 accedunt
554 2443 605 2498 tua
626 2434 812 2520 praecipua,
836 2442 966 2519 propter
988 2432 1138 2499 eximium
1161 2433 1319 2517 ingenium
1341 2454 1509 2499 summam-

128 2600 136 2609 ,
183 2548 245 2612 que
267 2525 464 2608 †virtutem,
498 2527 548 2591 cui
570 2526 766 2592 mehercules
789 2527 853 2601 bic,
891 2527 980 2591 cuius
1001 2526 1034 2591 in
1055 2537 1207 2613 potestate
1228 2547 1352 2600 sumus,
1376 2527 1508 2592 multum

184 2619 302 2686 tribuit.
344 2624 452 2705 ltaque
473 2642 513 2684 ne
534 2630 684 2705 punctum
705 2619 832 2706 quidem
853 2619 1006 2705 temporis
1026 2619 1059 2684 in
1080 2619 1140 2685 ista
1155 2619 1282 2685 fortuna
1295 2619 1423 2693 luisses,
1447 2619 1508 2685 nisi

146 2731 223 2779 ’teo
253 2714 322 2798 ipso
352 2712 436 2778 bono
463 2723 534 2788 tuo,
567 2736 631 2798 quo
664 2713 853 2788 delectatur,
883 2735 917 2779 se
939 2713 1088 2778 violatum
1109 2723 1263 2799 putasset:
1298 2713 1382 2800 quod
1404 2714 1509 2799 ipsum

183 2806 298 2873 lenitur
320 2806 474 2892 quotidie,
497 2807 750 2894 significaturque
772 2806 863 2871 nobis
884 2806 923 2870 ab
946 2806 1000 2882 iis,
1033 2806 1088 2893 qui
1109 2806 1202 2872 simul
1224 2828 1296 2872 cum
1318 2827 1357 2872 eo
1380 2807 1508 2879 vivunt.

183 2900 239 2966 tibi
276 2900 354 2964 banc
390 2900 488 2985 ipsam
524 2902 706 2986 opinionem
735 2901 850 2985 ingenii
878 2900 962 2985 apud
995 2899 1082 2964 illum
1107 2900 1277 2985 plurimum
1298 2901 1508 2986 prolaturam.

182 2998 214 3059 l.
238 2997 438 3078 Quapropter
461 2993 596 3080 primum
618 2995 667 3059 lac
688 2994 793 3059 animo
815 2992 890 3058 lorti
911 3004 1006 3080 atque
1028 3012 1148 3078 magno
1164 2994 1223 3071 sis;
1245 2994 1287 3058 ita
1306 2995 1390 3059 enim
1407 3003 1509 3065 natus.

183 3086 225 3151 ita
247 3089 409 3160 educatus,
432 3087 472 3151 ita
496 3087 607 3152 doctus
629 3110 679 3164 es,
711 3089 754 3153 ita
777 3088 869 3151 etiam
891 3087 1048 3172 cognitus,
1072 3095 1107 3151 ut
1128 3085 1184 3151 tibi
1205 3086 1237 3151 id
1259 3087 1436 3152 laciendum
1450 3087 1506 3161 sit,

146 3180 295 3246 wdeinde
317 3202 404 3267 spem
427 3202 553 3266 quoque
576 3180 690 3246 habeas
705 3181 914 3246 firmissimam
928 3188 1060 3267 propter
1075 3201 1127 3246 eas
1142 3201 1269 3252 causas,
1293 3201 1370 3267 quas
1386 3179 1508 3265 scripsi.

182 3279 209 3339 A
231 3295 281 3338 me
304 3296 380 3338 vero
402 3273 457 3339 tibi
480 3275 584 3339 omnia
607 3274 776 3361 liberisque
798 3276 860 3340 tuis
882 3273 1076 3361 paratissima
1091 3296 1160 3339 esse
1184 3272 1320 3338 confidas
1343 3273 1452 3350 velim;
1475 3271 1508 3336 id

184 3368 266 3431 enim
288 3376 320 3432 et
340 3379 477 3433 vetustas
499 3369 599 3433 nostri
620 3370 738 3434 amoris
760 3377 792 3433 et
812 3390 882 3433 mea
904 3367 1099 3434 consuetudo
1121 3368 1154 3433 in
1176 3388 1265 3433 meos
1286 3376 1318 3433 et
1338 3375 1391 3431 tna
1412 3365 1510 3430 multa

184 3481 260 3544 erga
281 3481 334 3525 me
356 3461 458 3526 officia
480 3463 647 3547 postulant.

672 3573 1021 3663 mmmmm

147 3700 176 3741 a
540 3691 582 3752 11.
605 3688 748 3752 cisano
772 3690 861 3752 sn.
884 3692 919 3752 1.
943 3690 1144 3753 caucum.

272 3811 299 3871 1.
321 3812 460 3878 Vereor,
495 3828 534 3870 ne
565 3806 724 3872 desideres
752 3808 889 3873 officium
919 3829 1043 3883 meum;
1081 3806 1167 3893 quod
1189 3805 1246 3872 tibi
1267 3826 1327 3891 pro
1350 3815 1457 3871 nostra
1479 3815 1512 3870 et

184 3902 369 3965 meritorum
392 3899 561 3965 multorum
584 3909 615 3965 et
636 3902 811 3967 studiorum
826 3902 949 3990 parium
964 3902 1184 3967 coniunctione
1199 3900 1307 3975 deesse
1322 3922 1385 3966 non
1400 3898 1510 3964 debet:

253 4046 279 4094 5.
300 4052 372 4093 11111111
387 4046 441 4093 oidi
460 4059 500 4107 pr.
520 4045 557 4095 Μ.
574 4068 604 4080 -
625 4047 668 4096 13.
689 4048 726 4095 111
743 4047 1001 4112 Martyni-Lagnna:
1024 4047 1073 4097 llis
1085 4047 1144 4098 ΜΕ.
1164 4069 1195 4082 -
1217 4047 1258 4096 to.
1280 4046 1392 4095 Prorsus
1412 4045 1512 4095 laisum

185 4116 356 4178 enthymema
376 4115 445 4163 inest
465 4117 491 4163 in
511 4130 535 4164 v.
562 4116 667 4176 Quare,
700 4123 792 4166 natum
812 4124 840 4166 ut
858 4120 955 4180 opinor
972 4132 1002 4167 ex
1023 4133 1048 4167 v.
1067 4119 1185 4173 iniuria,
1218 4115 1331 4166 tortasse
1349 4117 1432 4165 etiarn
1451 4116 1512 4165 bes·

185 4199 259 4243 1111,
279 4200 310 4234 ex
328 4188 409 4247 Atque
428 4185 470 4234 vel
490 4187 522 4234 m
536 4200 614 4245 vero;
634 4192 690 4235 tum
710 4188 780 4236 inter
798 4202 831 4237 re
849 4195 875 4237 et
894 4202 926 4237 er
943 4188 1041 4237 excidit
1058 4201 1155 4236 rerum.
1200 4185 1321 4235 Alterum
1339 4187 1463 4235 uirtutem
1480 4199 1512 4235 ex

186 4256 261 4304 'suero
279 4261 318 4303 est
343 4268 434 4304 errore
453 4252 610 4314 (doctrinam
630 4270 723 4305 verum
743 4271 802 4306 esse
821 4257 900 4307 facile
918 4258 1037 4319 largior,
1069 4262 1141 4307 certe
1168 4256 1334 4319 probabilius
1353 4269 1435 4318 quam
1454 4269 1512 4304 eru-

184 4326 336 4385 ditionem),
368 4339 455 4387 neque
481 4326 682 4386 anquirendum
709 4328 816 4377 videtur
840 4329 1024 4387 vocabulum,
1057 4327 1127 4390 qnod
1154 4326 1249 4376 litteris
1270 4327 1380 4389 propius
1398 4325 1512 4374 accedat

185 4395 218 4444 ad
238 4397 376 4450 uirtutem:
410 4397 459 4443 boc
488 4401 577 4443 tamen
604 4411 667 4446 eum
697 4398 866 4461 corruptelae
893 4404 954 4447 nota
982 4398 1155 4448 servandum.
1201 4396 1356 4460 Aliquando
1382 4396 1511 4459 putabam

185 4465 299 4514 delenda
320 4479 379 4514 esse
408 4466 487 4513 verba
507 4473 583 4516 entra
609 4468 743 4527 ordinem,
774 4475 866 4531 utpote
897 4469 994 4532 quibua
1021 4467 1178 4530 nescioqui
1202 4467 1228 4515 in
1249 4469 1372 4529 margine
1393 4466 1511 4529 primum

185 4537 343 4596 significarit
369 4537 450 4584 verba
475 4536 536 4583 boec
553 4561 564 4571 ·
582 4562 593 4572 ·
611 4562 621 4572 ·
639 4539 786 4587 eommunia
811 4546 882 4587 entra
906 4535 1049 4596 ordinem,
1080 4537 1108 4586 in
1128 4538 1299 4600 parenthesi,
1333 4537 1418 4601 posita
1439 4548 1510 4585 csse.

185 4605 235 4656 On.
270 4628 297 4636 -
336 4606 380 4655 23.
399 4604 520 4655 virtutem
539 4605 584 4655 M:
604 4608 753 4657 doctrinam
771 4622 833 4657 cum
853 4608 908 4658 Zel.
928 4608 949 4657 d
970 4614 996 4657 et
1016 4608 1148 4656 Lambino
1167 4607 1203 4665 ll,
1228 4609 1403 4657 enudationem
1423 4605 1444 4654 1.
1465 4607 1510 4655 Fr.

185 4674 347 4725 Gronovius.
385 4675 511 4724 Poterant
538 4677 619 4726 etiam
647 4678 811 4728 substltuerc
838 4678 1017 4728 litteraturam
1041 4690 1072 4726 ex
1103 4676 1222 4739 Philipp.
1253 4678 1289 4735 2,
1320 4677 1365 4727 15.
1398 4675 1449 4726 On.
1480 4698 1510 4710 -

184 4745 228 4794 26.
248 4745 343 4795 1111111.
366 4770 396 4781 -
416 4744 459 4793 26.
479 4748 566 4797 stivam
584 4747 621 4797 bl.
643 4750 674 4783 -'
695 4748 738 4797 27.
758 4748 831 4797 ilium
849 4748 897 4799 bl:
920 4750 1006 4811 ipsum
1025 4747 1105 4797 11.-
1124 4747 1169 4797 aa.
1189 4747 1313 4796 educatus
1330 4747 1375 4796 bl:
1407 4746 1513 4795 eductus

185 4816 215 4864 11.
236 4841 266 4850 -
304 4816 347 4865 36.
367 4817 425 4866 Non
442 4830 532 4866 vereor
550 4831 603 4879 mg.
624 4819 727 4879 Repett.
748 4819 842 4868 Lamb.
864 4841 894 4854 ·-
930 4818 974 4868 3¹1.
994 4818 1141 4868 studiorum
1157 4818 1265 4880 parium
1283 4816 1345 4867 Vb:
1364 4816 1512 4866 studiorum

182 4892 291 4948 portum
309 4886 351 4941 it,
370 4887 517 4935 studiorum
535 4894 560 4937 et
576 4889 696 4949 partium
715 4888 745 4937 Ε.
