3256 5400
604 246 884 312 arlsrotsnuu
905 248 957 311 AB
980 248 1070 311 ssu.

650 404 714 466 xv.
759 401 807 485 (A.
833 406 865 466 u.
889 406 921 468 e.
943 406 1029 486 ret.)

382 519 422 579 u.
445 515 588 580 cresso
609 517 690 578 run.
713 516 744 577 s
766 517 803 577 n.
825 517 866 578 u.
889 516 1033 580 clauo
1054 519 1193 583 suunt
1211 520 1296 584 cus.

266 642 294 702 1.
315 640 384 700 Non
404 633 507 720 potuit
527 633 701 698 accuratius
723 635 773 719 agi
800 655 858 699 nec
885 634 1086 721 prudentius,
1123 659 1217 724 quam
1239 646 1287 704 est
1307 649 1410 707 actum
1433 628 1502 709 ate

178 755 249 800 curn
272 730 407 799 Curione
429 729 468 793 de
490 729 735 814 supplicatione;
757 736 789 794 et
808 727 938 793 hercule
966 727 1108 794 conlecta
1129 752 1182 796 res
1203 753 1244 798 ex
1265 733 1420 798 sententia
1434 755 1503 802 mea

156 837 245 900 sest,
278 847 348 891 eum
370 823 545 899 celeritate,
579 831 645 889 tum
667 821 753 910 qued
774 821 818 897 is,
847 820 902 908 qui
924 830 992 887 erat
1012 821 1132 897 iratus,
1166 826 1354 911 competitor
1376 835 1448 892 tuus
1471 838 1501 892 et

178 920 262 985 idem
290 939 398 992 meus,
420 937 565 983 assensus
587 926 635 983 est
663 916 712 994 ci,
748 915 803 1003 qui
831 913 956 981 emovit
982 936 1034 981 res
1060 926 1183 983 nostras
1210 918 1324 983 divinis
1349 919 1502 985 laudibus.

179 1017 285 1092 Quare
307 1012 385 1077 scite
407 1032 458 1075 me
480 1031 609 1096 sperare
632 1032 686 1083 ea,
708 1029 790 1097 qnae
811 1016 1006 1094 sequuntur;
1029 1008 1069 1074 ad
1090 1031 1171 1096 quae
1186 1018 1221 1076 tu
1235 1020 1265 1076 te
1279 1033 1366 1098 para.
1388 1018 1419 1079 2.
1442 1019 1503 1078 De-

177 1106 320 1173 labellam
352 1113 423 1171 ate
450 1103 573 1189 gaudeo
594 1103 732 1190 primum
754 1100 896 1175 laudari,
929 1099 1042 1167 deinde
1064 1103 1159 1169 etiam
1187 1102 1296 1169 amari.
1349 1111 1425 1172 Nam
1448 1128 1503 1191 ea,

177 1221 258 1287 qnae
279 1219 387 1286 speras
409 1198 527 1264 Tulliae
550 1218 638 1262 meae
659 1195 826 1283 prudentia
847 1193 1018 1282 temperari
1038 1216 1151 1282 pesse,
1173 1196 1260 1271 scio,
1283 1199 1334 1264 cui
1349 1209 1423 1265 tuae
1438 1200 1504 1286 epi·

143 1294 276 1359 estolae
298 1290 519 1378 respondeant.
563 1290 647 1370 Quid
669 1290 696 1357 si
717 1312 820 1355 meam
840 1289 942 1375 legas,
964 1309 1058 1377 quam
1080 1310 1140 1375 ego
1161 1300 1228 1356 tum
1251 1312 1292 1356 ex
1314 1293 1376 1359 tuis
1393 1292 1504 1359 litteris

177 1385 250 1452 misi
271 1384 311 1450 ad
332 1384 488 1472 Appium?
511 1383 573 1450 Sed
593 1384 669 1471 quid
694 1389 789 1469 agas?
811 1382 864 1448 Sic
884 1380 1012 1449 vivitur.
1056 1382 1150 1461 Quod
1172 1391 1274 1449 actum
1297 1398 1359 1461 est,
1382 1385 1427 1451 dii
1450 1407 1504 1471 ap-

177 1474 323 1567 probent
379 1482 480 1564 Spero
502 1477 573 1543 lore
594 1477 764 1545 iucundum
792 1495 945 1563 generum
971 1472 1080 1553 nobis;
1116 1476 1312 1563 multumque
1335 1479 1429 1543 ineo
1452 1488 1503 1543 tua

177 1593 236 1638 nes
263 1571 438 1638 humanitas
464 1570 634 1637 adiuvabit.
691 1575 721 1638 3.
755 1566 967 1655 Respublica
993 1589 1044 1635 me
1072 1569 1163 1635 valde
1188 1570 1342 1637 sollicitat.
1400 1576 1502 1637 Faveo

179 1663 325 1744 curione
356 1667 520 1730 Caesarem
541 1663 708 1731 honestum
731 1685 800 1729 esse
822 1661 937 1748 eupio;
969 1682 1030 1749 pro
1057 1664 1209 1749 Pompeio
1231 1664 1333 1729 emori
1354 1685 1501 1751 pessum:

143 1758 235 1824 used
257 1768 360 1824 tamen
380 1756 448 1844 ipsa
469 1777 505 1821 re
526 1756 651 1843 publiea
673 1757 750 1823 nihil
771 1754 848 1823 mihi
870 1766 918 1820 est
936 1753 1038 1820 carius
1048 1777 1059 1835 ;
1080 1755 1114 1821 in
1136 1778 1198 1844 qua
1219 1764 1252 1822 tu
1275 1779 1338 1822 nen
1360 1757 1451 1823 valde
1472 1766 1502 1824 te

179 1849 291 1931 iactas;
322 1849 481 1916 districtus
503 1849 587 1915 enim
608 1849 685 1916 mihi
706 1849 823 1916 videris
845 1869 930 1924 esse,
959 1847 1045 1934 qued
1073 1859 1105 1915 et
1125 1848 1228 1917 benus
1249 1850 1326 1915 civis
1348 1861 1380 1916 et
1401 1850 1502 1918 bonus

178 1944 297 2010 amicus
318 1965 363 2011 es.
405 1946 436 2011 4.
458 1948 527 2029 Ego
548 1943 588 2009 de
609 1942 773 2030 provincia
794 1940 949 2007 decedens
964 1948 1164 2028 quaestorem
1180 1942 1318 2009 Caelium
1332 1944 1502 2030 praeposui

178 2036 369 2124 provinciae.
413 2042 622 2114 „Puerumt”
644 2036 758 2122 inquis.
807 2041 847 2101 at
867 2042 1087 2122 quaestorem
1109 2045 1140 2100 at
1161 2036 1299 2102 nobilem
1322 2036 1503 2102 adelescen-

100 2189 105 2204 ,
177 2137 257 2209 tem;
279 2138 311 2195 at
331 2130 472 2196 omniurn
494 2128 561 2196 iere
584 2132 730 2217 exemplo
737 2153 747 2210 3
769 2150 872 2217 neque
888 2136 957 2195 erat
977 2129 1143 2214 superiore
1157 2129 1279 2195 bonore
1293 2153 1384 2205 usus,
1408 2153 1502 2219 quern

140 2220 392 2311 upraebcerem.
413 2222 608 2310 Pomptinius
623 2225 723 2290 multe
738 2232 809 2288 ante
824 2222 1024 2301 discesserat;
1046 2244 1064 2288 a
1081 2224 1200 2301 Quinte
1221 2224 1318 2289 fratre
1340 2224 1502 2312 impetrari

177 2335 242 2382 nen
262 2324 403 2402 peterat3
432 2336 526 2402 quem
549 2325 652 2383 tamen
673 2317 700 2382 si
721 2317 937 2404 reliquissem,
971 2317 1112 2382 dicerent
1132 2317 1233 2404 iniqui
1253 2339 1316 2383 non
1340 2341 1390 2384 me
1411 2320 1502 2406 plano

176 2417 250 2497 pest
269 2430 401 2486 annum,
423 2417 458 2474 ut
471 2419 597 2476 senatus
611 2410 779 2484 voluisset,
802 2410 841 2476 de
863 2411 1027 2497 provincia
1041 2410 1234 2487 decessisse,
1257 2413 1405 2497 quoniam
1428 2414 1503 2477 alte.-

176 2524 248 2568 rum
270 2524 321 2567 me
336 2502 545 2590 reliquissem.
586 2508 732 2570 Fortasse
746 2503 840 2569 etiam
855 2502 933 2569 illud
947 2503 1115 2578 adderent,
1138 2515 1280 2570 senatum
1295 2527 1350 2570 ees
1365 2507 1502 2571 voluisse

176 2594 348 2683 provinciis
363 2616 518 2680 praeesse,
541 2594 595 2681 qui
616 2607 707 2662 antea
727 2617 792 2663 non
812 2596 1035 2683 praefuissent3
1057 2597 1186 2662 fratrem
1208 2620 1313 2663 meum
1333 2599 1500 2664 triennium

140 2686 270 2755 ssdsiae
290 2686 472 2775 praefuisse.
514 2690 657 2776 Denique
679 2710 762 2757 nunc
782 2690 933 2758 sollicitus
955 2714 1018 2758 nen
1040 2712 1127 2769 sum;
1157 2693 1184 2756 si
1205 2691 1335 2756 fratrem
1358 2690 1503 2777 reliquis-

178 2802 262 2858 sem,
291 2781 397 2847 omnia
423 2783 577 2849 timerem.
619 2788 784 2850 Postremo
806 2805 869 2849 non
890 2794 953 2849 tam
975 2806 1046 2850 mea
1067 2793 1198 2870 sponte,
1236 2806 1330 2873 quam
1351 2784 1503 2872 petentis-

177 2876 330 2941 simerum
346 2875 481 2942 duorum
496 2877 664 2964 exemplo,
686 2876 741 2965 qui
755 2898 865 2943 omnes
882 2878 1004 2945 Cassios
1019 2877 1233 2965 Antoniosque
1248 2878 1405 2964 compleri
1420 2886 1501 2951 sunt,

177 2965 315 3034 nobilem
337 2969 567 3036 adolescentem
589 2992 654 3037 non
675 2980 738 3037 tam
756 2970 881 3037 allicere
895 2971 1001 3046 volui,
1024 2992 1118 3057 quam
1139 2971 1277 3036 alienare
1299 2971 1396 3036 nolui.
1434 2974 1502 3034 Hoc

176 3069 212 3127 tu
233 3084 337 3129 meum
359 3063 526 3129 eonsilium
547 3064 655 3131 laudes
677 3085 804 3131 necesse
826 3073 888 3143 est;
911 3063 1026 3130 mutari
1048 3065 1131 3129 enim
1154 3087 1217 3131 neu
1238 3073 1351 3152 petest.
1402 3068 1432 3130 5.
1454 3068 1501 3128 De

140 3156 284 3221 mOeella
313 3179 425 3243 parum
454 3157 495 3222 ad
516 3178 568 3222 me
595 3158 687 3244 plane
717 3158 888 3244 scripseras
914 3168 947 3222 et
972 3158 1006 3223 in
1027 3158 1103 3223 actis
1131 3179 1195 3224 nen
1222 3168 1298 3224 erat.
1342 3164 1428 3223 'luae
1449 3177 1501 3222 res

177 3260 282 3335 gastae
304 3251 346 3315 ita
373 3261 467 3317 notae
489 3259 578 3327 sunt,
606 3260 642 3317 nt
662 3261 748 3317 trans
768 3260 915 3353 montem
942 3255 1078 3316 Taurum
1112 3253 1204 3318 etiam
1232 3253 1271 3317 de
1293 3252 1440 3318 Matrinio
1462 3251 1502 3317 sit

177 3343 350 3500 unditurp.b
369 3349 458 3431 Ege,
494 3343 556 3409 nisi
577 3344 654 3430 quid
675 3366 725 3410 me
746 3348 870 3410 Etesrae
891 3342 1115 3420 morabuntur,
1144 3346 1311 3422 celeriter,
1334 3357 1369 3413 ut
1390 3368 1500 3433 spero,

177 3456 235 3500 res
256 3458 288 3500 vr
310 3458 328 3498 e
351 3458 380 3501 ο.

639 3580 720 3642 rvr.
763 3576 810 3659 (1.
838 3581 870 3643 e.
893 3583 926 3644 e.
948 3579 1034 3652 res.)

140 3704 180 3745 e.
506 3693 546 3754 u.
570 3692 714 3756 cronno
736 3693 815 3757 rur.
838 3694 870 3756 s
891 3695 929 3758 n.
951 3696 993 3757 u.
1016 3694 1170 3758 essere.

261 3832 290 3893 1.
311 3831 424 3911 Magne
446 3826 556 3892 delore
577 3849 627 3892 me
648 3828 825 3895 affecissent
844 3839 916 3896 tuae
938 3831 1077 3905 litterae,
1112 3830 1171 3896 nisi
1193 3833 1255 3896 iarn
1277 3840 1309 3896 et
1329 3834 1411 3898 ratio
1433 3833 1500 3918 ipsa

175 3920 345 4007 depulisset
374 3942 483 3985 omnes
515 3922 674 3987 molestias
703 3931 734 3987 et
755 3922 902 3988 diutuma
928 3923 1147 4010 desperatione
1169 3945 1276 3990 rerum
1298 3924 1501 3991 obduruisset

175 4014 297 4079 animus
325 4014 363 4078 ad
386 4013 528 4080 delerem
555 4036 683 4081 novum.
741 4015 805 4081 Sed
825 4025 945 4091 tamen,
982 4039 1079 4104 quare
1100 4018 1262 4091 acciderit,
1300 4027 1335 4084 ut
1357 4041 1398 4083 ex
1420 4021 1500 4085 meis

175 4107 392 4194 superioribus
412 4107 524 4173 litteris
546 4106 579 4172 id
599 4108 811 4195 suspicarere,
834 4109 920 4198 quod
940 4110 1072 4187 scribis,
1093 4112 1211 4177 nescio.
1256 4111 1339 4189 Quid
1362 4112 1445 4176 enim
1466 4111 1499 4176 in

138 4201 237 4267 einis
269 4201 328 4267 fuit
356 4211 482 4288 praeter
508 4202 670 4289 querelam
692 4211 887 4289 temporum,
924 4224 1005 4291 quae
1026 4225 1090 4269 nen
1110 4226 1217 4271 meum
1238 4205 1377 4270 animum
1399 4206 1499 4290 magis

245 4420 271 4470 3.
291 4427 328 4470 est
355 4427 442 4470 ectum
471 4420 517 4472 ll:
555 4427 643 4471 mem
665 4427 705 4473 eet
732 4420 764 4473 s.
793 4446 823 4459 -
872 4420 1081 4472 bberwbll:
1108 4422 1249 4471 mehercule
1273 4422 1304 4471 R.
1336 4448 1364 4458 -
1403 4423 1429 4473 b.
1450 4421 1498 4487 est]

174 4488 218 4537 sed
245 4504 285 4552 pr.
312 4490 349 4542 Μ.
376 4516 405 4526 -
443 4492 487 4541 11.
507 4492 535 4540 et
552 4490 590 4542 bl.
621 4513 657 4527 -
692 4492 736 4543 ld.
763 4489 912 4557 Cutem]
938 4493 1021 4543 emoti
1039 4491 1175 4542 Gaesarem
1194 4492 1309 4541 Ernestii
1328 4505 1437 4556 operae.
1466 4520 1497 4530 ·-

175 4558 218 4607 18.
237 4561 323 4623 inquis
340 4560 387 4609 Mt
416 4561 517 4624 inquiet
536 4560 566 4610 Ε.
594 4582 627 4598 -
662 4563 706 4614 19.
729 4562 874 4626 exemplem
900 4574 972 4612 eorr.
999 4561 1037 4613 u.
1066 4585 1097 4597 -
1124 4559 1196 4623 unul
1215 4561 1284 4610 ullus
1301 4575 1372 4611 cerr.
1392 4575 1431 4613 rc.
1451 4564 1497 4623 Μ,

173 4632 292 4690 repetens
309 4631 406 4680 tenere
422 4630 490 4678 atter
508 4644 562 4693 mg.
583 4630 688 4695 Itepatt.
707 4631 803 4682 bamb.
841 4654 877 4671 ·-
907 4632 953 4683 2⁰.
972 4632 1137 4695 Pompttntes
1155 4630 1236 4681 Mart.
1255 4630 1384 4693 Lagona:
1423 4633 1498 4682 Pem-

172 4699 263 4761 pts'nes
276 4713 315 4762 pr.
330 4699 378 4759 Μ,
399 4700 533 4749 Pomtinus
552 4701 572 4749 Ε
590 4714 654 4752 eum
671 4714 743 4753 sorr.
762 4700 800 4752 u.
822 4724 853 4738 ·-
877 4702 1005 4765 mest
1022 4701 1061 4753 lt.
1083 4723 1117 4736 ·-
1134 4701 1179 4750 27.
1202 4697 1297 4761 omna]
1315 4704 1418 4750 iuvenes
1442 4716 1496 4765 mg.

175 4767 278 4831 aspere.
299 4769 412 4831 Lamb,
431 4772 563 4833 prebente
580 4770 692 4824 eratne.
714 4797 746 4808 -
763 4768 808 4822 88.
820 4770 934 4823 nobilem
951 4771 1104 4822 Ernestius:
1124 4771 1252 4820 bominem
1270 4771 1307 4822 ld.
1331 4795 1360 4805 -
1379 4772 1425 4822 29.
1444 4786 1498 4821 nee

174 4850 229 4888 em.
250 4853 290 4903 pr.
311 4840 347 4890 11.
374 4866 406 4877 -·
442 4840 486 4890 89.
508 4840 674 4905 tntturfutt
690 4841 735 4895 H:
759 4840 1026 4905 rathma·
1062 4841 1411 4892 semsemaetmumra:
1435 4844 1497 4891 ent-

174 4921 244 4959 mtee
262 4923 345 4959 meum
364 4910 393 4959 11.
