<?xml version="1.0" encoding="UTF-8"?>
<!DOCTYPE html PUBLIC "-//W3C//DTD XHTML 1.0 Transitional//EN"
    "http://www.w3.org/TR/xhtml1/DTD/xhtml1-transitional.dtd">
<html xmlns="http://www.w3.org/1999/xhtml" xml:lang="en" lang="en">
 <head>
  <title>
</title>
<meta http-equiv="Content-Type" content="text/html;charset=utf-8" />
  <meta name='ocr-system' content='tesseract 3.04.00' />
  <meta name='ocr-capabilities' content='ocr_page ocr_carea ocr_par ocr_line ocrx_word'/>
</head>
<body>
  <div class='ocr_page' id='page_1' title='image "./operaquaesupers06halmgoog_0196.png"; bbox 0 0 3256 5400; ppageno 0'>
   <div class='ocr_carea' id='block_1_1' title="bbox 185 213 1104 289">
    <p class='ocr_par' dir='ltr' id='par_1_1' title="bbox 185 213 1104 289">
     <span class='ocr_line' id='line_1_1' title="bbox 185 213 1104 289; baseline 0 -9"><span class='ocrx_word' id='word_1_1' title='bbox 185 216 246 280; x_wconf 78' lang='grc'><strong>126</strong></span> <span class='ocrx_word' id='word_1_2' title='bbox 322 285 324 289; x_wconf 52' lang='grc'>,</span> <span class='ocrx_word' id='word_1_3' title='bbox 610 213 885 281; x_wconf 74' lang='lat' dir='ltr'><strong>satsrotalttm</strong></span> <span class='ocrx_word' id='word_1_4' title='bbox 905 215 957 279; x_wconf 80' lang='grc' dir='ltr'><strong>ΑΙ)</strong></span> <span class='ocrx_word' id='word_1_5' title='bbox 978 215 1069 280; x_wconf 67' lang='grc' dir='ltr'><strong>ΕΔΜ.</strong></span> <span class='ocrx_word' id='word_1_6' title='bbox 1102 227 1104 231; x_wconf 82' lang='grc'>’</span> 
     </span>
    </p>
   </div>
   <div class='ocr_carea' id='block_1_2' title="bbox 123 368 1503 3156">
    <p class='ocr_par' dir='ltr' id='par_1_2' title="bbox 123 368 1503 3156">
     <span class='ocr_line' id='line_1_2' title="bbox 182 368 1500 448; baseline -0.001 -11"><span class='ocrx_word' id='word_1_7' title='bbox 182 372 237 437; x_wconf 91' lang='lat' dir='ltr'><strong>sed</strong></span> <span class='ocrx_word' id='word_1_8' title='bbox 258 371 385 437; x_wconf 93' lang='lat' dir='ltr'><strong>omnino</strong></span> <span class='ocrx_word' id='word_1_9' title='bbox 406 369 670 448; x_wconf 87' lang='lat' dir='ltr'><strong>animadvertere;</strong></span> <span class='ocrx_word' id='word_1_10' title='bbox 693 371 797 436; x_wconf 88' lang='lat' dir='ltr'><strong>omnia</strong></span> <span class='ocrx_word' id='word_1_11' title='bbox 819 370 902 436; x_wconf 90' lang='lat' dir='ltr'><strong>enim</strong></span> <span class='ocrx_word' id='word_1_12' title='bbox 924 381 996 436; x_wconf 90' lang='lat' dir='ltr'><strong>sunt</strong></span> <span class='ocrx_word' id='word_1_13' title='bbox 1009 368 1054 434; x_wconf 91' lang='lat' dir='ltr'><strong>ibi</strong></span> <span class='ocrx_word' id='word_1_14' title='bbox 1069 380 1192 435; x_wconf 89' lang='lat' dir='ltr'><strong>senatus</strong></span> <span class='ocrx_word' id='word_1_15' title='bbox 1207 370 1361 446; x_wconf 87' lang='lat' dir='ltr'><strong>consulta,</strong></span> <span class='ocrx_word' id='word_1_16' title='bbox 1385 370 1500 444; x_wconf 75' lang='lat' dir='ltr'><strong>edicta,</strong></span> 
     </span>
     <span class='ocr_line' id='line_1_3' title="bbox 182 462 1502 550; baseline -0.001 -19"><span class='ocrx_word' id='word_1_17' title='bbox 182 465 318 539; x_wconf 80' lang='lat' dir='ltr'><strong>tabulae,</strong></span> <span class='ocrx_word' id='word_1_18' title='bbox 340 484 499 529; x_wconf 90' lang='lat' dir='ltr'><strong>rumores:</strong></span> <span class='ocrx_word' id='word_1_19' title='bbox 526 462 611 549; x_wconf 91' lang='lat' dir='ltr'><strong>quod</strong></span> <span class='ocrx_word' id='word_1_20' title='bbox 633 464 813 550; x_wconf 89' lang='lat' dir='ltr'><strong>exemplum</strong></span> <span class='ocrx_word' id='word_1_21' title='bbox 835 464 862 528; x_wconf 91' lang='lat' dir='ltr'><strong>si</strong></span> <span class='ocrx_word' id='word_1_22' title='bbox 884 464 965 530; x_wconf 83' lang='lat' dir='ltr'><strong>forte</strong></span> <span class='ocrx_word' id='word_1_23' title='bbox 987 463 1089 528; x_wconf 90' lang='lat' dir='ltr'><strong>minus</strong></span> <span class='ocrx_word' id='word_1_24' title='bbox 1111 472 1141 528; x_wconf 91' lang='lat' dir='ltr'><strong>te</strong></span> <span class='ocrx_word' id='word_1_25' title='bbox 1163 463 1345 538; x_wconf 89' lang='lat' dir='ltr'><strong>delectarit,</strong></span> <span class='ocrx_word' id='word_1_26' title='bbox 1370 487 1409 530; x_wconf 89' lang='lat' dir='ltr'><strong>ne</strong></span> <span class='ocrx_word' id='word_1_27' title='bbox 1432 485 1502 530; x_wconf 91' lang='lat' dir='ltr'><strong>mo-</strong></span> 
     </span>
     <span class='ocr_line' id='line_1_4' title="bbox 182 555 1502 643; baseline -0.002 -17"><span class='ocrx_word' id='word_1_28' title='bbox 182 559 301 626; x_wconf 91' lang='lat' dir='ltr'><strong>lestiam</strong></span> <span class='ocrx_word' id='word_1_29' title='bbox 321 555 377 623; x_wconf 93' lang='lat' dir='ltr'><strong>tibi</strong></span> <span class='ocrx_word' id='word_1_30' title='bbox 398 577 469 621; x_wconf 91' lang='lat' dir='ltr'><strong>cum</strong></span> <span class='ocrx_word' id='word_1_31' title='bbox 490 556 631 641; x_wconf 90' lang='lat' dir='ltr'><strong>impensa</strong></span> <span class='ocrx_word' id='word_1_32' title='bbox 652 576 721 620; x_wconf 91' lang='lat' dir='ltr'><strong>mea</strong></span> <span class='ocrx_word' id='word_1_33' title='bbox 742 555 925 631; x_wconf 82' lang='lat' dir='ltr'>exhibeam,</span> <span class='ocrx_word' id='word_1_34' title='bbox 952 557 1002 622; x_wconf 84' lang='lat' dir='ltr'><strong>sac</strong></span> <span class='ocrx_word' id='word_1_35' title='bbox 1022 577 1072 620; x_wconf 89' lang='lat' dir='ltr'><strong>me</strong></span> <span class='ocrx_word' id='word_1_36' title='bbox 1094 557 1270 623; x_wconf 74' lang='lat' dir='ltr'><strong>certiorem.</strong></span> <span class='ocrx_word' id='word_1_37' title='bbox 1314 562 1345 622; x_wconf 86' lang='grc'><strong>2.</strong></span> <span class='ocrx_word' id='word_1_38' title='bbox 1368 558 1402 623; x_wconf 87' lang='lat' dir='ltr'><strong>si</strong></span> <span class='ocrx_word' id='word_1_39' title='bbox 1423 557 1502 643; x_wconf 91' lang='lat' dir='ltr'><strong>quid</strong></span> 
     </span>
     <span class='ocr_line' id='line_1_5' title="bbox 181 648 1502 738; baseline -0.003 -19"><span class='ocrx_word' id='word_1_40' title='bbox 181 654 213 719; x_wconf 94' lang='lat' dir='ltr'><strong>in</strong></span> <span class='ocrx_word' id='word_1_41' title='bbox 235 673 270 718; x_wconf 91' lang='lat' dir='ltr'><strong>re</strong></span> <span class='ocrx_word' id='word_1_42' title='bbox 291 649 414 738; x_wconf 88' lang='lat' dir='ltr'><strong>publica</strong></span> <span class='ocrx_word' id='word_1_43' title='bbox 434 648 534 713; x_wconf 88' lang='lat' dir='ltr'><strong>maius</strong></span> <span class='ocrx_word' id='word_1_44' title='bbox 555 658 656 714; x_wconf 89' lang='lat' dir='ltr'><strong>actum</strong></span> <span class='ocrx_word' id='word_1_45' title='bbox 679 648 755 723; x_wconf 92' lang='lat' dir='ltr'><strong>erit,</strong></span> <span class='ocrx_word' id='word_1_46' title='bbox 777 649 862 736; x_wconf 94' lang='lat' dir='ltr'><strong>quod</strong></span> <span class='ocrx_word' id='word_1_47' title='bbox 884 651 933 716; x_wconf 89' lang='lat' dir='ltr'><strong>isti</strong></span> <span class='ocrx_word' id='word_1_48' title='bbox 955 649 1095 736; x_wconf 92' lang='lat' dir='ltr'><strong>operarii</strong></span> <span class='ocrx_word' id='word_1_49' title='bbox 1117 652 1219 716; x_wconf 89' lang='lat' dir='ltr'><strong>minus</strong></span> <span class='ocrx_word' id='word_1_50' title='bbox 1241 651 1406 717; x_wconf 89' lang='lat' dir='ltr'><strong>commode</strong></span> <span class='ocrx_word' id='word_1_51' title='bbox 1428 671 1502 736; x_wconf 83' lang='lat' dir='ltr'><strong>per-</strong></span> 
     </span>
     <span class='ocr_line' id='line_1_6' title="bbox 159 740 1502 831; baseline 0.003 -27"><span class='ocrx_word' id='word_1_52' title='bbox 159 745 270 831; x_wconf 80' lang='lat' dir='ltr'><strong>ssequi</strong></span> <span class='ocrx_word' id='word_1_53' title='bbox 301 741 433 829; x_wconf 87' lang='lat' dir='ltr'><strong>possint,</strong></span> <span class='ocrx_word' id='word_1_54' title='bbox 468 750 498 805; x_wconf 89' lang='lat' dir='ltr'><strong>et</strong></span> <span class='ocrx_word' id='word_1_55' title='bbox 526 740 788 827; x_wconf 86' lang='lat' dir='ltr'><strong>quemadmodum</strong></span> <span class='ocrx_word' id='word_1_56' title='bbox 817 752 921 808; x_wconf 87' lang='lat' dir='ltr'><strong>actum</strong></span> <span class='ocrx_word' id='word_1_57' title='bbox 949 744 989 809; x_wconf 90' lang='lat' dir='ltr'><strong>sit</strong></span> <span class='ocrx_word' id='word_1_58' title='bbox 1016 753 1047 808; x_wconf 91' lang='lat' dir='ltr'><strong>et</strong></span> <span class='ocrx_word' id='word_1_59' title='bbox 1072 765 1153 829; x_wconf 90' lang='lat' dir='ltr'><strong>quae</strong></span> <span class='ocrx_word' id='word_1_60' title='bbox 1174 744 1365 809; x_wconf 78' lang='lat' dir='ltr'><strong>existimatio</strong></span> <span class='ocrx_word' id='word_1_61' title='bbox 1393 752 1502 810; x_wconf 88' lang='lat' dir='ltr'><strong>secuta</strong></span> 
     </span>
     <span class='ocr_line' id='line_1_7' title="bbox 183 833 1501 926; baseline -0.001 -23"><span class='ocrx_word' id='word_1_62' title='bbox 183 859 327 926; x_wconf 90' lang='lat' dir='ltr'><strong>quaeque</strong></span> <span class='ocrx_word' id='word_1_63' title='bbox 348 836 388 901; x_wconf 90' lang='lat' dir='ltr'><strong>de</strong></span> <span class='ocrx_word' id='word_1_64' title='bbox 410 857 449 900; x_wconf 90' lang='lat' dir='ltr'><strong>eo</strong></span> <span class='ocrx_word' id='word_1_65' title='bbox 471 855 542 920; x_wconf 90' lang='lat' dir='ltr'><strong>spes</strong></span> <span class='ocrx_word' id='word_1_66' title='bbox 564 834 618 908; x_wconf 92' lang='lat' dir='ltr'><strong>sit,</strong></span> <span class='ocrx_word' id='word_1_67' title='bbox 640 834 806 919; x_wconf 76' lang='lat' dir='ltr'><strong>diligenter</strong></span> <span class='ocrx_word' id='word_1_68' title='bbox 827 833 884 900; x_wconf 90' lang='lat' dir='ltr'><strong>tibi</strong></span> <span class='ocrx_word' id='word_1_69' title='bbox 902 836 1142 922; x_wconf 88' lang='lat' dir='ltr'><strong>perscribemus.</strong></span> <span class='ocrx_word' id='word_1_70' title='bbox 1184 841 1221 903; x_wconf 93' lang='lat' dir='ltr'><strong>Ut</strong></span> <span class='ocrx_word' id='word_1_71' title='bbox 1235 848 1395 912; x_wconf 89' lang='lat' dir='ltr'><strong>nuncest,</strong></span> <span class='ocrx_word' id='word_1_72' title='bbox 1417 837 1501 902; x_wconf 86' lang='lat' dir='ltr'><strong>nulls</strong></span> 
     </span>
     <span class='ocr_line' id='line_1_8' title="bbox 181 927 1502 1016; baseline -0.002 -20"><span class='ocrx_word' id='word_1_73' title='bbox 181 952 294 1016; x_wconf 80' lang='lat' dir='ltr'><strong>magno</strong></span> <span class='ocrx_word' id='word_1_74' title='bbox 315 950 412 1016; x_wconf 91' lang='lat' dir='ltr'><strong>opere</strong></span> <span class='ocrx_word' id='word_1_75' title='bbox 435 927 625 1012; x_wconf 81' lang='lat' dir='ltr'><strong>exspectatio</strong></span> <span class='ocrx_word' id='word_1_76' title='bbox 647 936 704 992; x_wconf 90' lang='lat' dir='ltr'><strong>est.</strong></span> <span class='ocrx_word' id='word_1_77' title='bbox 746 933 821 993; x_wconf 89' lang='lat' dir='ltr'><strong>Nom</strong></span> <span class='ocrx_word' id='word_1_78' title='bbox 843 938 874 993; x_wconf 93' lang='lat' dir='ltr'><strong>et</strong></span> <span class='ocrx_word' id='word_1_79' title='bbox 894 929 939 994; x_wconf 92' lang='lat' dir='ltr'><strong>illi</strong></span> <span class='ocrx_word' id='word_1_80' title='bbox 960 950 1104 995; x_wconf 86' lang='lat' dir='ltr'><strong>rumores</strong></span> <span class='ocrx_word' id='word_1_81' title='bbox 1126 929 1166 994; x_wconf 89' lang='lat' dir='ltr'><strong>de</strong></span> <span class='ocrx_word' id='word_1_82' title='bbox 1187 930 1322 995; x_wconf 90' lang='lat' dir='ltr'><strong>comitiis</strong></span> <span class='ocrx_word' id='word_1_83' title='bbox 1343 936 1502 1015; x_wconf 85' lang='lat' dir='ltr'><strong>Transpa-</strong></span> 
     </span>
     <span class='ocr_line' id='line_1_9' title="bbox 181 1022 1503 1099; baseline -0.005 -7"><span class='ocrx_word' id='word_1_84' title='bbox 181 1026 335 1092; x_wconf 85' lang='lat' dir='ltr'><strong>danorum</strong></span> <span class='ocrx_word' id='word_1_85' title='bbox 357 1028 524 1091; x_wconf 83' lang='lat' dir='ltr'><strong>Cumarum</strong></span> <span class='ocrx_word' id='word_1_86' title='bbox 546 1031 635 1087; x_wconf 90' lang='lat' dir='ltr'><strong>tenus</strong></span> <span class='ocrx_word' id='word_1_87' title='bbox 656 1022 836 1099; x_wconf 88' lang='lat' dir='ltr'><strong>caluerunt;</strong></span> <span class='ocrx_word' id='word_1_88' title='bbox 874 1029 1004 1089; x_wconf 85' lang='lat' dir='ltr'><strong>Romam</strong></span> <span class='ocrx_word' id='word_1_89' title='bbox 1025 1044 1098 1088; x_wconf 92' lang='lat' dir='ltr'><strong>cum</strong></span> <span class='ocrx_word' id='word_1_90' title='bbox 1120 1024 1290 1098; x_wconf 84' lang='lat' dir='ltr'><strong>venissem,</strong></span> <span class='ocrx_word' id='word_1_91' title='bbox 1321 1043 1360 1086; x_wconf 91' lang='lat' dir='ltr'><strong>ne</strong></span> <span class='ocrx_word' id='word_1_92' title='bbox 1382 1022 1503 1087; x_wconf 89' lang='lat' dir='ltr'><strong>tenuis-</strong></span> 
     </span>
     <span class='ocr_line' id='line_1_10' title="bbox 180 1113 1501 1207; baseline -0.005 -21"><span class='ocrx_word' id='word_1_93' title='bbox 180 1121 291 1186; x_wconf 89' lang='lat' dir='ltr'><strong>simam</strong></span> <span class='ocrx_word' id='word_1_94' title='bbox 313 1118 439 1207; x_wconf 90' lang='lat' dir='ltr'><strong>quidem</strong></span> <span class='ocrx_word' id='word_1_95' title='bbox 460 1115 652 1181; x_wconf 90' lang='lat' dir='ltr'><strong>auditionem</strong></span> <span class='ocrx_word' id='word_1_96' title='bbox 674 1115 713 1180; x_wconf 89' lang='lat' dir='ltr'><strong>de</strong></span> <span class='ocrx_word' id='word_1_97' title='bbox 736 1136 772 1179; x_wconf 88' lang='lat' dir='ltr'><strong>ea</strong></span> <span class='ocrx_word' id='word_1_98' title='bbox 794 1135 829 1180; x_wconf 91' lang='lat' dir='ltr'><strong>re</strong></span> <span class='ocrx_word' id='word_1_99' title='bbox 855 1116 970 1201; x_wconf 89' lang='lat' dir='ltr'><strong>accepi.</strong></span> <span class='ocrx_word' id='word_1_100' title='bbox 1024 1121 1190 1181; x_wconf 89' lang='lat' dir='ltr'><strong>Praeterea</strong></span> <span class='ocrx_word' id='word_1_101' title='bbox 1210 1116 1389 1189; x_wconf 84' lang='lat' dir='ltr'><strong>Marcellus,</strong></span> <span class='ocrx_word' id='word_1_102' title='bbox 1414 1113 1501 1201; x_wconf 90' lang='lat' dir='ltr'><strong>qnod</strong></span> 
     </span>
     <span class='ocr_line' id='line_1_11' title="bbox 145 1207 1502 1293; baseline -0.005 -14"><span class='ocrx_word' id='word_1_103' title='bbox 145 1228 172 1271; x_wconf 81' lang='lat'><strong>¹⁰</strong></span> <span class='ocrx_word' id='word_1_104' title='bbox 180 1213 281 1279; x_wconf 87' lang='lat' dir='ltr'><strong>adbuc</strong></span> <span class='ocrx_word' id='word_1_105' title='bbox 302 1211 377 1278; x_wconf 95' lang='lat' dir='ltr'><strong>nibil</strong></span> <span class='ocrx_word' id='word_1_106' title='bbox 408 1208 527 1276; x_wconf 92' lang='lat' dir='ltr'><strong>rettulit</strong></span> <span class='ocrx_word' id='word_1_107' title='bbox 548 1208 588 1272; x_wconf 98' lang='lat' dir='ltr'><strong>de</strong></span> <span class='ocrx_word' id='word_1_108' title='bbox 609 1207 807 1273; x_wconf 86' lang='lat' dir='ltr'><strong>successione</strong></span> <span class='ocrx_word' id='word_1_109' title='bbox 829 1208 1063 1293; x_wconf 87' lang='lat' dir='ltr'><strong>provinciarum</strong></span> <span class='ocrx_word' id='word_1_110' title='bbox 1085 1208 1259 1273; x_wconf 90' lang='lat' dir='ltr'><strong>Galliarum</strong></span> <span class='ocrx_word' id='word_1_111' title='bbox 1281 1218 1312 1273; x_wconf 92' lang='lat' dir='ltr'><strong>et</strong></span> <span class='ocrx_word' id='word_1_112' title='bbox 1332 1207 1366 1271; x_wconf 94' lang='lat' dir='ltr'><strong>in</strong></span> <span class='ocrx_word' id='word_1_113' title='bbox 1386 1207 1502 1272; x_wconf 80' lang='lat' dir='ltr'><strong>Kalen-</strong></span> 
     </span>
     <span class='ocr_line' id='line_1_12' title="bbox 180 1300 1501 1387; baseline -0.005 -15"><span class='ocrx_word' id='word_1_114' title='bbox 180 1306 235 1372; x_wconf 90' lang='lat' dir='ltr'><strong>das</strong></span> <span class='ocrx_word' id='word_1_115' title='bbox 256 1311 376 1380; x_wconf 87' lang='lat' dir='ltr'><strong>lunias,</strong></span> <span class='ocrx_word' id='word_1_116' title='bbox 408 1313 444 1369; x_wconf 92' lang='lat' dir='ltr'><strong>ut</strong></span> <span class='ocrx_word' id='word_1_117' title='bbox 466 1301 542 1367; x_wconf 91' lang='lat' dir='ltr'><strong>mibi</strong></span> <span class='ocrx_word' id='word_1_118' title='bbox 563 1301 630 1386; x_wconf 89' lang='lat' dir='ltr'><strong>ipso</strong></span> <span class='ocrx_word' id='word_1_119' title='bbox 653 1300 749 1376; x_wconf 82' lang='lat' dir='ltr'><strong>dixit,</strong></span> <span class='ocrx_word' id='word_1_120' title='bbox 784 1322 854 1366; x_wconf 91' lang='lat' dir='ltr'><strong>eam</strong></span> <span class='ocrx_word' id='word_1_121' title='bbox 875 1300 993 1366; x_wconf 85' lang='lat' dir='ltr'><strong>distulit</strong></span> <span class='ocrx_word' id='word_1_122' title='bbox 1014 1302 1215 1375; x_wconf 84' lang='lat' dir='ltr'><strong>relationem,</strong></span> <span class='ocrx_word' id='word_1_123' title='bbox 1251 1321 1422 1387; x_wconf 89' lang='lat' dir='ltr'><strong>sanequam</strong></span> <span class='ocrx_word' id='word_1_124' title='bbox 1443 1320 1501 1366; x_wconf 90' lang='lat' dir='ltr'><strong>eos</strong></span> 
     </span>
     <span class='ocr_line' id='line_1_13' title="bbox 179 1393 1501 1483; baseline -0.004 -18"><span class='ocrx_word' id='word_1_125' title='bbox 179 1420 341 1465; x_wconf 88' lang='lat' dir='ltr'><strong>sermones</strong></span> <span class='ocrx_word' id='word_1_126' title='bbox 362 1400 536 1483; x_wconf 84' lang='lat' dir='ltr'><strong>expressit,</strong></span> <span class='ocrx_word' id='word_1_127' title='bbox 569 1394 624 1481; x_wconf 94' lang='lat' dir='ltr'><strong>qui</strong></span> <span class='ocrx_word' id='word_1_128' title='bbox 646 1393 685 1459; x_wconf 89' lang='lat' dir='ltr'><strong>de</strong></span> <span class='ocrx_word' id='word_1_129' title='bbox 712 1415 752 1460; x_wconf 92' lang='lat' dir='ltr'><strong>eo</strong></span> <span class='ocrx_word' id='word_1_130' title='bbox 774 1402 841 1459; x_wconf 94' lang='lat' dir='ltr'><strong>tum</strong></span> <span class='ocrx_word' id='word_1_131' title='bbox 862 1394 1002 1469; x_wconf 84' lang='lat' dir='ltr'><strong>fuerant,</strong></span> <span class='ocrx_word' id='word_1_132' title='bbox 1037 1415 1109 1460; x_wconf 90' lang='lat' dir='ltr'><strong>cum</strong></span> <span class='ocrx_word' id='word_1_133' title='bbox 1131 1400 1248 1460; x_wconf 85' lang='lat' dir='ltr'><strong>Itomae</strong></span> <span class='ocrx_word' id='word_1_134' title='bbox 1270 1414 1328 1459; x_wconf 90' lang='lat' dir='ltr'><strong>nos</strong></span> <span class='ocrx_word' id='word_1_135' title='bbox 1350 1413 1501 1460; x_wconf 82' lang='lat' dir='ltr'><strong>essemus.</strong></span> 
     </span>
     <span class='ocr_line' id='line_1_14' title="bbox 180 1486 1499 1575; baseline -0.006 -17"><span class='ocrx_word' id='word_1_136' title='bbox 180 1497 210 1558; x_wconf 92' lang='grc'><strong>3.</strong></span> <span class='ocrx_word' id='word_1_137' title='bbox 232 1499 279 1558; x_wconf 87' lang='lat' dir='ltr'><strong>Tu</strong></span> <span class='ocrx_word' id='word_1_138' title='bbox 301 1493 328 1558; x_wconf 90' lang='lat' dir='ltr'><strong>si</strong></span> <span class='ocrx_word' id='word_1_139' title='bbox 349 1489 549 1574; x_wconf 88' lang='lat' dir='ltr'><strong>Pompeium,</strong></span> <span class='ocrx_word' id='word_1_140' title='bbox 586 1498 622 1553; x_wconf 89' lang='lat' dir='ltr'><strong>ut</strong></span> <span class='ocrx_word' id='word_1_141' title='bbox 643 1486 789 1563; x_wconf 87' lang='lat' dir='ltr'><strong>volebas,</strong></span> <span class='ocrx_word' id='word_1_142' title='bbox 824 1487 997 1562; x_wconf 78' lang='lat' dir='ltr'><strong>offendisti,</strong></span> <span class='ocrx_word' id='word_1_143' title='bbox 1027 1487 1081 1575; x_wconf 95' lang='lat' dir='ltr'><strong>qui</strong></span> <span class='ocrx_word' id='word_1_144' title='bbox 1103 1487 1160 1552; x_wconf 93' lang='lat' dir='ltr'><strong>tibi</strong></span> <span class='ocrx_word' id='word_1_145' title='bbox 1182 1487 1267 1552; x_wconf 84' lang='lat' dir='ltr'><strong>visus</strong></span> <span class='ocrx_word' id='word_1_146' title='bbox 1289 1486 1329 1552; x_wconf 91' lang='lat' dir='ltr'><strong>sit</strong></span> <span class='ocrx_word' id='word_1_147' title='bbox 1350 1495 1382 1551; x_wconf 91' lang='lat' dir='ltr'><strong>et</strong></span> <span class='ocrx_word' id='word_1_148' title='bbox 1403 1507 1499 1573; x_wconf 88' lang='lat' dir='ltr'><strong>qnam</strong></span> 
     </span>
     <span class='ocr_line' id='line_1_15' title="bbox 180 1579 1501 1668; baseline -0.004 -19"><span class='ocrx_word' id='word_1_149' title='bbox 180 1586 355 1651; x_wconf 90' lang='lat' dir='ltr'><strong>orationem</strong></span> <span class='ocrx_word' id='word_1_150' title='bbox 376 1582 520 1648; x_wconf 92' lang='lat' dir='ltr'><strong>babuerit</strong></span> <span class='ocrx_word' id='word_1_151' title='bbox 540 1589 643 1646; x_wconf 89' lang='lat' dir='ltr'><strong>tecum</strong></span> <span class='ocrx_word' id='word_1_152' title='bbox 665 1602 823 1668; x_wconf 90' lang='lat' dir='ltr'><strong>quamque</strong></span> <span class='ocrx_word' id='word_1_153' title='bbox 844 1580 1017 1647; x_wconf 87' lang='lat' dir='ltr'><strong>ostenderit</strong></span> <span class='ocrx_word' id='word_1_154' title='bbox 1038 1581 1229 1646; x_wconf 84' lang='lat' dir='ltr'><strong>voluntatem</strong></span> <span class='ocrx_word' id='word_1_155' title='bbox 1251 1616 1292 1627; x_wconf 92' lang='lat'>—</span> <span class='ocrx_word' id='word_1_156' title='bbox 1313 1581 1393 1646; x_wconf 90' lang='lat' dir='ltr'><strong>solet</strong></span> <span class='ocrx_word' id='word_1_157' title='bbox 1416 1579 1501 1644; x_wconf 88' lang='lat' dir='ltr'><strong>enim</strong></span> 
     </span>
     <span class='ocr_line' id='line_1_16' title="bbox 145 1673 1499 1761; baseline -0.004 -18"><span class='ocrx_word' id='word_1_158' title='bbox 145 1678 262 1742; x_wconf 73' lang='lat' dir='ltr'><strong>asatiud</strong></span> <span class='ocrx_word' id='word_1_159' title='bbox 293 1678 410 1743; x_wconf 90' lang='lat' dir='ltr'><strong>sentire</strong></span> <span class='ocrx_word' id='word_1_160' title='bbox 437 1686 468 1740; x_wconf 90' lang='lat' dir='ltr'><strong>et</strong></span> <span class='ocrx_word' id='word_1_161' title='bbox 488 1674 575 1761; x_wconf 94' lang='lat' dir='ltr'><strong>loqui</strong></span> <span class='ocrx_word' id='word_1_162' title='bbox 602 1695 706 1760; x_wconf 92' lang='lat' dir='ltr'><strong>neque</strong></span> <span class='ocrx_word' id='word_1_163' title='bbox 735 1683 853 1740; x_wconf 91' lang='lat' dir='ltr'><strong>tantum</strong></span> <span class='ocrx_word' id='word_1_164' title='bbox 882 1675 987 1740; x_wconf 86' lang='lat' dir='ltr'><strong>valere</strong></span> <span class='ocrx_word' id='word_1_165' title='bbox 1008 1673 1153 1758; x_wconf 81' lang='lat' dir='ltr'><strong>ingenio,</strong></span> <span class='ocrx_word' id='word_1_166' title='bbox 1189 1681 1309 1739; x_wconf 89' lang='lat' dir='ltr'><strong>utnon</strong></span> <span class='ocrx_word' id='word_1_167' title='bbox 1331 1682 1499 1759; x_wconf 78' lang='lat' dir='ltr'><strong>appareat,</strong></span> 
     </span>
     <span class='ocr_line' id='line_1_17' title="bbox 181 1765 1500 1856; baseline -0.003 -21"><span class='ocrx_word' id='word_1_168' title='bbox 181 1770 255 1856; x_wconf 92' lang='lat' dir='ltr'><strong>quid</strong></span> <span class='ocrx_word' id='word_1_169' title='bbox 277 1771 382 1854; x_wconf 90' lang='lat' dir='ltr'><strong>cupiat</strong></span> <span class='ocrx_word' id='word_1_170' title='bbox 403 1803 461 1843; x_wconf 87' lang='lat'><strong>-,</strong></span> <span class='ocrx_word' id='word_1_171' title='bbox 496 1768 545 1833; x_wconf 84' lang='lat' dir='ltr'><strong>sac</strong></span> <span class='ocrx_word' id='word_1_172' title='bbox 565 1767 641 1831; x_wconf 91' lang='lat' dir='ltr'><strong>mibi</strong></span> <span class='ocrx_word' id='word_1_173' title='bbox 662 1768 847 1853; x_wconf 86' lang='lat' dir='ltr'><strong>perscribas.</strong></span> <span class='ocrx_word' id='word_1_174' title='bbox 904 1773 935 1833; x_wconf 78' lang='lat' dir='ltr'><strong>d.</strong></span> <span class='ocrx_word' id='word_1_175' title='bbox 959 1767 1052 1845; x_wconf 87' lang='lat' dir='ltr'><strong>Quod</strong></span> <span class='ocrx_word' id='word_1_176' title='bbox 1074 1766 1111 1831; x_wconf 93' lang='lat' dir='ltr'><strong>ad</strong></span> <span class='ocrx_word' id='word_1_177' title='bbox 1135 1770 1317 1841; x_wconf 87' lang='lat' dir='ltr'><strong>Caesarem,</strong></span> <span class='ocrx_word' id='word_1_178' title='bbox 1341 1765 1446 1831; x_wconf 88' lang='lat' dir='ltr'><strong>crebri</strong></span> <span class='ocrx_word' id='word_1_179' title='bbox 1469 1775 1500 1831; x_wconf 87' lang='lat' dir='ltr'><strong>et</strong></span> 
     </span>
     <span class='ocr_line' id='line_1_18' title="bbox 180 1858 1500 1936; baseline -0.003 -9"><span class='ocrx_word' id='word_1_180' title='bbox 180 1885 243 1928; x_wconf 95' lang='lat' dir='ltr'><strong>non</strong></span> <span class='ocrx_word' id='word_1_181' title='bbox 268 1861 341 1928; x_wconf 91' lang='lat' dir='ltr'><strong>belli</strong></span> <span class='ocrx_word' id='word_1_182' title='bbox 370 1862 409 1926; x_wconf 89' lang='lat' dir='ltr'><strong>de</strong></span> <span class='ocrx_word' id='word_1_183' title='bbox 439 1882 478 1926; x_wconf 88' lang='lat' dir='ltr'><strong>eo</strong></span> <span class='ocrx_word' id='word_1_184' title='bbox 506 1881 667 1934; x_wconf 88' lang='lat' dir='ltr'><strong>rumores,</strong></span> <span class='ocrx_word' id='word_1_185' title='bbox 700 1860 756 1925; x_wconf 89' lang='lat' dir='ltr'><strong>sed</strong></span> <span class='ocrx_word' id='word_1_186' title='bbox 783 1870 997 1926; x_wconf 86' lang='lat' dir='ltr'><strong>susurratores</strong></span> <span class='ocrx_word' id='word_1_187' title='bbox 1025 1861 1197 1936; x_wconf 84' lang='lat' dir='ltr'><strong>dumtaxat,</strong></span> <span class='ocrx_word' id='word_1_188' title='bbox 1234 1859 1384 1936; x_wconf 83' lang='lat' dir='ltr'><strong>veniunt;</strong></span> <span class='ocrx_word' id='word_1_189' title='bbox 1420 1858 1500 1923; x_wconf 90' lang='lat' dir='ltr'><strong>alius</strong></span> 
     </span>
     <span class='ocr_line' id='line_1_19' title="bbox 180 1951 1500 2042; baseline -0.004 -22"><span class='ocrx_word' id='word_1_190' title='bbox 180 1957 316 2042; x_wconf 89' lang='lat' dir='ltr'><strong>equitem</strong></span> <span class='ocrx_word' id='word_1_191' title='bbox 345 1954 534 2040; x_wconf 87' lang='lat' dir='ltr'><strong>perdidisse,</strong></span> <span class='ocrx_word' id='word_1_192' title='bbox 570 1952 671 2038; x_wconf 93' lang='lat' dir='ltr'><strong>quod,</strong></span> <span class='ocrx_word' id='word_1_193' title='bbox 706 1954 838 2038; x_wconf 90' lang='lat' dir='ltr'><strong>opinor,</strong></span> <span class='ocrx_word' id='word_1_194' title='bbox 872 1963 957 2019; x_wconf 90' lang='lat' dir='ltr'><strong>certe</strong></span> <span class='ocrx_word' id='word_1_195' title='bbox 990 1955 1104 2019; x_wconf 83' lang='lat' dir='ltr'><strong>lactum</strong></span> <span class='ocrx_word' id='word_1_196' title='bbox 1133 1962 1196 2031; x_wconf 91' lang='lat' dir='ltr'><strong>est;</strong></span> <span class='ocrx_word' id='word_1_197' title='bbox 1234 1953 1313 2017; x_wconf 89' lang='lat' dir='ltr'><strong>alius</strong></span> <span class='ocrx_word' id='word_1_198' title='bbox 1335 1951 1500 2037; x_wconf 90' lang='lat' dir='ltr'><strong>septimam</strong></span> 
     </span>
     <span class='ocr_line' id='line_1_20' title="bbox 178 2045 1500 2133; baseline -0.004 -19"><span class='ocrx_word' id='word_1_199' title='bbox 178 2047 338 2132; x_wconf 81' lang='lat' dir='ltr'><strong>legionem</strong></span> <span class='ocrx_word' id='word_1_200' title='bbox 361 2049 538 2133; x_wconf 79' lang='lat' dir='ltr'><strong>vapulasse,</strong></span> <span class='ocrx_word' id='word_1_201' title='bbox 571 2045 674 2130; x_wconf 86' lang='lat' dir='ltr'><strong>ipsum</strong></span> <span class='ocrx_word' id='word_1_202' title='bbox 712 2045 795 2131; x_wconf 93' lang='lat' dir='ltr'><strong>apud</strong></span> <span class='ocrx_word' id='word_1_203' title='bbox 826 2048 1007 2112; x_wconf 87' lang='lat' dir='ltr'><strong>Bellovacos</strong></span> <span class='ocrx_word' id='word_1_204' title='bbox 1038 2045 1261 2112; x_wconf 88' lang='lat' dir='ltr'><strong>circumsederi</strong></span> <span class='ocrx_word' id='word_1_205' title='bbox 1296 2045 1500 2110; x_wconf 90' lang='lat' dir='ltr'><strong>interclusum</strong></span> 
     </span>
     <span class='ocr_line' id='line_1_21' title="bbox 141 2137 1499 2228; baseline -0.003 -23"><span class='ocrx_word' id='word_1_206' title='bbox 141 2140 218 2205; x_wconf 81' lang='lat' dir='ltr'><strong>nab</strong></span> <span class='ocrx_word' id='word_1_207' title='bbox 239 2141 362 2228; x_wconf 89' lang='lat' dir='ltr'><strong>reliquo</strong></span> <span class='ocrx_word' id='word_1_208' title='bbox 384 2139 540 2206; x_wconf 88' lang='lat' dir='ltr'><strong>exercitu:</strong></span> <span class='ocrx_word' id='word_1_209' title='bbox 563 2160 664 2224; x_wconf 89' lang='lat' dir='ltr'><strong>noque</strong></span> <span class='ocrx_word' id='word_1_210' title='bbox 686 2138 787 2204; x_wconf 90' lang='lat' dir='ltr'><strong>adbuc</strong></span> <span class='ocrx_word' id='word_1_211' title='bbox 808 2140 885 2204; x_wconf 89' lang='lat' dir='ltr'><strong>certi</strong></span> <span class='ocrx_word' id='word_1_212' title='bbox 900 2139 1071 2227; x_wconf 89' lang='lat' dir='ltr'><strong>quidquam</strong></span> <span class='ocrx_word' id='word_1_213' title='bbox 1086 2149 1150 2215; x_wconf 90' lang='lat' dir='ltr'><strong>est,</strong></span> <span class='ocrx_word' id='word_1_214' title='bbox 1173 2160 1276 2225; x_wconf 91' lang='lat' dir='ltr'><strong>neque</strong></span> <span class='ocrx_word' id='word_1_215' title='bbox 1291 2137 1367 2203; x_wconf 89' lang='lat' dir='ltr'><strong>baec</strong></span> <span class='ocrx_word' id='word_1_216' title='bbox 1380 2139 1499 2203; x_wconf 89' lang='lat' dir='ltr'><strong>incerta</strong></span> 
     </span>
     <span class='ocr_line' id='line_1_22' title="bbox 179 2232 1499 2320; baseline -0.004 -21"><span class='ocrx_word' id='word_1_217' title='bbox 179 2243 281 2299; x_wconf 92' lang='lat' dir='ltr'><strong>tamen</strong></span> <span class='ocrx_word' id='word_1_218' title='bbox 303 2235 398 2320; x_wconf 78' lang='lat' dir='ltr'><strong>vulgo</strong></span> <span class='ocrx_word' id='word_1_219' title='bbox 420 2235 591 2306; x_wconf 87' lang='lat' dir='ltr'><strong>iactantur,</strong></span> <span class='ocrx_word' id='word_1_220' title='bbox 627 2232 681 2297; x_wconf 93' lang='lat' dir='ltr'><strong>sed</strong></span> <span class='ocrx_word' id='word_1_221' title='bbox 703 2232 785 2297; x_wconf 91' lang='lat' dir='ltr'><strong>inter</strong></span> <span class='ocrx_word' id='word_1_222' title='bbox 805 2254 939 2319; x_wconf 90' lang='lat' dir='ltr'><strong>paucos,</strong></span> <span class='ocrx_word' id='word_1_223' title='bbox 976 2254 1055 2320; x_wconf 90' lang='lat' dir='ltr'><strong>quos</strong></span> <span class='ocrx_word' id='word_1_224' title='bbox 1078 2241 1111 2297; x_wconf 90' lang='lat' dir='ltr'><strong>tu</strong></span> <span class='ocrx_word' id='word_1_225' title='bbox 1132 2233 1232 2307; x_wconf 91' lang='lat' dir='ltr'><strong>nosti,</strong></span> <span class='ocrx_word' id='word_1_226' title='bbox 1254 2233 1356 2318; x_wconf 91' lang='lat' dir='ltr'><strong>palam</strong></span> <span class='ocrx_word' id='word_1_227' title='bbox 1377 2239 1499 2295; x_wconf 89' lang='lat' dir='ltr'><strong>secreto</strong></span> 
     </span>
     <span class='ocr_line' id='line_1_23' title="bbox 178 2322 1498 2412; baseline -0.003 -21"><span class='ocrx_word' id='word_1_228' title='bbox 178 2339 361 2406; x_wconf 90' lang='lat' dir='ltr'><strong>narrantur;</strong></span> <span class='ocrx_word' id='word_1_229' title='bbox 394 2337 425 2392; x_wconf 94' lang='lat' dir='ltr'><strong>at</strong></span> <span class='ocrx_word' id='word_1_230' title='bbox 452 2325 622 2398; x_wconf 85' lang='lat' dir='ltr'><strong>Domitius,</strong></span> <span class='ocrx_word' id='word_1_231' title='bbox 650 2346 721 2390; x_wconf 91' lang='lat' dir='ltr'><strong>cum</strong></span> <span class='ocrx_word' id='word_1_232' title='bbox 743 2347 853 2391; x_wconf 89' lang='lat' dir='ltr'><strong>manus</strong></span> <span class='ocrx_word' id='word_1_233' title='bbox 874 2326 914 2391; x_wconf 94' lang='lat' dir='ltr'><strong>ad</strong></span> <span class='ocrx_word' id='word_1_234' title='bbox 935 2347 971 2392; x_wconf 88' lang='lat' dir='ltr'><strong>os</strong></span> <span class='ocrx_word' id='word_1_235' title='bbox 993 2326 1146 2412; x_wconf 89' lang='lat' dir='ltr'><strong>apposuit.</strong></span> <span class='ocrx_word' id='word_1_236' title='bbox 1190 2322 1498 2390; x_wconf 77' lang='lat' dir='ltr'><strong>Tea.d.1x.llal.</strong></span> 
     </span>
     <span class='ocr_line' id='line_1_24' title="bbox 177 2415 1497 2506; baseline -0.003 -22"><span class='ocrx_word' id='word_1_237' title='bbox 177 2419 281 2484; x_wconf 90' lang='lat' dir='ltr'><strong>lunias</strong></span> <span class='ocrx_word' id='word_1_238' title='bbox 314 2419 509 2485; x_wconf 90' lang='lat' dir='ltr'><strong>subrostrani</strong></span> <span class='ocrx_word' id='word_1_239' title='bbox 540 2453 580 2465; x_wconf 93' lang='lat'><em>-</em></span> <span class='ocrx_word' id='word_1_240' title='bbox 611 2418 695 2505; x_wconf 94' lang='lat' dir='ltr'><strong>quod</strong></span> <span class='ocrx_word' id='word_1_241' title='bbox 725 2419 852 2486; x_wconf 93' lang='lat' dir='ltr'><strong>illorum</strong></span> <span class='ocrx_word' id='word_1_242' title='bbox 880 2421 974 2506; x_wconf 90' lang='lat' dir='ltr'><strong>capiti</strong></span> <span class='ocrx_word' id='word_1_243' title='bbox 1001 2420 1056 2484; x_wconf 90' lang='lat' dir='ltr'><strong>sitt</strong></span> <span class='ocrx_word' id='word_1_244' title='bbox 1080 2455 1120 2467; x_wconf 92' lang='lat'><em>-</em></span> <span class='ocrx_word' id='word_1_245' title='bbox 1148 2419 1338 2505; x_wconf 89' lang='lat' dir='ltr'><strong>dissiparant</strong></span> <span class='ocrx_word' id='word_1_246' title='bbox 1357 2415 1497 2502; x_wconf 88' lang='lat' dir='ltr'><strong>perisse:</strong></span> 
     </span>
     <span class='ocr_line' id='line_1_25' title="bbox 123 2509 1500 2596; baseline -0.003 -19"><span class='ocrx_word' id='word_1_247' title='bbox 123 2548 126 2556; x_wconf 94' lang='lat'>·</span> <span class='ocrx_word' id='word_1_248' title='bbox 178 2511 261 2577; x_wconf 90' lang='lat' dir='ltr'><strong>unde</strong></span> <span class='ocrx_word' id='word_1_249' title='bbox 282 2512 315 2576; x_wconf 96' lang='lat' dir='ltr'><strong>in</strong></span> <span class='ocrx_word' id='word_1_250' title='bbox 337 2512 416 2578; x_wconf 90' lang='lat' dir='ltr'><strong>urbe</strong></span> <span class='ocrx_word' id='word_1_251' title='bbox 437 2532 474 2577; x_wconf 91' lang='lat' dir='ltr'><strong>ac</strong></span> <span class='ocrx_word' id='word_1_252' title='bbox 494 2511 566 2577; x_wconf 85' lang='lat' dir='ltr'><strong>soro</strong></span> <span class='ocrx_word' id='word_1_253' title='bbox 588 2520 655 2576; x_wconf 92' lang='lat' dir='ltr'><strong>toto</strong></span> <span class='ocrx_word' id='word_1_254' title='bbox 677 2511 832 2578; x_wconf 91' lang='lat' dir='ltr'><strong>maximus</strong></span> <span class='ocrx_word' id='word_1_255' title='bbox 853 2533 964 2577; x_wconf 91' lang='lat' dir='ltr'><strong>rumor</strong></span> <span class='ocrx_word' id='word_1_256' title='bbox 985 2511 1045 2577; x_wconf 77' lang='lat' dir='ltr'><strong>sarit</strong></span> <span class='ocrx_word' id='word_1_257' title='bbox 1065 2519 1096 2577; x_wconf 92' lang='lat' dir='ltr'><strong>te</strong></span> <span class='ocrx_word' id='word_1_258' title='bbox 1117 2534 1136 2577; x_wconf 91' lang='lat' dir='ltr'><strong>a</strong></span> <span class='ocrx_word' id='word_1_259' title='bbox 1158 2514 1197 2590; x_wconf 85' lang='lat' dir='ltr'><strong>Q.</strong></span> <span class='ocrx_word' id='word_1_260' title='bbox 1219 2510 1371 2596; x_wconf 87' lang='lat' dir='ltr'><strong>Pompeio</strong></span> <span class='ocrx_word' id='word_1_261' title='bbox 1393 2509 1427 2574; x_wconf 94' lang='lat' dir='ltr'><strong>in</strong></span> <span class='ocrx_word' id='word_1_262' title='bbox 1448 2509 1500 2573; x_wconf 93' lang='lat' dir='ltr'><strong>iti·</strong></span> 
     </span>
     <span class='ocr_line' id='line_1_26' title="bbox 141 2601 1499 2691; baseline 0.001 -27"><span class='ocrx_word' id='word_1_263' title='bbox 141 2623 254 2670; x_wconf 77' lang='lat' dir='ltr'><strong>sonore</strong></span> <span class='ocrx_word' id='word_1_264' title='bbox 276 2605 424 2670; x_wconf 90' lang='lat' dir='ltr'><strong>occisum.</strong></span> <span class='ocrx_word' id='word_1_265' title='bbox 481 2608 569 2689; x_wconf 76' lang='lat' dir='ltr'><strong>Ego,</strong></span> <span class='ocrx_word' id='word_1_266' title='bbox 597 2604 653 2690; x_wconf 90' lang='lat' dir='ltr'><strong>qui</strong></span> <span class='ocrx_word' id='word_1_267' title='bbox 681 2605 813 2681; x_wconf 90' lang='lat' dir='ltr'><strong>scirem,</strong></span> <span class='ocrx_word' id='word_1_268' title='bbox 848 2609 886 2683; x_wconf 86' lang='lat' dir='ltr'><strong>Q.</strong></span> <span class='ocrx_word' id='word_1_269' title='bbox 914 2606 1098 2691; x_wconf 91' lang='lat' dir='ltr'><strong>Pompeium</strong></span> <span class='ocrx_word' id='word_1_270' title='bbox 1123 2605 1230 2670; x_wconf 88' lang='lat' dir='ltr'><strong>Baulis</strong></span> <span class='ocrx_word' id='word_1_271' title='bbox 1253 2601 1499 2668; x_wconf 86' lang='lat' dir='ltr'><strong>embaeneticam</strong></span> 
     </span>
     <span class='ocr_line' id='line_1_27' title="bbox 175 2697 1498 2785; baseline -0.002 -22"><span class='ocrx_word' id='word_1_272' title='bbox 175 2699 282 2763; x_wconf 73' lang='lat' dir='ltr'><strong>&#39;iacere</strong></span> <span class='ocrx_word' id='word_1_273' title='bbox 304 2708 335 2763; x_wconf 91' lang='lat' dir='ltr'><strong>et</strong></span> <span class='ocrx_word' id='word_1_274' title='bbox 355 2719 456 2785; x_wconf 90' lang='lat' dir='ltr'><strong>nsque</strong></span> <span class='ocrx_word' id='word_1_275' title='bbox 478 2719 532 2773; x_wconf 90' lang='lat' dir='ltr'><strong>eo,</strong></span> <span class='ocrx_word' id='word_1_276' title='bbox 569 2708 603 2764; x_wconf 97' lang='lat' dir='ltr'><strong>ut</strong></span> <span class='ocrx_word' id='word_1_277' title='bbox 624 2718 684 2782; x_wconf 81' lang='lat' dir='ltr'><strong>ego</strong></span> <span class='ocrx_word' id='word_1_278' title='bbox 705 2698 874 2764; x_wconf 91' lang='lat' dir='ltr'><strong>misererer</strong></span> <span class='ocrx_word' id='word_1_279' title='bbox 896 2698 963 2762; x_wconf 90' lang='lat' dir='ltr'><strong>eius</strong></span> <span class='ocrx_word' id='word_1_280' title='bbox 985 2697 1122 2771; x_wconf 88' lang='lat' dir='ltr'><strong>esuriei,</strong></span> <span class='ocrx_word' id='word_1_281' title='bbox 1146 2718 1210 2763; x_wconf 90' lang='lat' dir='ltr'><strong>non</strong></span> <span class='ocrx_word' id='word_1_282' title='bbox 1232 2717 1301 2761; x_wconf 91' lang='lat' dir='ltr'><strong>snm</strong></span> <span class='ocrx_word' id='word_1_283' title='bbox 1323 2704 1498 2761; x_wconf 89' lang='lat' dir='ltr'><strong>commotus</strong></span> 
     </span>
     <span class='ocr_line' id='line_1_28' title="bbox 180 2789 1496 2879; baseline -0.002 -23"><span class='ocrx_word' id='word_1_284' title='bbox 180 2801 211 2856; x_wconf 91' lang='lat' dir='ltr'><strong>et</strong></span> <span class='ocrx_word' id='word_1_285' title='bbox 232 2791 292 2857; x_wconf 89' lang='lat' dir='ltr'><strong>boc</strong></span> <span class='ocrx_word' id='word_1_286' title='bbox 313 2791 495 2867; x_wconf 89' lang='lat' dir='ltr'><strong>mendacio,</strong></span> <span class='ocrx_word' id='word_1_287' title='bbox 531 2795 557 2856; x_wconf 94' lang='lat' dir='ltr'><strong>si</strong></span> <span class='ocrx_word' id='word_1_288' title='bbox 580 2813 641 2878; x_wconf 85' lang='lat' dir='ltr'><strong>qua</strong></span> <span class='ocrx_word' id='word_1_289' title='bbox 661 2792 801 2879; x_wconf 83' lang='lat' dir='ltr'><strong>pericula</strong></span> <span class='ocrx_word' id='word_1_290' title='bbox 828 2791 885 2857; x_wconf 94' lang='lat' dir='ltr'><strong>tibi</strong></span> <span class='ocrx_word' id='word_1_291' title='bbox 906 2790 1141 2877; x_wconf 90' lang='lat' dir='ltr'><strong>impenderent,</strong></span> <span class='ocrx_word' id='word_1_292' title='bbox 1173 2797 1210 2857; x_wconf 93' lang='lat' dir='ltr'><strong>ut</strong></span> <span class='ocrx_word' id='word_1_293' title='bbox 1237 2789 1496 2874; x_wconf 74' lang='lat' dir='ltr'><strong>temngeremur.</strong></span> 
     </span>
     <span class='ocr_line' id='line_1_29' title="bbox 179 2882 1499 2972; baseline -0.001 -23"><span class='ocrx_word' id='word_1_294' title='bbox 179 2885 294 2972; x_wconf 90' lang='lat' dir='ltr'><strong>optavi.</strong></span> <span class='ocrx_word' id='word_1_295' title='bbox 338 2886 469 2950; x_wconf 87' lang='lat' dir='ltr'><strong>Plancus</strong></span> <span class='ocrx_word' id='word_1_296' title='bbox 491 2884 617 2971; x_wconf 94' lang='lat' dir='ltr'><strong>quidem</strong></span> <span class='ocrx_word' id='word_1_297' title='bbox 645 2894 717 2951; x_wconf 91' lang='lat' dir='ltr'><strong>tuus</strong></span> <span class='ocrx_word' id='word_1_298' title='bbox 744 2890 907 2952; x_wconf 83' lang='lat' dir='ltr'><strong>Ravennae</strong></span> <span class='ocrx_word' id='word_1_299' title='bbox 929 2894 991 2956; x_wconf 90' lang='lat' dir='ltr'><strong>est,</strong></span> <span class='ocrx_word' id='word_1_300' title='bbox 1029 2892 1060 2948; x_wconf 86' lang='lat' dir='ltr'><strong>et</strong></span> <span class='ocrx_word' id='word_1_301' title='bbox 1081 2903 1196 2970; x_wconf 77' lang='lat' dir='ltr'><strong>magno</strong></span> <span class='ocrx_word' id='word_1_302' title='bbox 1217 2883 1379 2968; x_wconf 79' lang='lat' dir='ltr'><strong>congiario</strong></span> <span class='ocrx_word' id='word_1_303' title='bbox 1401 2882 1499 2950; x_wconf 89' lang='lat' dir='ltr'><strong>dona·</strong></span> 
     </span>
     <span class='ocr_line' id='line_1_30' title="bbox 179 2974 1498 3063; baseline 0.001 -23"><span class='ocrx_word' id='word_1_304' title='bbox 179 2986 229 3041; x_wconf 89' lang='lat' dir='ltr'><strong>tus</strong></span> <span class='ocrx_word' id='word_1_305' title='bbox 264 2998 282 3041; x_wconf 94' lang='lat' dir='ltr'><strong>a</strong></span> <span class='ocrx_word' id='word_1_306' title='bbox 312 2981 444 3043; x_wconf 88' lang='lat' dir='ltr'><strong>Caesare</strong></span> <span class='ocrx_word' id='word_1_307' title='bbox 472 2998 530 3043; x_wconf 91' lang='lat' dir='ltr'><strong>nec</strong></span> <span class='ocrx_word' id='word_1_308' title='bbox 554 2976 664 3043; x_wconf 90' lang='lat' dir='ltr'><strong>beatus</strong></span> <span class='ocrx_word' id='word_1_309' title='bbox 693 2998 751 3043; x_wconf 91' lang='lat' dir='ltr'><strong>nec</strong></span> <span class='ocrx_word' id='word_1_310' title='bbox 777 2976 858 3042; x_wconf 92' lang='lat' dir='ltr'><strong>bene</strong></span> <span class='ocrx_word' id='word_1_311' title='bbox 885 2978 1053 3042; x_wconf 89' lang='lat' dir='ltr'><strong>instructus</strong></span> <span class='ocrx_word' id='word_1_312' title='bbox 1080 2980 1153 3043; x_wconf 57' lang='lat' dir='ltr'><strong>est,</strong></span> <span class='ocrx_word' id='word_1_313' title='bbox 1186 2975 1246 3042; x_wconf 79' lang='lat' dir='ltr'><strong>aui</strong></span> <span class='ocrx_word' id='word_1_314' title='bbox 1277 2975 1398 3063; x_wconf 90' lang='lat' dir='ltr'><strong>politici</strong></span> <span class='ocrx_word' id='word_1_315' title='bbox 1425 2974 1498 3042; x_wconf 92' lang='lat' dir='ltr'><strong>libri</strong></span> 
     </span>
     <span class='ocr_line' id='line_1_31' title="bbox 141 3068 504 3156; baseline 0.011 -24"><span class='ocrx_word' id='word_1_316' title='bbox 141 3068 326 3135; x_wconf 80' lang='lat' dir='ltr'><strong>soomnibus</strong></span> <span class='ocrx_word' id='word_1_317' title='bbox 347 3070 504 3156; x_wconf 66' lang='lat' dir='ltr'><strong>&#39;frigens</strong></span> 
     </span>
    </p>
   </div>
   <div class='ocr_carea' id='block_1_3' title="bbox 625 3206 1045 3387">
    <p class='ocr_par' dir='ltr' id='par_1_3' title="bbox 625 3206 1045 3387">
     <span class='ocr_line' id='line_1_32' title="bbox 659 3206 1015 3294; baseline 0 -20"><span class='ocrx_word' id='word_1_318' title='bbox 659 3212 702 3275; x_wconf 89' lang='lat'><strong>11.</strong></span> <span class='ocrx_word' id='word_1_319' title='bbox 745 3207 793 3294; x_wconf 75' lang='lat' dir='ltr'><strong>(s.</strong></span> <span class='ocrx_word' id='word_1_320' title='bbox 820 3213 852 3274; x_wconf 84' lang='lat' dir='ltr'><strong>u.</strong></span> <span class='ocrx_word' id='word_1_321' title='bbox 875 3212 907 3274; x_wconf 87' lang='lat' dir='ltr'><strong>c.</strong></span> <span class='ocrx_word' id='word_1_322' title='bbox 930 3206 1015 3294; x_wconf 82' lang='lat' dir='ltr'><strong>ros.)</strong></span> 
     </span>
     <span class='ocr_line' id='line_1_33' title="bbox 625 3321 1045 3387; baseline -0.002 0"><span class='ocrx_word' id='word_1_323' title='bbox 625 3324 785 3387; x_wconf 77' lang='lat' dir='ltr'><strong>cnunrns</strong></span> <span class='ocrx_word' id='word_1_324' title='bbox 807 3321 990 3387; x_wconf 79' lang='lat' dir='ltr'><strong>emmoni</strong></span> <span class='ocrx_word' id='word_1_325' title='bbox 1011 3323 1045 3386; x_wconf 91' lang='lat' dir='ltr'><strong>s.</strong></span> 
     </span>
    </p>
   </div>
   <div class='ocr_carea' id='block_1_4' title="bbox 83 3434 1499 3998">
    <p class='ocr_par' dir='ltr' id='par_1_4' title="bbox 264 3434 1497 3530">
     <span class='ocr_line' id='line_1_34' title="bbox 264 3434 1497 3530; baseline 0.001 -22"><span class='ocrx_word' id='word_1_326' title='bbox 264 3445 292 3509; x_wconf 88' lang='lat' dir='ltr'><strong>l.</strong></span> <span class='ocrx_word' id='word_1_327' title='bbox 321 3446 428 3515; x_wconf 87' lang='lat' dir='ltr'><strong>Certe,</strong></span> <span class='ocrx_word' id='word_1_328' title='bbox 461 3443 604 3529; x_wconf 87' lang='lat' dir='ltr'><strong>inquam,</strong></span> <span class='ocrx_word' id='word_1_329' title='bbox 634 3441 793 3507; x_wconf 90' lang='lat' dir='ltr'><strong>absolutus</strong></span> <span class='ocrx_word' id='word_1_330' title='bbox 815 3434 885 3518; x_wconf 61' lang='lat' dir='ltr'><strong>esti</strong></span> <span class='ocrx_word' id='word_1_331' title='bbox 901 3463 952 3507; x_wconf 94' lang='lat' dir='ltr'><strong>me</strong></span> <span class='ocrx_word' id='word_1_332' title='bbox 973 3442 1006 3506; x_wconf 94' lang='lat' dir='ltr'><strong>in</strong></span> <span class='ocrx_word' id='word_1_333' title='bbox 1027 3462 1063 3505; x_wconf 89' lang='lat' dir='ltr'><strong>re</strong></span> <span class='ocrx_word' id='word_1_334' title='bbox 1084 3441 1242 3527; x_wconf 89' lang='lat' dir='ltr'><strong>praesenti</strong></span> <span class='ocrx_word' id='word_1_335' title='bbox 1263 3443 1497 3530; x_wconf 87' lang='lat' dir='ltr'><strong>pronuntiatum</strong></span> 
     </span>
    </p>

    <p class='ocr_par' dir='ltr' id='par_1_5' title="bbox 83 3533 1499 3998">
     <span class='ocr_line' id='line_1_35' title="bbox 180 3533 1498 3624; baseline 0.002 -24"><span class='ocrx_word' id='word_1_336' title='bbox 180 3543 243 3608; x_wconf 87' lang='lat' dir='ltr'><strong>est,</strong></span> <span class='ocrx_word' id='word_1_337' title='bbox 275 3543 307 3600; x_wconf 90' lang='lat' dir='ltr'><strong>et</strong></span> <span class='ocrx_word' id='word_1_338' title='bbox 333 3535 460 3622; x_wconf 89' lang='lat' dir='ltr'><strong>quidem</strong></span> <span class='ocrx_word' id='word_1_339' title='bbox 482 3534 627 3602; x_wconf 91' lang='lat' dir='ltr'><strong>omnibns</strong></span> <span class='ocrx_word' id='word_1_340' title='bbox 650 3533 832 3608; x_wconf 87' lang='lat' dir='ltr'><strong>ordinibus,</strong></span> <span class='ocrx_word' id='word_1_341' title='bbox 869 3535 925 3599; x_wconf 90' lang='lat' dir='ltr'><strong>sed</strong></span> <span class='ocrx_word' id='word_1_342' title='bbox 946 3534 1077 3618; x_wconf 79' lang='lat' dir='ltr'><strong>singulis</strong></span> <span class='ocrx_word' id='word_1_343' title='bbox 1098 3533 1131 3598; x_wconf 93' lang='lat' dir='ltr'><strong>in</strong></span> <span class='ocrx_word' id='word_1_344' title='bbox 1152 3555 1217 3600; x_wconf 92' lang='lat' dir='ltr'><strong>nno</strong></span> <span class='ocrx_word' id='word_1_345' title='bbox 1239 3557 1365 3624; x_wconf 88' lang='lat' dir='ltr'><strong>quoque</strong></span> <span class='ocrx_word' id='word_1_346' title='bbox 1387 3537 1498 3603; x_wconf 91' lang='lat' dir='ltr'><strong>ordine</strong></span> 
     </span>
     <span class='ocr_line' id='line_1_36' title="bbox 141 3626 1498 3717; baseline 0.004 -26"><span class='ocrx_word' id='word_1_347' title='bbox 141 3629 350 3694; x_wconf 74' lang='lat' dir='ltr'><strong>sesontentiis.</strong></span> <span class='ocrx_word' id='word_1_348' title='bbox 399 3628 476 3695; x_wconf 91' lang='lat' dir='ltr'><strong>Vide</strong></span> <span class='ocrx_word' id='word_1_349' title='bbox 499 3628 609 3703; x_wconf 94' lang='lat' dir='ltr'><strong>modo,</strong></span> <span class='ocrx_word' id='word_1_350' title='bbox 643 3629 755 3714; x_wconf 71' lang='lat' dir='ltr'><strong>inquis,</strong></span> <span class='ocrx_word' id='word_1_351' title='bbox 797 3633 886 3702; x_wconf 90' lang='lat' dir='ltr'><strong>Non,</strong></span> <span class='ocrx_word' id='word_1_352' title='bbox 915 3626 1131 3692; x_wconf 87' lang='lat' dir='ltr'><strong>mehercules:</strong></span> <span class='ocrx_word' id='word_1_353' title='bbox 1160 3628 1238 3693; x_wconf 90' lang='lat' dir='ltr'><strong>nibil</strong></span> <span class='ocrx_word' id='word_1_354' title='bbox 1259 3651 1396 3717; x_wconf 91' lang='lat' dir='ltr'><strong>unquam</strong></span> <span class='ocrx_word' id='word_1_355' title='bbox 1414 3629 1498 3696; x_wconf 91' lang='lat' dir='ltr'><strong>enim</strong></span> 
     </span>
     <span class='ocr_line' id='line_1_37' title="bbox 83 3720 1497 3809; baseline 0.004 -24"><span class='ocrx_word' id='word_1_356' title='bbox 83 3771 90 3785; x_wconf 90' lang='lat'><em>.</em></span> <span class='ocrx_word' id='word_1_357' title='bbox 179 3733 242 3788; x_wconf 93' lang='lat' dir='ltr'><strong>tam</strong></span> <span class='ocrx_word' id='word_1_358' title='bbox 263 3733 389 3808; x_wconf 91' lang='lat' dir='ltr'><strong>praeter</strong></span> <span class='ocrx_word' id='word_1_359' title='bbox 410 3722 605 3806; x_wconf 88' lang='lat' dir='ltr'><strong>opinionem,</strong></span> <span class='ocrx_word' id='word_1_360' title='bbox 633 3732 697 3786; x_wconf 91' lang='lat' dir='ltr'><strong>tam</strong></span> <span class='ocrx_word' id='word_1_361' title='bbox 719 3720 802 3807; x_wconf 95' lang='lat' dir='ltr'><strong>quod</strong></span> <span class='ocrx_word' id='word_1_362' title='bbox 825 3720 985 3787; x_wconf 88' lang='lat' dir='ltr'><strong>videretur</strong></span> <span class='ocrx_word' id='word_1_363' title='bbox 1006 3720 1152 3787; x_wconf 90' lang='lat' dir='ltr'><strong>omnibus</strong></span> <span class='ocrx_word' id='word_1_364' title='bbox 1173 3722 1355 3809; x_wconf 78' lang='lat' dir='ltr'><strong>indignum,</strong></span> <span class='ocrx_word' id='word_1_365' title='bbox 1377 3723 1497 3790; x_wconf 83' lang='lat' dir='ltr'><strong>accidit.</strong></span> 
     </span>
     <span class='ocr_line' id='line_1_38' title="bbox 180 3813 1499 3902; baseline 0.003 -22"><span class='ocrx_word' id='word_1_366' title='bbox 180 3814 265 3893; x_wconf 86' lang='lat' dir='ltr'><strong>Quid</strong></span> <span class='ocrx_word' id='word_1_367' title='bbox 286 3835 362 3900; x_wconf 81' lang='lat' dir='ltr'><strong>ego,</strong></span> <span class='ocrx_word' id='word_1_368' title='bbox 385 3836 457 3880; x_wconf 91' lang='lat' dir='ltr'><strong>cnm</strong></span> <span class='ocrx_word' id='word_1_369' title='bbox 478 3835 538 3902; x_wconf 92' lang='lat' dir='ltr'><strong>pro</strong></span> <span class='ocrx_word' id='word_1_370' title='bbox 560 3814 694 3879; x_wconf 83' lang='lat' dir='ltr'><strong>amicitia</strong></span> <span class='ocrx_word' id='word_1_371' title='bbox 715 3813 903 3879; x_wconf 89' lang='lat' dir='ltr'><strong>validissime</strong></span> <span class='ocrx_word' id='word_1_372' title='bbox 924 3815 1061 3880; x_wconf 79' lang='lat' dir='ltr'><strong>faverem</strong></span> <span class='ocrx_word' id='word_1_373' title='bbox 1084 3816 1115 3880; x_wconf 92' lang='lat' dir='ltr'><strong>ei</strong></span> <span class='ocrx_word' id='word_1_374' title='bbox 1137 3824 1169 3881; x_wconf 91' lang='lat' dir='ltr'><strong>et</strong></span> <span class='ocrx_word' id='word_1_375' title='bbox 1189 3838 1240 3881; x_wconf 91' lang='lat' dir='ltr'><strong>me</strong></span> <span class='ocrx_word' id='word_1_376' title='bbox 1262 3815 1376 3881; x_wconf 80' lang='lat' dir='ltr'><strong>iamed</strong></span> <span class='ocrx_word' id='word_1_377' title='bbox 1391 3814 1499 3884; x_wconf 91' lang='lat' dir='ltr'><strong>dolen·</strong></span> 
     </span>
     <span class='ocr_line' id='line_1_39' title="bbox 177 3907 1498 3998; baseline 0.003 -25"><span class='ocrx_word' id='word_1_378' title='bbox 177 3907 254 3973; x_wconf 92' lang='lat' dir='ltr'><strong>dum</strong></span> <span class='ocrx_word' id='word_1_379' title='bbox 274 3928 528 3995; x_wconf 86' lang='lat' dir='ltr'><strong>praeparassem,</strong></span> <span class='ocrx_word' id='word_1_380' title='bbox 560 3917 725 3994; x_wconf 91' lang='lat' dir='ltr'><strong>postquam</strong></span> <span class='ocrx_word' id='word_1_381' title='bbox 752 3907 866 3973; x_wconf 87' lang='lat' dir='ltr'><strong>sactum</strong></span> <span class='ocrx_word' id='word_1_382' title='bbox 897 3920 959 3983; x_wconf 89' lang='lat' dir='ltr'><strong>est,</strong></span> <span class='ocrx_word' id='word_1_383' title='bbox 994 3909 1133 3998; x_wconf 89' lang='lat' dir='ltr'><strong>obstipui</strong></span> <span class='ocrx_word' id='word_1_384' title='bbox 1160 3919 1192 3976; x_wconf 91' lang='lat' dir='ltr'><strong>et</strong></span> <span class='ocrx_word' id='word_1_385' title='bbox 1218 3910 1295 3977; x_wconf 90' lang='lat' dir='ltr'><strong>mibi</strong></span> <span class='ocrx_word' id='word_1_386' title='bbox 1320 3910 1408 3976; x_wconf 86' lang='lat' dir='ltr'><strong>visus</strong></span> <span class='ocrx_word' id='word_1_387' title='bbox 1429 3930 1498 3977; x_wconf 87' lang='lat' dir='ltr'><strong>sum</strong></span> 
     </span>
    </p>
   </div>
   <div class='ocr_carea' id='block_1_5' title="bbox 175 4070 1498 4908">
    <p class='ocr_par' dir='ltr' id='par_1_6' title="bbox 175 4070 1498 4908">
     <span class='ocr_line' id='line_1_40' title="bbox 248 4070 1497 4138; baseline 0.005 -17"><span class='ocrx_word' id='word_1_388' title='bbox 248 4073 274 4121; x_wconf 90' lang='lat'><strong>1.</strong></span> <span class='ocrx_word' id='word_1_389' title='bbox 302 4072 388 4121; x_wconf 65' lang='lat' dir='ltr'><strong>metas</strong></span> <span class='ocrx_word' id='word_1_390' title='bbox 412 4070 450 4122; x_wconf 91' lang='grc' dir='ltr'><strong>Μ.</strong></span> <span class='ocrx_word' id='word_1_391' title='bbox 478 4097 510 4108; x_wconf 88' lang='grc'>-</span> <span class='ocrx_word' id='word_1_392' title='bbox 548 4071 573 4121; x_wconf 88' lang='grc'><strong>3.</strong></span> <span class='ocrx_word' id='word_1_393' title='bbox 601 4071 773 4121; x_wconf 72' lang='grc' dir='ltr'><strong>οωοαὴίὸοα</strong></span> <span class='ocrx_word' id='word_1_394' title='bbox 791 4072 828 4122; x_wconf 83' lang='grc' dir='ltr'><strong>Μ.</strong></span> <span class='ocrx_word' id='word_1_395' title='bbox 856 4096 884 4106; x_wconf 86' lang='grc'>-</span> <span class='ocrx_word' id='word_1_396' title='bbox 922 4072 1104 4124; x_wconf 68' lang='lat' dir='ltr'><strong>&amp;tremissem</strong></span> <span class='ocrx_word' id='word_1_397' title='bbox 1123 4073 1160 4125; x_wconf 88' lang='grc' dir='ltr'><strong>Μ.</strong></span> <span class='ocrx_word' id='word_1_398' title='bbox 1193 4098 1224 4110; x_wconf 95' lang='grc'><strong>-</strong></span> <span class='ocrx_word' id='word_1_399' title='bbox 1260 4075 1288 4126; x_wconf 80' lang='grc'><strong>3.</strong></span> <span class='ocrx_word' id='word_1_400' title='bbox 1307 4073 1447 4138; x_wconf 56' lang='lat' dir='ltr'><strong>aranu,</strong></span> <span class='ocrx_word' id='word_1_401' title='bbox 1466 4096 1497 4112; x_wconf 90' lang='lat'>-</span> 
     </span>
     <span class='ocr_line' id='line_1_41' title="bbox 179 4140 1496 4208; baseline 0.005 -19"><span class='ocrx_word' id='word_1_402' title='bbox 179 4140 223 4189; x_wconf 88' lang='lat'><strong>10.</strong></span> <span class='ocrx_word' id='word_1_403' title='bbox 253 4143 452 4204; x_wconf 76' lang='lat' dir='ltr'><strong>provinciaram</strong></span> <span class='ocrx_word' id='word_1_404' title='bbox 480 4141 591 4191; x_wconf 82' lang='lat' dir='ltr'><strong>seclusit</strong></span> <span class='ocrx_word' id='word_1_405' title='bbox 616 4140 647 4189; x_wconf 80' lang='lat' dir='ltr'><strong>s.</strong></span> <span class='ocrx_word' id='word_1_406' title='bbox 680 4166 708 4176; x_wconf 94' lang='lat'>-</span> <span class='ocrx_word' id='word_1_407' title='bbox 748 4141 790 4190; x_wconf 87' lang='grc'><strong>12.</strong></span> <span class='ocrx_word' id='word_1_408' title='bbox 816 4143 938 4204; x_wconf 79' lang='lat' dir='ltr'><strong>repressit</strong></span> <span class='ocrx_word' id='word_1_409' title='bbox 959 4143 1105 4195; x_wconf 76' lang='lat' dir='ltr'><strong>Manutius.</strong></span> <span class='ocrx_word' id='word_1_410' title='bbox 1152 4143 1246 4196; x_wconf 77' lang='lat' dir='ltr'><strong>Malim</strong></span> <span class='ocrx_word' id='word_1_411' title='bbox 1261 4146 1366 4208; x_wconf 67' lang='lat' dir='ltr'><strong>mssstt.</strong></span> <span class='ocrx_word' id='word_1_412' title='bbox 1385 4143 1437 4196; x_wconf 72' lang='grc'><strong>01.</strong></span> <span class='ocrx_word' id='word_1_413' title='bbox 1465 4165 1496 4182; x_wconf 89' lang='grc'><strong>··</strong></span> 
     </span>
     <span class='ocr_line' id='line_1_42' title="bbox 177 4207 1497 4278; baseline 0.003 -18"><span class='ocrx_word' id='word_1_414' title='bbox 177 4210 284 4274; x_wconf 79' lang='lat' dir='ltr'><strong>{nerant</strong></span> <span class='ocrx_word' id='word_1_415' title='bbox 303 4210 348 4260; x_wconf 80' lang='lat' dir='ltr'><strong>bt:</strong></span> <span class='ocrx_word' id='word_1_416' title='bbox 367 4213 473 4276; x_wconf 62' lang='lat' dir='ltr'><strong>merant</strong></span> <span class='ocrx_word' id='word_1_417' title='bbox 492 4211 523 4261; x_wconf 83' lang='grc'><strong>11.</strong></span> <span class='ocrx_word' id='word_1_418' title='bbox 545 4234 576 4246; x_wconf 92' lang='grc'>-</span> <span class='ocrx_word' id='word_1_419' title='bbox 610 4207 668 4271; x_wconf 90' lang='lat' dir='ltr'><strong>nos]</strong></span> <span class='ocrx_word' id='word_1_420' title='bbox 687 4224 742 4259; x_wconf 87' lang='lat' dir='ltr'><strong>non</strong></span> <span class='ocrx_word' id='word_1_421' title='bbox 760 4223 800 4272; x_wconf 88' lang='lat' dir='ltr'><strong>pr.</strong></span> <span class='ocrx_word' id='word_1_422' title='bbox 820 4211 858 4262; x_wconf 88' lang='grc' dir='ltr'><strong>Μ.</strong></span> <span class='ocrx_word' id='word_1_423' title='bbox 880 4237 909 4248; x_wconf 95' lang='grc'>-</span> <span class='ocrx_word' id='word_1_424' title='bbox 948 4213 991 4262; x_wconf 78' lang='lat' dir='ltr'><strong>tt.</strong></span> <span class='ocrx_word' id='word_1_425' title='bbox 1011 4214 1156 4265; x_wconf 77' lang='lat' dir='ltr'><strong>ostenderet</strong></span> <span class='ocrx_word' id='word_1_426' title='bbox 1175 4213 1212 4264; x_wconf 87' lang='grc' dir='ltr'><strong>Μ.</strong></span> <span class='ocrx_word' id='word_1_427' title='bbox 1238 4239 1267 4252; x_wconf 91' lang='lat'>-</span> <span class='ocrx_word' id='word_1_428' title='bbox 1306 4215 1349 4265; x_wconf 79' lang='lat'><strong>15.</strong></span> <span class='ocrx_word' id='word_1_429' title='bbox 1368 4218 1497 4278; x_wconf 55' lang='grc' dir='ltr'><strong>φρειγητ</strong></span> 
     </span>
     <span class='ocr_line' id='line_1_43' title="bbox 178 4279 1498 4346; baseline 0.005 -17"><span class='ocrx_word' id='word_1_430' title='bbox 178 4286 208 4329; x_wconf 85' lang='lat' dir='ltr'><strong>at</strong></span> <span class='ocrx_word' id='word_1_431' title='bbox 226 4281 288 4343; x_wconf 81' lang='lat' dir='ltr'><strong>quid</strong></span> <span class='ocrx_word' id='word_1_432' title='bbox 307 4279 345 4331; x_wconf 91' lang='grc' dir='ltr'><strong>Μ.</strong></span> <span class='ocrx_word' id='word_1_433' title='bbox 365 4303 397 4317; x_wconf 93' lang='grc'>-</span> <span class='ocrx_word' id='word_1_434' title='bbox 435 4280 479 4330; x_wconf 92' lang='grc'><strong>18.</strong></span> <span class='ocrx_word' id='word_1_435' title='bbox 496 4282 585 4346; x_wconf 71' lang='lat' dir='ltr'><strong>fictam</strong></span> <span class='ocrx_word' id='word_1_436' title='bbox 603 4279 687 4329; x_wconf 80' lang='lat' dir='ltr'><strong>fleur.</strong></span> <span class='ocrx_word' id='word_1_437' title='bbox 707 4279 866 4341; x_wconf 77' lang='lat' dir='ltr'><strong>Stephanus.</strong></span> <span class='ocrx_word' id='word_1_438' title='bbox 889 4305 919 4317; x_wconf 93' lang='lat'>-</span> <span class='ocrx_word' id='word_1_439' title='bbox 948 4283 991 4333; x_wconf 82' lang='grc'><strong>13.</strong></span> <span class='ocrx_word' id='word_1_440' title='bbox 1010 4283 1186 4334; x_wconf 72' lang='lat' dir='ltr'><strong>aetnaeos-m.</strong></span> <span class='ocrx_word' id='word_1_441' title='bbox 1206 4306 1238 4319; x_wconf 91' lang='lat'>-</span> <span class='ocrx_word' id='word_1_442' title='bbox 1261 4283 1498 4335; x_wconf 63' lang='grc'><strong>83111318.-</strong></span> 
     </span>
     <span class='ocr_line' id='line_1_44' title="bbox 178 4349 1496 4416; baseline 0.003 -17"><span class='ocrx_word' id='word_1_443' title='bbox 178 4351 232 4399; x_wconf 82' lang='lat' dir='ltr'><strong>sint</strong></span> <span class='ocrx_word' id='word_1_444' title='bbox 249 4349 287 4400; x_wconf 92' lang='grc' dir='ltr'><strong>Μ.</strong></span> <span class='ocrx_word' id='word_1_445' title='bbox 321 4376 353 4386; x_wconf 98' lang='grc'>-</span> <span class='ocrx_word' id='word_1_446' title='bbox 387 4352 502 4413; x_wconf 75' lang='lat' dir='ltr'><strong>perisse:</strong></span> <span class='ocrx_word' id='word_1_447' title='bbox 528 4351 595 4399; x_wconf 81' lang='lat' dir='ltr'><strong>anda</strong></span> <span class='ocrx_word' id='word_1_448' title='bbox 612 4350 641 4398; x_wconf 88' lang='lat' dir='ltr'><strong>s&#39;n</strong></span> <span class='ocrx_word' id='word_1_449' title='bbox 657 4349 718 4398; x_wconf 76' lang='lat' dir='ltr'><strong>urbe</strong></span> <span class='ocrx_word' id='word_1_450' title='bbox 736 4350 872 4400; x_wconf 77' lang='lat' dir='ltr'><strong>Orellioss</strong></span> <span class='ocrx_word' id='word_1_451' title='bbox 899 4354 996 4415; x_wconf 80' lang='lat' dir='ltr'><strong>perisse</strong></span> <span class='ocrx_word' id='word_1_452' title='bbox 1013 4367 1047 4402; x_wconf 81' lang='lat' dir='ltr'><strong>ar</strong></span> <span class='ocrx_word' id='word_1_453' title='bbox 1064 4354 1095 4404; x_wconf 84' lang='lat' dir='ltr'><strong>de</strong></span> <span class='ocrx_word' id='word_1_454' title='bbox 1112 4353 1176 4404; x_wconf 82' lang='lat' dir='ltr'><strong>arbe</strong></span> <span class='ocrx_word' id='word_1_455' title='bbox 1194 4353 1221 4404; x_wconf 79' lang='grc' dir='ltr'><strong>Μ</strong></span> <span class='ocrx_word' id='word_1_456' title='bbox 1233 4389 1241 4412; x_wconf 86' lang='grc'><strong><em>,</em></strong></span> <span class='ocrx_word' id='word_1_457' title='bbox 1267 4354 1392 4416; x_wconf 71' lang='lat' dir='ltr'><strong>pennu.-</strong></span> <span class='ocrx_word' id='word_1_458' title='bbox 1410 4355 1451 4404; x_wconf 83' lang='lat' dir='ltr'><strong>tta</strong></span> <span class='ocrx_word' id='word_1_459' title='bbox 1466 4359 1496 4403; x_wconf 79' lang='lat' dir='ltr'><strong>st</strong></span> 
     </span>
     <span class='ocr_line' id='line_1_45' title="bbox 179 4418 1495 4486; baseline 0.003 -17"><span class='ocrx_word' id='word_1_460' title='bbox 179 4420 210 4469; x_wconf 84' lang='lat' dir='ltr'><strong>de</strong></span> <span class='ocrx_word' id='word_1_461' title='bbox 227 4418 290 4469; x_wconf 82' lang='lat' dir='ltr'><strong>arbe</strong></span> <span class='ocrx_word' id='word_1_462' title='bbox 307 4419 339 4469; x_wconf 83' lang='lat' dir='ltr'><strong>ll.</strong></span> <span class='ocrx_word' id='word_1_463' title='bbox 375 4418 471 4470; x_wconf 79' lang='lat' dir='ltr'><strong>Malim</strong></span> <span class='ocrx_word' id='word_1_464' title='bbox 486 4421 603 4482; x_wconf 61' lang='lat' dir='ltr'><strong>pensu:</strong></span> <span class='ocrx_word' id='word_1_465' title='bbox 634 4419 702 4468; x_wconf 83' lang='lat' dir='ltr'><strong>ands</strong></span> <span class='ocrx_word' id='word_1_466' title='bbox 725 4420 796 4470; x_wconf 81' lang='lat' dir='ltr'><strong>orbs.</strong></span> <span class='ocrx_word' id='word_1_467' title='bbox 834 4419 874 4471; x_wconf 79' lang='lat' dir='ltr'><strong>Cf.</strong></span> <span class='ocrx_word' id='word_1_468' title='bbox 901 4436 927 4484; x_wconf 90' lang='lat' dir='ltr'><strong>p.</strong></span> <span class='ocrx_word' id='word_1_469' title='bbox 955 4423 1035 4473; x_wconf 80' lang='lat' dir='ltr'><strong>Rose.</strong></span> <span class='ocrx_word' id='word_1_470' title='bbox 1055 4424 1118 4474; x_wconf 78' lang='lat' dir='ltr'><strong>Am.</strong></span> <span class='ocrx_word' id='word_1_471' title='bbox 1138 4420 1168 4485; x_wconf 64' lang='lat' dir='ltr'><strong>S.</strong></span> <span class='ocrx_word' id='word_1_472' title='bbox 1188 4423 1233 4473; x_wconf 72' lang='grc'><strong>21.</strong></span> <span class='ocrx_word' id='word_1_473' title='bbox 1261 4423 1338 4473; x_wconf 80' lang='lat' dir='ltr'><strong>Vsrr.</strong></span> <span class='ocrx_word' id='word_1_474' title='bbox 1356 4423 1385 4474; x_wconf 82' lang='lat' dir='ltr'><strong>o.</strong></span> <span class='ocrx_word' id='word_1_475' title='bbox 1403 4419 1434 4486; x_wconf 67' lang='lat'><strong>8.</strong></span> <span class='ocrx_word' id='word_1_476' title='bbox 1451 4421 1495 4475; x_wconf 81' lang='grc'><strong>83.</strong></span> 
     </span>
     <span class='ocr_line' id='line_1_46' title="bbox 180 4487 1495 4559; baseline 0.003 -20"><span class='ocrx_word' id='word_1_477' title='bbox 180 4489 261 4539; x_wconf 70' lang='lat' dir='ltr'><strong>llam.</strong></span> <span class='ocrx_word' id='word_1_478' title='bbox 281 4513 312 4524; x_wconf 97' lang='lat'>-</span> <span class='ocrx_word' id='word_1_479' title='bbox 349 4489 394 4539; x_wconf 77' lang='lat' dir='ltr'><strong>st.</strong></span> <span class='ocrx_word' id='word_1_480' title='bbox 419 4490 471 4553; x_wconf 69' lang='lat' dir='ltr'><strong>{att</strong></span> <span class='ocrx_word' id='word_1_481' title='bbox 497 4488 544 4538; x_wconf 82' lang='lat' dir='ltr'><strong>bl:</strong></span> <span class='ocrx_word' id='word_1_482' title='bbox 573 4489 652 4554; x_wconf 64' lang='lat' dir='ltr'><strong>ssent</strong></span> <span class='ocrx_word' id='word_1_483' title='bbox 679 4487 710 4537; x_wconf 79' lang='lat' dir='ltr'><strong>lt.</strong></span> <span class='ocrx_word' id='word_1_484' title='bbox 743 4512 771 4525; x_wconf 95' lang='lat'><em>-</em></span> <span class='ocrx_word' id='word_1_485' title='bbox 810 4496 835 4539; x_wconf 86' lang='lat' dir='ltr'><strong>ts</strong></span> <span class='ocrx_word' id='word_1_486' title='bbox 861 4504 879 4539; x_wconf 92' lang='lat' dir='ltr'><strong>a</strong></span> <span class='ocrx_word' id='word_1_487' title='bbox 897 4489 940 4554; x_wconf 74' lang='grc'><strong>0.]</strong></span> <span class='ocrx_word' id='word_1_488' title='bbox 960 4499 1038 4556; x_wconf 80' lang='lat' dir='ltr'><strong>atqrss</strong></span> <span class='ocrx_word' id='word_1_489' title='bbox 1056 4493 1094 4545; x_wconf 82' lang='lat' dir='ltr'><strong>u.</strong></span> <span class='ocrx_word' id='word_1_490' title='bbox 1124 4517 1154 4529; x_wconf 93' lang='lat'>-</span> <span class='ocrx_word' id='word_1_491' title='bbox 1191 4493 1235 4543; x_wconf 74' lang='grc'><strong>23.</strong></span> <span class='ocrx_word' id='word_1_492' title='bbox 1253 4489 1392 4559; x_wconf 71' lang='grc' dir='ltr'><strong>ἐμετικὴν</strong></span> <span class='ocrx_word' id='word_1_493' title='bbox 1409 4493 1432 4542; x_wconf 90' lang='lat'><strong>1.</strong></span> <span class='ocrx_word' id='word_1_494' title='bbox 1450 4491 1495 4543; x_wconf 71' lang='grc' dir='ltr'><strong>Μ’.</strong></span> 
     </span>
     <span class='ocr_line' id='line_1_47' title="bbox 179 4557 1497 4620; baseline 0.003 -12"><span class='ocrx_word' id='word_1_495' title='bbox 179 4557 348 4620; x_wconf 85' lang='lat' dir='ltr'><strong>Gronovius,</strong></span> <span class='ocrx_word' id='word_1_496' title='bbox 367 4561 500 4609; x_wconf 83' lang='lat' dir='ltr'><strong>smsttcam</strong></span> <span class='ocrx_word' id='word_1_497' title='bbox 518 4558 676 4617; x_wconf 68' lang='lat' dir='ltr'><strong>semustas,</strong></span> <span class='ocrx_word' id='word_1_498' title='bbox 692 4559 836 4620; x_wconf 71' lang='lat' dir='ltr'><strong>plasticam</strong></span> <span class='ocrx_word' id='word_1_499' title='bbox 856 4560 1028 4613; x_wconf 79' lang='lat' dir='ltr'><strong>Benedictus.</strong></span> <span class='ocrx_word' id='word_1_500' title='bbox 1049 4585 1081 4596; x_wconf 92' lang='lat'>-</span> <span class='ocrx_word' id='word_1_501' title='bbox 1100 4563 1144 4614; x_wconf 80' lang='grc'><strong>23.</strong></span> <span class='ocrx_word' id='word_1_502' title='bbox 1164 4565 1262 4614; x_wconf 79' lang='lat' dir='ltr'><strong>ssasr&#39;rs</strong></span> <span class='ocrx_word' id='word_1_503' title='bbox 1279 4563 1318 4614; x_wconf 83' lang='grc' dir='ltr'><strong>Μ.</strong></span> <span class='ocrx_word' id='word_1_504' title='bbox 1338 4585 1369 4599; x_wconf 92' lang='lat'><strong>··</strong></span> <span class='ocrx_word' id='word_1_505' title='bbox 1387 4562 1432 4614; x_wconf 71' lang='grc'><strong>17.</strong></span> <span class='ocrx_word' id='word_1_506' title='bbox 1448 4562 1497 4612; x_wconf 69' lang='lat' dir='ltr'><strong>t·-</strong></span> 
     </span>
     <span class='ocr_line' id='line_1_48' title="bbox 175 4626 1498 4698; baseline 0.003 -20"><span class='ocrx_word' id='word_1_507' title='bbox 175 4629 366 4690; x_wconf 78' lang='lat' dir='ltr'><strong>pendsretotde</strong></span> <span class='ocrx_word' id='word_1_508' title='bbox 373 4630 539 4694; x_wconf 71' lang='lat' dir='ltr'><strong>{anpaemnr</strong></span> <span class='ocrx_word' id='word_1_509' title='bbox 550 4626 588 4678; x_wconf 86' lang='grc' dir='ltr'><strong>Μ.</strong></span> <span class='ocrx_word' id='word_1_510' title='bbox 603 4651 636 4662; x_wconf 97' lang='lat'>-</span> <span class='ocrx_word' id='word_1_511' title='bbox 653 4627 695 4678; x_wconf 81' lang='lat'><strong>³0.</strong></span> <span class='ocrx_word' id='word_1_512' title='bbox 709 4629 950 4697; x_wconf 69' lang='lat' dir='ltr'><strong>manuusotpsnt</strong></span> <span class='ocrx_word' id='word_1_513' title='bbox 962 4632 992 4681; x_wconf 80' lang='lat' dir='ltr'><strong>E.</strong></span> <span class='ocrx_word' id='word_1_514' title='bbox 1008 4657 1037 4670; x_wconf 90' lang='lat'><strong>·—</strong></span> <span class='ocrx_word' id='word_1_515' title='bbox 1058 4630 1102 4684; x_wconf 74' lang='lat' dir='ltr'><strong>An</strong></span> <span class='ocrx_word' id='word_1_516' title='bbox 1115 4634 1233 4684; x_wconf 63' lang='lat' dir='ltr'><strong>ominbus</strong></span> <span class='ocrx_word' id='word_1_517' title='bbox 1244 4631 1498 4698; x_wconf 69' lang='lat' dir='ltr'><strong>stnsttbssotpsntt</strong></span> 
     </span>
     <span class='ocr_line' id='line_1_49' title="bbox 179 4696 1496 4768; baseline 0.004 -20"><span class='ocrx_word' id='word_1_518' title='bbox 179 4697 273 4749; x_wconf 59' lang='grc'><strong>011-</strong></span> <span class='ocrx_word' id='word_1_519' title='bbox 292 4699 336 4749; x_wconf 88' lang='grc'><strong>33.</strong></span> <span class='ocrx_word' id='word_1_520' title='bbox 349 4700 429 4749; x_wconf 73' lang='lat' dir='ltr'><strong>moin</strong></span> <span class='ocrx_word' id='word_1_521' title='bbox 440 4712 469 4748; x_wconf 81' lang='lat' dir='ltr'><strong>ss</strong></span> <span class='ocrx_word' id='word_1_522' title='bbox 478 4698 611 4760; x_wconf 81' lang='lat' dir='ltr'><strong>praeserrtt</strong></span> <span class='ocrx_word' id='word_1_523' title='bbox 623 4696 789 4748; x_wconf 82' lang='lat' dir='ltr'><strong>Gronovius:</strong></span> <span class='ocrx_word' id='word_1_524' title='bbox 808 4713 848 4749; x_wconf 84' lang='lat' dir='ltr'><strong>me</strong></span> <span class='ocrx_word' id='word_1_525' title='bbox 866 4709 1078 4764; x_wconf 78' lang='lat' dir='ltr'><strong>repraesentante</strong></span> <span class='ocrx_word' id='word_1_526' title='bbox 1095 4703 1139 4759; x_wconf 86' lang='grc' dir='ltr'><strong>Μ,</strong></span> <span class='ocrx_word' id='word_1_527' title='bbox 1157 4717 1198 4754; x_wconf 84' lang='lat' dir='ltr'><strong>ms</strong></span> <span class='ocrx_word' id='word_1_528' title='bbox 1212 4704 1348 4767; x_wconf 63' lang='lat' dir='ltr'><strong>praenes·</strong></span> <span class='ocrx_word' id='word_1_529' title='bbox 1368 4702 1407 4764; x_wconf 82' lang='lat' dir='ltr'><strong>B,</strong></span> <span class='ocrx_word' id='word_1_530' title='bbox 1425 4699 1496 4768; x_wconf 76' lang='lat' dir='ltr'><strong>qood</strong></span> 
     </span>
     <span class='ocr_line' id='line_1_50' title="bbox 178 4766 1496 4838; baseline 0.007 -21"><span class='ocrx_word' id='word_1_531' title='bbox 178 4768 283 4818; x_wconf 80' lang='lat' dir='ltr'><strong>malim.</strong></span> <span class='ocrx_word' id='word_1_532' title='bbox 310 4769 391 4820; x_wconf 73' lang='lat' dir='ltr'><strong>bsrr&#39;.</strong></span> <span class='ocrx_word' id='word_1_533' title='bbox 418 4790 450 4803; x_wconf 93' lang='lat'>-</span> <span class='ocrx_word' id='word_1_534' title='bbox 485 4767 528 4819; x_wconf 76' lang='grc'><strong>31.</strong></span> <span class='ocrx_word' id='word_1_535' title='bbox 554 4767 598 4817; x_wconf 83' lang='lat' dir='ltr'><strong>sed</strong></span> <span class='ocrx_word' id='word_1_536' title='bbox 627 4767 779 4818; x_wconf 78' lang='lat' dir='ltr'><strong>Manutius:</strong></span> <span class='ocrx_word' id='word_1_537' title='bbox 806 4766 855 4831; x_wconf 86' lang='lat' dir='ltr'><strong>(set</strong></span> <span class='ocrx_word' id='word_1_538' title='bbox 882 4769 952 4833; x_wconf 82' lang='lat' dir='ltr'><strong>Vb),</strong></span> <span class='ocrx_word' id='word_1_539' title='bbox 979 4777 1003 4822; x_wconf 84' lang='lat' dir='ltr'><strong>et</strong></span> <span class='ocrx_word' id='word_1_540' title='bbox 1032 4773 1101 4833; x_wconf 75' lang='grc' dir='ltr'><strong>ΜΒ,</strong></span> <span class='ocrx_word' id='word_1_541' title='bbox 1128 4774 1200 4838; x_wconf 88' lang='lat' dir='ltr'><strong>quod</strong></span> <span class='ocrx_word' id='word_1_542' title='bbox 1230 4773 1334 4824; x_wconf 83' lang='lat' dir='ltr'><strong>msttm.</strong></span> <span class='ocrx_word' id='word_1_543' title='bbox 1359 4772 1440 4826; x_wconf 68' lang='lat' dir='ltr'><strong>lats.</strong></span> <span class='ocrx_word' id='word_1_544' title='bbox 1464 4792 1496 4810; x_wconf 88' lang='grc'><strong>··</strong></span> 
     </span>
     <span class='ocr_line' id='line_1_51' title="bbox 178 4837 1309 4908; baseline 0.005 -19"><span class='ocrx_word' id='word_1_545' title='bbox 178 4837 222 4889; x_wconf 79' lang='grc'><strong>35.</strong></span> <span class='ocrx_word' id='word_1_546' title='bbox 241 4853 357 4903; x_wconf 82' lang='lat' dir='ltr'><strong>anquam</strong></span> <span class='ocrx_word' id='word_1_547' title='bbox 374 4841 442 4890; x_wconf 76' lang='lat' dir='ltr'><strong>enim</strong></span> <span class='ocrx_word' id='word_1_548' title='bbox 467 4838 513 4890; x_wconf 79' lang='lat' dir='ltr'><strong>ld:</strong></span> <span class='ocrx_word' id='word_1_549' title='bbox 540 4839 608 4889; x_wconf 77' lang='lat' dir='ltr'><strong>mtn</strong></span> <span class='ocrx_word' id='word_1_550' title='bbox 628 4852 743 4903; x_wconf 80' lang='lat' dir='ltr'><strong>anquam</strong></span> <span class='ocrx_word' id='word_1_551' title='bbox 760 4839 839 4889; x_wconf 80' lang='grc'><strong>11.-</strong></span> <span class='ocrx_word' id='word_1_552' title='bbox 875 4840 920 4892; x_wconf 90' lang='grc'><strong>38.</strong></span> <span class='ocrx_word' id='word_1_553' title='bbox 940 4843 1053 4906; x_wconf 75' lang='lat' dir='ltr'><strong>obstipae·</strong></span> <span class='ocrx_word' id='word_1_554' title='bbox 1069 4843 1117 4896; x_wconf 79' lang='lat' dir='ltr'><strong>ld:</strong></span> <span class='ocrx_word' id='word_1_555' title='bbox 1138 4845 1260 4908; x_wconf 61' lang='lat' dir='ltr'><strong>obstupd</strong></span> <span class='ocrx_word' id='word_1_556' title='bbox 1277 4843 1309 4895; x_wconf 82' lang='lat' dir='ltr'><strong>B.</strong></span> 
     </span>
    </p>
   </div>
   <div class='ocr_carea' id='block_1_6' title="bbox 0 0 1632 5400">
    <p class='ocr_par' dir='ltr' id='par_1_7' title="bbox 0 0 1632 5400">
     <span class='ocr_line' id='line_1_52' title="bbox 0 0 1632 5400; baseline 0 1"><span class='ocrx_word' id='word_1_557' title='bbox 0 0 1632 5400; x_wconf 95' lang='lat' dir='ltr'><strong> </strong></span> 
     </span>
    </p>
   </div>
  </div>
 </body>
</html>
