3256 5400
181 229 241 294 tas
607 223 882 292 urtsrotauuu
903 226 956 290 hl)
978 224 1069 288 mu.

179 396 262 454 stum
282 408 351 452 esse
373 405 445 451 cum
466 382 622 469 Scipione.
677 381 814 449 Calidius
842 383 875 448 in
897 382 1080 450 defensione
1102 404 1158 449 sua
1180 380 1239 449 fuit
1260 381 1502 459 disertissimus,

178 480 210 548 in
231 480 428 548 accusatione
449 476 523 544 satis
544 476 688 564 frigidus.

662 648 701 710 r.
745 645 792 730 (a.
820 649 851 712 u
874 650 907 712 c.
928 646 1014 732 roa.)

629 762 791 826 castrus
814 761 998 825 c1cnnom
1020 763 1051 823 s

154 907 169 952 t
264 890 292 952 1.
314 888 490 971 sanequam
519 881 631 947 litteris
658 884 690 947 C.
719 879 817 946 Cassii
845 889 877 944 et
905 878 1046 944 Deiotari
1078 899 1186 944 sumus
1212 878 1372 945 commoti.
1423 883 1502 943 Nam

178 978 301 1048 Cassius
322 977 366 1044 cis
388 976 569 1063 Euphraten
585 975 700 1062 copias
728 972 914 1039 Parthorum
938 994 1006 1038 esse
1035 972 1178 1057 scripsit;
1214 973 1404 1047 Deiotarus,
1427 993 1503 1058 pro-

176 1073 272 1138 fectas
298 1094 357 1159 per
378 1075 617 1155 Commagenem
650 1068 682 1133 in
712 1067 906 1152 provinciam
932 1077 1081 1133 nostram.
1139 1071 1207 1151 Ego
1228 1066 1355 1153 quidem
1380 1064 1502 1152 praeci-

176 1187 274 1253 puum
292 1174 424 1239 metum,
458 1162 543 1250 quod
561 1162 601 1227 ad
623 1170 653 1226 te
675 1159 838 1237 attinebat,
872 1161 990 1235 habui,
1024 1161 1078 1248 qui
1098 1161 1232 1237 scirem,
1254 1183 1349 1249 quam
1374 1170 1501 1248 paratus

176 1259 216 1326 ab
238 1258 378 1325 exercitu
404 1277 505 1329 esses,
528 1277 568 1320 ne
591 1253 676 1341 quod
701 1252 751 1316 hic
770 1255 920 1320 tumultus
940 1255 1081 1341 dignitati
1106 1266 1178 1322 tuae
1204 1256 1377 1341 periculum
1406 1255 1502 1320 aller-

141 1373 167 1416 ro
176 1365 235 1420 ret.
277 1357 354 1417 Nam
376 1350 416 1416 de
437 1349 521 1424 vita,
542 1347 569 1413 si
591 1347 732 1434 paratior
758 1347 797 1412 ab
816 1350 959 1414 exercitu
980 1370 1084 1421 esses,
1107 1349 1298 1426 timuissem
1321 1370 1403 1415 nunc
1422 1347 1503 1412 haec

175 1446 330 1533 exiguitas
344 1445 506 1531 copiarum
520 1462 692 1519 recessum,
716 1466 779 1510 non
804 1442 1035 1508 dimicationem
1061 1442 1138 1506 mihi
1164 1451 1249 1508 tuam
1270 1442 1499 1530 praesagiebat

175 1547 244 1609 Hoc
266 1537 427 1627 quommo
451 1535 627 1622 acciperent
651 1536 814 1613 homines,
852 1557 946 1623 quarn
982 1534 1154 1620 probabilis
1191 1537 1362 1602 necessitas
1395 1538 1502 1603 lutura

175 1643 274 1709 esset,
301 1653 416 1698 vereor
443 1629 638 1708 etiamnunc3
674 1652 776 1717 neque
810 1630 899 1717 prius
927 1628 1067 1695 desinam
1097 1628 1287 1705 formidare,
1320 1654 1414 1719 quam
1432 1630 1503 1695 teti-

176 1731 259 1816 gisse
284 1735 315 1792 te
343 1725 462 1792 ltaliam
491 1723 633 1789 audiero.
687 1730 718 1790 2.
751 1723 813 1790 Sed
841 1723 880 1788 de
904 1722 1094 1789 Parthorum
1116 1723 1249 1789 transitu
1271 1724 1371 1790 nuntii
1394 1723 1501 1788 varios

140 1839 167 1884 st
176 1839 337 1887 sermones
357 1816 542 1883 excitarunt.
584 1817 671 1883 Alius
690 1819 793 1894 enim,
816 1817 1000 1903 Pompeium
1022 1817 1224 1896 mittendum
1246 1818 1342 1891 alius,
1364 1814 1404 1882 ab
1419 1815 1501 1880 urbe

175 1911 359 1998 Pompeium
381 1931 445 1975 non
464 1910 711 1989 removendum3
734 1912 832 1986 alius,
855 1916 1019 1978 Caesarem
1042 1932 1113 1976 cnm
1133 1932 1192 1977 suo
1214 1913 1376 1989 exercitu;
1400 1912 1500 1986 alius,

176 2006 340 2084 consules;
371 2025 465 2070 nemo
489 2013 609 2076 tamen,
632 2025 673 2069 ex
694 2013 819 2070 senatus
845 2005 988 2070 consulto
1008 2003 1156 2090 privatos.
1200 2007 1350 2073 Consules
1372 2015 1500 2079 autem,

177 2100 250 2189 quia
279 2107 445 2170 verentur,
482 2118 521 2162 ne
543 2096 620 2162 illud
643 2108 768 2163 senatus
792 2098 968 2164 consultum
998 2097 1067 2173 fiat,
1101 2108 1137 2164 ut
1159 2098 1297 2185 paludati
1325 2107 1441 2164 exeant
1469 2105 1502 2162 et

178 2192 404 2259 contumeliose
429 2201 553 2279 praeter
578 2212 633 2257 eos
657 2191 698 2257 ad
725 2190 821 2257 alium
850 2213 902 2256 res
937 2190 1165 2268 transferatur,
1202 2193 1331 2258 omnino
1359 2199 1502 2256 senatum

139 2287 290 2355 rehaberi
311 2287 435 2362 nolunt,
461 2307 562 2372 usque
584 2307 640 2359 eo,
672 2294 708 2351 ut
727 2306 839 2371 parum
868 2284 1032 2370 diligentes
1057 2285 1091 2350 in
1115 2307 1151 2351 re
1172 2285 1298 2372 publica
1319 2284 1500 2362 videantur;

183 2381 240 2448 sed
264 2381 414 2454 honeste,
437 2379 503 2445 sive
528 2379 715 2465 negligentia
738 2378 805 2444 sive
822 2379 935 2444 inertia
958 2388 1007 2445 est
1029 2379 1096 2445 sive
1120 2378 1194 2454 ille,
1217 2401 1311 2465 quem
1332 2378 1501 2465 proposui,

176 2483 293 2550 metus,
328 2473 403 2539 latet
423 2471 481 2539 suh
509 2474 568 2538 hac
588 2472 812 2560 temperantiae
839 2472 1071 2538 existimatione
1103 2472 1186 2538 nolle
1210 2471 1416 2559 provinciam.
1475 2475 1502 2537 d

176 2577 208 2634 te
228 2568 351 2633 litterae
373 2587 437 2632 non
462 2574 631 2640 venerunt,
667 2575 714 2642 et,
750 2565 811 2631 nisi
839 2565 982 2631 Deiotari
1009 2565 1193 2631 subsecutae
1222 2575 1341 2640 essent,
1372 2564 1406 2630 in
1431 2585 1502 2629 cam

176 2661 359 2749 opinionem
387 2660 511 2727 Cassius
538 2657 698 2734 veniebat,
735 2679 815 2745 quae
845 2658 1027 2744 diripuisset
1062 2659 1146 2745 ipse,
1182 2669 1217 2725 ut
1247 2658 1430 2724 viderentur
1461 2655 1501 2721 ah

140 2756 267 2821 ehoste
291 2763 424 2824 vastata,
447 2753 575 2819 linxisse
600 2752 717 2818 bellum
740 2760 771 2816 et
790 2749 909 2816 Arabas
928 2756 960 2816 in
981 2751 1176 2833 provinciam
1195 2751 1362 2818 immisisse
1382 2770 1501 2836 eosque

177 2849 309 2915 Parthos
341 2868 410 2912 esse
440 2850 560 2913 senatui
589 2847 792 2912 renuntiasse.
850 2848 956 2923 Quare
991 2844 1047 2911 tibi
1080 2846 1216 2922 suadeo,
1248 2847 1427 2933 quicunque
1454 2855 1503 2911 est

177 2940 249 3007 istic
283 2949 380 3006 status
412 2961 540 3016 rerum,
574 2939 741 3024 diligenter
771 2946 802 3002 et
831 2947 920 3003 caute
948 2937 1148 3025 perscribas,
1179 2960 1221 3004 ne
1250 2948 1304 3005 aut
1329 2939 1502 3005 velificatus

178 3034 271 3100 alieni
301 3032 415 3099 dicaris
448 3042 502 3099 aut
531 3033 665 3121 aliquid,
700 3031 785 3119 quod
820 3032 956 3098 referret
985 3033 1087 3108 scire,
1119 3033 1292 3099 reticuisse.
1350 3037 1380 3098 3.
1413 3037 1502 3098 Nunc

178 3128 282 3193 exitus
318 3136 366 3192 est
401 3127 495 3206 anni;
533 3151 605 3193 nam
646 3147 705 3213 ego
740 3125 795 3191 has
833 3126 952 3192 litteras
989 3149 1017 3193 a.
1054 3127 1084 3193 d.
1121 3147 1213 3193 xmr.
1235 3126 1303 3193 Kal.
1331 3123 1497 3191 Decemhr.

140 3220 299 3308 uaripsi.
356 3221 451 3286 Plane
481 3222 557 3287 nihil
585 3221 678 3288 rideo
711 3230 781 3285 aute
812 3220 879 3286 Kal.
915 3225 1039 3286 Ianuar.
1068 3221 1117 3306 agi
1145 3242 1248 3308 posse.
1299 3219 1387 3285 Nosti
1418 3225 1503 3285 Mar-

178 3315 313 3390 cellum,
347 3336 440 3401 quam
471 3315 578 3382 tardus
614 3326 646 3381 et
676 3335 788 3401 parum
819 3314 929 3380 efficax
960 3316 1020 3390 sit,
1064 3319 1202 3402 itemque
1236 3313 1364 3380 Servius
1407 3334 1501 3399 quam

178 3416 351 3473 cunctator.
410 3407 591 3475 Cuiusmodi
620 3418 711 3495 putas
733 3411 790 3472 hos
812 3428 900 3483 esse,
923 3417 977 3474 ant
997 3430 1090 3495 quam
1110 3408 1157 3482 id,
1181 3408 1267 3495 quod
1288 3407 1404 3481 nolint,
1426 3427 1503 3470 con·

178 3501 272 3566 ficere
295 3522 402 3588 posse,
436 3507 510 3588 qui,
548 3522 628 3587 quae
659 3500 804 3588 cupiunt,
837 3509 940 3566 tamen
975 3503 1019 3568 ita
1049 3503 1162 3588 frigide
1195 3514 1308 3589 agunt,
1343 3511 1378 3567 ut
1415 3501 1500 3567 nolle

180 3596 421 3660 existimentur?
461 3595 556 3661 Novis
587 3595 817 3679 magistratibus
849 3605 973 3672 autem,
1009 3597 1036 3663 si
1064 3598 1240 3663 Parthicum
1271 3595 1388 3661 bellum
1421 3594 1500 3669 erit,

141 3688 257 3753 “haec
288 3709 380 3755 causa
409 3689 528 3775 primos
559 3709 681 3754 menses
711 3687 885 3774 occupabit.
939 3691 992 3756 Sin
1026 3700 1128 3757 autem
1161 3701 1214 3756 aut
1248 3711 1312 3755 non
1343 3688 1404 3754 erit
1430 3687 1502 3753 istic

180 3781 317 3858 bellum,
345 3794 397 3848 ant
426 3794 544 3848 tantum
572 3783 648 3857 erit,
684 3790 720 3848 ut
746 3803 803 3847 vos
832 3793 886 3849 aut
911 3807 1107 3851 successores
1128 3784 1235 3872 parvis
1256 3783 1370 3848 additis
1399 3781 1500 3868 copiis

179 3875 333 3941 sustinere
359 3877 493 3963 possint,
522 3876 690 3942 Curionem
705 3875 799 3941 video
818 3898 852 3941 se
874 3877 1040 3964 dupliciter
1061 3879 1262 3944 iactaturum:
1284 3882 1442 3964 primum,
1464 3883 1501 3942 ut

180 3968 297 4055 aliquid
312 3971 436 4037 Caesari
454 3970 586 4048 adimat;
608 3969 681 4034 inde
692 3980 727 4034 ut
741 3969 859 4055 aliquid
874 3975 1024 4058 Pompeio
1041 3970 1167 4045 tribuat,
1183 3970 1316 4057 quodvis
1331 3969 1502 4058 quamlibet

179 4071 274 4128 tenue
301 4064 529 4130 munusculum.
577 4064 701 4129 Paullus
732 4084 831 4149 porro
864 4085 927 4129 non
948 4064 1082 4129 humane
1104 4063 1143 4129 de
1165 4063 1327 4149 provincia
1349 4065 1500 4153 loquitur.

142 4157 282 4223 orimus
310 4157 471 4242 cupiditati
499 4177 687 4223 occursurus
723 4164 772 4221 est
802 4157 935 4222 Furnius
967 4167 1088 4236 noster;
1121 4159 1227 4245 plures
1256 4163 1408 4245 suspicari
1437 4179 1501 4224 non

250 4377 276 4425 1.
296 4375 412 4425 Calidius
428 4375 473 4425 Μι
493 4375 618 4425 Canidius
636 4374 666 4424 Ε.
686 4401 718 4409 -
744 4375 771 4425 5.
792 4371 884 4437 Cosmi]
904 4376 1023 4425 emero
1041 4375 1131 4426 1.-
1157 4377 1184 4426 ’1.
1204 4379 1391 4442 commapioem
1407 4376 1446 4428 Μ.
1467 4399 1499 4411 -

179 4443 207 4494 8.
227 4459 305 4508 quom
322 4446 471 4507 impuratus
489 4444 606 4494 malebat
624 4444 789 4504 Lambinus,
821 4459 898 4509 mmm
914 4459 1011 4508 porum
1027 4453 1140 4508 perotus
1168 4446 1316 4498 Ernestius.
1346 4471 1378 4483 -
1414 4447 1441 4497 a.
1461 4446 1500 4495 di·

179 4517 289 4579 peitatis
307 4514 344 4565 Μ.
368 4539 397 4548 -
433 4516 475 4564 10.
495 4517 619 4564 timuisset
641 4515 679 4565 Μ.
707 4535 741 4550 -
776 4513 819 4564 tr.
839 4516 910 4564 Fert.
930 4529 963 4565 eze
979 4523 1072 4565 renutu
1086 4517 1218 4578 privator.
1238 4517 1288 4567 On.
1311 4541 1341 4552 -
1362 4516 1406 4566 18.
1424 4517 1502 4578 plou-

179 4585 238 4634 doti
255 4585 291 4635 Μ.
324 4609 356 4619 -
391 4591 417 4634 et
435 4583 481 4633 M:
500 4591 548 4633 aut
566 4584 597 4634 Ε.
632 4607 660 4617 -
698 4584 741 4632 33.
762 4584 826 4635 latet
844 4585 889 4635 ld:
910 4584 993 4635 latent
1012 4586 1042 4635 Ε.
1064 4609 1095 4620 -
1131 4585 1426 4637 aemularemur.
1446 4585 1498 4634 1³2

179 4655 269 4704 ueniet
295 4653 323 4703 Μ
348 4649 389 4716 (ut
408 4653 456 4716 Ep.
477 4656 529 4713 11,
559 4649 752 4715 ustificatur
770 4667 818 4716 pro
835 4651 1042 4719 eripiebantur),
1073 4662 1178 4705 venerut
1206 4657 1236 4706 Ε.
1269 4679 1301 4691 -
1342 4656 1387 4705 23.
1407 4669 1501 4704 renuet·

180 4725 272 4774 dossa
281 4723 317 4772 Μ.
327 4750 359 4759 -
377 4724 421 4773 28.
434 4725 574 4787 referretur
582 4725 659 4773 sciret
671 4725 812 4773 reticuisset
821 4724 859 4775 Μ.
875 4749 906 4760 ·-
923 4725 966 4775 33.
980 4725 1074 4775 bethi:
1090 4725 1177 4775 hecil.
1190 4750 1220 4762 -
1233 4726 1360 4790 quomhl:
1371 4724 1455 4789 quill.
1468 4747 1500 4759 -

180 4794 225 4844 33.
253 4795 329 4843 atum
354 4794 391 4843 Μ.
417 4818 446 4829 -
484 4793 528 4843 35.
547 4800 635 4843 cutem
658 4800 707 4844 cut
732 4807 786 4843 non
803 4795 844 4844 N:
875 4800 922 4845 out
947 4796 982 4844 rit
1004 4801 1051 4843 out
1075 4809 1129 4844 noo
1156 4795 1201 4855 Μ,
1230 4803 1317 4847 mrtem
1341 4809 1397 4846 ooo
1415 4794 1446 4844 Ε.
1468 4816 1499 4830 -

180 4869 228 4914 cot
246 4859 360 4926 tantum]
378 4870 466 4914 cutem
483 4870 538 4913 tum
556 4864 594 4914 Μ.
615 4887 646 4900 -
682 4863 727 4916 38.
745 4864 854 4929 quaesta
872 4864 1035 4915 Cratander:
1055 4866 1157 4930 quiduis
1174 4865 1234 4918 ΜΕ.
