3256 5400
596 247 668 308 Llll.
691 246 757 308 XV.
801 246 859 307 EP.
882 247 912 306 6.
934 246 964 305 ’1.
986 243 1016 305 8.
1040 245 1069 305 9.
1400 246 1461 306 717

141 425 195 470 nes
218 402 428 489 captiunculas
451 403 681 488 pertimescere.
725 399 883 465 Debuerat
909 411 1027 473 autent,
1056 421 1138 465 nou:
1170 421 1232 478 „en
1254 406 1320 464 iure
1340 423 1463 466 menum

141 498 348 572 conuertunt,
371 495 425 561 sed
449 516 530 581 quae
551 504 744 580 sequuntur:
768 504 863 580 tuque
884 493 1012 558 scribes.

603 637 682 699 ιιιι.
724 635 780 717 (ι.
805 638 837 698 u.
860 638 892 699 c.
914 639 986 698 710.
992 636 1006 714 )

621 752 774 823 elenau·
787 759 931 822 ATTICO
954 759 985 820 S.

228 878 255 938 1.
277 877 350 937 Post
371 880 458 936 tuum
481 869 651 935 discessum
675 867 762 932 binas
784 888 801 930 a
824 867 940 944 Balb0;
961 867 1038 932 nibil
1061 869 1151 944 nori3
1174 870 1311 955 itemque
1332 871 1371 936 ab
1393 873 1487 938 Hir-s

141 968 200 1041 tio,
230 967 341 1052 quise
368 963 477 1030 scribit
504 963 706 1028 vehementer
734 962 888 1027 ollensum
911 983 979 1025 esse
1007 962 1170 1026 veteranis.
1213 968 1379 1050 Exspectat
1400 966 1465 1030 ani·

141 1080 225 1135 mus,
261 1059 409 1145 quidnam
432 1079 520 1142 agam
544 1057 583 1122 de
605 1055 732 1122 llalend.
760 1053 912 1138 [Martiis]
957 1055 1025 1119 Misi
1050 1055 1144 1139 igitur
1165 1057 1313 1122 Tironem
1342 1068 1372 1122 et
1394 1082 1464 1125 cum

140 1153 255 1218 Tirone
277 1153 399 1238 plures,
423 1150 537 1237 quibus
560 1150 705 1234 singulis,
733 1159 768 1215 ut
789 1148 927 1234 quidque
950 1149 1125 1221 accidisset.
1149 1150 1240 1215 dares
1264 1152 1398 1229 litteras;
1420 1163 1465 1217 at-

140 1266 201 1333 quc
224 1252 317 1310 etiam
339 1247 449 1330 scripsi
472 1245 509 1309 ad
525 1245 692 1309 Antonium
715 1242 944 1325 delegatione,
968 1264 1022 1314 ne,
1045 1243 1071 1306 si
1095 1242 1132 1305 ad
1148 1244 1340 1309 Dolabellam
1363 1245 1464 1310 solum

141 1340 350 1425 scripsissem,
373 1339 540 1403 iracundus
555 1338 650 1403 bourn
673 1346 933 1401 commoveretur.
974 1335 1067 1412 Quod
1083 1347 1185 1400 autern
1208 1339 1309 1402 aditus
1331 1337 1369 1403 ad
1392 1360 1463 1404 eum
1477 1363 1502 1403 m

141 1433 296 1499 difficilior
318 1454 387 1498 esse
410 1431 540 1505 dicitur,
563 1431 674 1516 scripsi
696 1430 735 1495 ad
752 1431 968 1513 Eutrapelum,
991 1439 1026 1494 ut
1046 1430 1073 1493 is
1095 1431 1123 1493 ei
1148 1451 1231 1494 meas
1255 1432 1372 1496 litteras
1393 1430 1464 1496 red·

140 1526 245 1601 deret,
268 1527 422 1612 legatione
445 1525 520 1589 mibi
536 1545 615 1610 opus
633 1544 710 1588 esse.
743 1524 913 1588 Honestior
930 1532 977 1586 est
998 1523 1119 1599 votiva;
1143 1524 1198 1588 sed
1221 1525 1292 1589 licet
1313 1525 1357 1589 uti
1381 1535 1463 1590 utra·

140 1641 212 1705 que.
255 1624 285 1684 1.
313 1625 359 1685 De
383 1629 428 1692 te,
457 1639 590 1703 quaeso,
619 1617 712 1682 etiam
735 1626 829 1702 atque
856 1617 948 1681 etiam
972 1616 1052 1680 vide.
1096 1618 1196 1681 Velim
1218 1619 1320 1703 possis
1341 1638 1463 1696 coram;

141 1714 167 1778 si
194 1714 295 1779 minus
317 1712 435 1798 possis,
466 1712 576 1776 litteris
605 1712 688 1776 idem
716 1731 956 1796 consequemur.
1001 1710 1169 1776 Graeceius
1197 1711 1235 1777 ad
1263 1732 1313 1776 me
1342 1711 1466 1796 scripsit

142 1810 173 1872 C.
190 1807 329 1871 Cassium
351 1804 409 1871 sibi
432 1806 609 1891 scripsisse,
633 1806 776 1871 homiues
790 1804 984 1890 comparari,
1006 1805 1058 1890 qui
1078 1806 1187 1868 armati
1210 1806 1240 1870 in
1256 1805 1464 1871 Tusculanum
1477 1829 1502 1872 n

141 1901 349 1966 mitterentur.
393 1899 426 1965 id
449 1900 576 1987 quidem
600 1898 675 1964 mibi
698 1898 778 1963 band
803 1899 983 1975 videbatur}
1013 1896 1067 1962 sed
1090 1898 1260 1964 cavendum
1284 1911 1385 1964 tamen
1408 1899 1465 1965 vil·

141 1994 251 2079 laeque
274 1994 380 2078 plnres
401 1992 563 2059 videndae.
608 1993 669 2058 Sed
691 1992 810 2078 aliquid
832 1993 983 2057 crastinus
1006 1990 1073 2056 dies
1094 1991 1132 2057 ad
1155 1992 1353 2077 cogitandum
1375 1991 1464 2059 nobis

141 2086 180 2151 de
202 2108 239 2151 ea
263 2109 307 2151 re.

616 2232 671 2293 rr.
714 2230 765 2308 (Α.
792 2229 824 2292 u.
848 2228 987 2309 cuo)

561 2327 568 2338 '
626 2350 769 2417 cronno
791 2352 935 2414 arrico
957 2352 989 2413 s
1474 2383 1503 2423 „

229 2469 255 2528 l.
279 2483 330 2528 ιιι.
353 2467 455 2527 Nonas
478 2462 603 2548 vesperi
625 2483 642 2527 a
666 2461 763 2527 Balbo
785 2461 926 2527 redditae
948 2461 1024 2526 mibi
1047 2462 1182 2534 litterae,
1209 2461 1278 2527 lore
1299 2462 1395 2527 Nonis
1416 2482 1464 2527 sc·

141 2568 261 2629 natum,
291 2567 325 2621 ut
346 2561 460 2621 Brutus
484 2561 515 2620 in
537 2557 624 2630 Asia,
649 2557 772 2622 Cassius
795 2556 825 2620 in
849 2556 953 2620 Sicilia
975 2556 1165 2620 frumentum
1188 2555 1354 2618 emendum
1375 2553 1464 2619 etad

140 2649 252 2715 urbem
280 2648 464 2714 mittendum
494 2659 649 2715 curarent.
694 2652 721 2715 Ο
749 2671 817 2714 rem
845 2649 1006 2714 miseraml
1035 2650 1168 2735 primum
1190 2648 1285 2713 ullam
1314 2647 1353 2711 ab
1382 2648 1465 2722 istis,

141 2744 230 2818 dein,
252 2742 279 2807 si
301 2743 453 2828 aliquam,
479 2744 556 2808 banc
578 2744 761 2809 locatoriam
783 2743 992 2829 provinciam!
1015 2752 1115 2828 Atque
1131 2741 1212 2806 baud
1235 2742 1318 2812 seio,
1340 2763 1379 2806 an
1402 2762 1467 2805 me·

141 2838 201 2904 lius
223 2838 263 2902 sit
285 2858 377 2922 qnam
402 2836 440 2901 ad
456 2842 606 2903 Eurotam
622 2837 743 2902 sedere.
776 2837 836 2903 Sed
860 2837 936 2901 baec
958 2857 1048 2902 casus
1063 2834 1260 2922 gubernabit.
1293 2835 1342 2900 ait
1363 2845 1504 2902 autemus

142 2930 253 2996 eodem
276 2941 418 3016 ternpore
442 2930 601 2996 decretum
625 2933 679 3007 iri,
709 2944 744 2996 ut
767 2942 797 2996 et
819 2932 856 2996 iis
886 2942 917 2996 et
938 2929 1070 3017 reliquis
1092 2929 1259 3015 praetoriis
1288 2928 1466 3013 provinciae

141 3023 358 3094 decernantur.
402 3027 469 3089 Hoc
491 3036 575 3090 certe
598 3026 710 3092 melius
732 3047 824 3111 quam
848 3026 898 3091 illa
918 3024 1068 3110 Περσικὴ
1092 3024 1241 3109 porticus.
1284 3024 1362 3087 Nolo
1384 3024 1466 3088 enim

141 3115 416 3192 Lacedaemonem,
440 3119 642 3206 †longinquo
664 3141 759 3206 quom
776 3120 949 3184 Lanuvium
968 3118 1166 3183 existimavit.
1204 3115 1311 3192 Rides,
1334 3116 1466 3200 inquies,

142 3209 303 3275 letalibus
324 3211 441 3277 rebns't
465 3213 546 3290 Quid
565 3214 698 3279 laciamt
721 3213 877 3278 Plorando
899 3213 999 3279 lessus
1020 3233 1100 3276 sum.
1133 3216 1163 3276 1.
1186 3211 1236 3275 Ilii
1259 3211 1466 3277 immortalesl

142 3324 234 3390 quam
263 3324 313 3368 me
342 3306 561 3373 conturbatum
587 3308 685 3373 tenuit
712 3307 862 3394 epistolae
884 3317 955 3372 tuae
977 3307 1066 3392 prior
1087 3306 1220 3391 pagina?
1258 3303 1338 3382 Quid
1362 3313 1504 3369 autemus

141 3399 200 3462 iste
221 3399 252 3463 in
275 3397 370 3463 dome
393 3411 444 3464 tua
467 3422 557 3467 casus
579 3407 760 3467 armorum?
784 3401 845 3467 Sed
868 3400 950 3465 bunc
972 3399 1099 3487 quidem
1123 3398 1262 3463 nimbum
1284 3399 1346 3462 cito
1367 3409 1466 3461 trans·

212 3598 237 3646 1.
258 3603 363 3656 cutem,
383 3611 453 3646 non:
481 3614 535 3648 nee
553 3601 686 3650 Oreliius:
714 3609 821 3660 autern,
847 3599 907 3649 Non
925 3613 958 3650 sa
975 3599 1073 3650 Ceteri.
1104 3623 1120 3632 —
1169 3611 1277 3646 menum
1303 3596 1464 3646 Lambinus:

142 3677 225 3714 manu
242 3666 338 3716 Mutii.
368 3666 483 3727 (Festina
503 3677 543 3718 est
561 3672 692 3738 ,ταρῳὸιά
710 3673 806 3733 partim
828 3671 960 3719 lorinulan
980 3672 1044 3718 iuris
1064 3668 1165 3716 uirilis:
1187 3667 1309 3727 lssdeeqo
1323 3676 1347 3714 ts
1359 3680 1392 3715 ec
1406 3668 1466 3714 iure

142 3749 252 3784 monum
277 3746 426 3786 consertum
449 3752 514 3787 uoco
540 3741 606 3800 (pro
633 3741 701 3790 blnr.
729 3742 805 3799 11.),
839 3741 934 3804 partim
962 3739 1158 3788 versicolorum
1187 3737 1369 3784 banneriorum
1395 3737 1463 3784 bon.

144 3805 216 3853 viti.
243 3805 286 3855 31.
324 3807 382 3855 Νοιι
406 3823 438 3857 en
457 3811 513 3857 iure
537 3822 645 3858 mersum
664 3817 829 3868 consertum,
854 3810 900 3858 sed
916 3823 992 3871 meqs
1010 3808 1082 3870 semo
1100 3807 1162 3856 item
1181 3811 1310 3867 repetunt.
1348 3806 1398 3855 Sed
1419 3819 1465 3856 no·

144 3881 227 3924 strum
242 3888 296 3923 non
309 3875 445 3927 Ciceronis
460 3887 515 3937 est,
536 3894 589 3927 ιιοιι
605 3881 693 3928 Ennii.
718 3879 781 3930 On..
803 3906 834 3914 -
861 3881 887 3928 1.
907 3885 985 3942 tuqus
1004 3880 1068 3928 MR:
1089 3885 1117 3926 tu
1136 3889 1237 3937 quoque
1257 3877 1299 3923 iii.
1324 3901 1350 3910 -
1382 3877 1408 3925 5.
1429 3876 1465 3925 bi-

143 3945 240 3994 nesii.
264 3971 290 3980 -
325 3945 351 3994 6.
373 3948 591 4008 Fortensperiui
605 3952 704 3999 annius
717 3950 852 4006 (Hirtius).
880 3949 930 3999 Oa.
952 3970 982 3983 ·
1014 3949 1040 3997 7.
1060 3947 1170 3995 Martiis
1191 3945 1465 4006 i'opsuaauetorese·

144 4015 334 4064 clusimus·
368 4017 394 4065 8.
411 4019 499 4079 pluris
516 4019 591 4069 itui.
611 4045 643 4054 -
674 4021 782 4082 quisque
801 4021 845 4070 iti.
876 4020 962 4070 [Gerr.
982 4033 1013 4067 ex
1032 4019 1049 4066 Z
1069 4016 1274 4066 etavietorin.
1306 4016 1345 4064 De
1364 4016 1390 4064 11
1411 4030 1465 4065 non

143 4087 208 4135 satis
222 4084 346 4143 constat.)
365 4113 396 4122 -
421 4089 463 4137 1³.
483 4089 562 4136 Dera
580 4089 781 4139 lelemandus.
803 4115 830 4126 —
859 4090 902 4139 ti.
921 4091 1104 4152 consequimur
1120 4086 1171 4135 111.
1194 4110 1223 4120 -
1250 4086 1292 4134 15.
1312 4099 1466 4146 comparens

144 4155 166 4204 l.
191 4179 224 4189 -
262 4154 305 4204 16.
331 4155 394 4204 mibi
412 4157 484 4206 bend
500 4159 640 4207 videbatur
666 4160 801 4208 Orellius:
825 4161 890 4207 mibi
906 4159 1046 4208 videbatur·
1066 4157 1146 4214 Mill,
1172 4155 1235 4204 mibi
1252 4167 1307 4203 non
1324 4156 1466 4204 uidebatur

145 4223 191 4274 Pio
210 4230 320 4273 anctore
339 4225 368 4275 li.
394 4250 419 4259 —
449 4234 535 4276 tumen
556 4229 702 4278 cauendum
721 4229 751 4278 li.
773 4254 803 4265 ·-
833 4227 971 4292 uillaeque]
990 4235 1018 4276 ui
1037 4227 1081 4275 ills
1099 4238 1148 4287 qus
1165 4225 1208 4285 11,
1226 4233 1255 4272 ιιι
1273 4225 1334 4272 illue
1352 4239 1418 4287 quoe
1437 4224 1464 4284 l,

144 4301 169 4344 st
185 4294 230 4344 ilis
248 4308 296 4357 que
313 4295 345 4344 tt.
382 4296 467 4353 (Coss.
488 4311 519 4347 ex
539 4297 580 4357 Ζ.)
601 4322 632 4334 -
669 4300 711 4349 18,
731 4298 764 4347 ds
782 4312 815 4347 so
832 4295 870 4361 rs]
889 4299 955 4348 durs
973 4299 1032 4357 zu,
1053 4295 1127 4345 dubit
1147 4296 1183 4355 ii,
1203 4295 1268 4343 durs
1282 4295 1424 4355 pollicetur
1441 4295 1464 4345 1.

144 4364 231 4414 {Corr-
251 4376 266 4413 a
283 4363 331 4421 X.)
358 4389 388 4400 -
426 4368 470 4416 ai.
499 4381 541 4418 ιιι.
561 4364 663 4430 Nonus]
682 4382 738 4418 ιιιι.
759 4381 814 4416 non
833 4369 870 4424 R,
889 4369 995 4420 Mionns
1014 4368 1035 4415 l.
1059 4392 1086 4402 -
1125 4365 1171 4414 2³.
1197 4365 1298 4414 nucitum
1318 4365 1328 4412 1
1347 4371 1373 4414 et
1392 4379 1463 4415 corr.

143 4433 180 4482 11.
202 4457 233 4470 -
265 4434 324 4480 istis
342 4433 500 4497 lequtionem
516 4439 577 4487 dein
594 4439 627 4488 R.
648 4464 681 4474 -
717 4438 759 4488 24.
781 4439 936 4488 bacterium
955 4437 993 4486 X:
1013 4436 1171 4498 leqntorinm
1189 4434 1286 4495 11111,
1305 4435 1466 4497 laquiricium

144 4504 229 4554 11.-
266 4502 310 4552 25.
331 4516 383 4566 qua
400 4505 434 4555 X.
457 4533 481 4543 -
519 4508 634 4557 Sirenum
654 4508 674 4555 1.
697 4534 724 4544 -
754 4510 879 4559 Mecum
900 4509 929 4557 ii.
951 4532 981 4542 -
1015 4508 1059 4556 26.
1081 4504 1371 4554 nsesiisvicsorins:
1392 4514 1420 4555 ut
1440 4512 1464 4555 si

143 4575 183 4622 bis
200 4573 260 4633 111,
286 4578 310 4621 ei
328 4574 368 4622 bis
388 4576 426 4636 ii,
451 4585 481 4627 ut
499 4579 532 4626 iis
552 4584 611 4640 post
632 4579 740 4627 Bosium
760 4578 790 4627 li.
817 4603 843 4615 -·
880 4579 924 4627 27.
952 4577 1123 4627 decernentur
1142 4590 1182 4639 pr.
1202 4575 1238 4625 11.
1267 4600 1297 4610 ·-
1333 4572 1463 4643 linquens)

144 4643 276 4693 Orelliusa
298 4643 398 4693 Persice
415 4646 483 4707 1111,
503 4647 588 4697 Persei
606 4649 646 4708 R,
662 4651 766 4709 persius
786 4648 806 4698 1.
830 4673 857 4684 -
895 4647 939 4698 28.
959 4647 1104 4709 lonqinquo
1121 4658 1199 4709 quom
1215 4645 1309 4706 (quum
1328 4645 1358 4696 iii
1377 4647 1463 4693 Lanu·

143 4716 214 4762 nium
233 4714 395 4762 existimauit
412 4717 498 4768 zuis:
519 4717 571 4766 ioci
581 4720 610 4766 in
623 4730 674 4780 qun
686 4720 814 4781 quonium
827 4717 977 4766 Lanuuium
990 4718 1139 4765 existimavi
1156 4714 1195 4772 X,
1215 4713 1356 4776 lonqinquo
1369 4729 1419 4776 qno
1436 4715 1464 4762 in

143 4781 295 4833 Lanuuium
312 4786 473 4835 existimauit
494 4788 523 4847 l,
551 4789 740 4850 lonqinqunm:
767 4790 914 4838 Lanuuium
931 4788 1083 4836 existimaui
1101 4786 1131 4834 E.
1161 4783 1273 4833 ilaliru:
1294 4784 1464 4848 lonqinquuns

144 4855 269 4915 quonia-m
282 4855 433 4905 Lanuuium
444 4859 603 4906 existimaui.
619 4856 668 4907 Oa.
684 4882 715 4892 -
735 4858 779 4909 11.
793 4856 851 4922 Dii]
867 4859 935 4908 ilinc
948 4868 1035 4908 novas
1048 4856 1096 4919 iip.
1112 4855 1217 4905 initium
1230 4851 1293 4902 lecit
1306 4853 1463 4904 Lambinus.
