3256 5400
599 218 674 282 Ltu.
695 219 765 285 xlc
805 220 1011 285 11111380.
1407 227 1469 291 223

151 384 240 441 antea
261 371 432 440 distinebar
452 372 596 438 maximis
618 374 890 462 occupationibus,
921 389 1089 465 propterea
1110 380 1195 467 quod
1217 382 1362 450 omnibns
1383 387 1470 452 curis

151 468 397 556 rempublicam
420 467 495 531 mibi
520 466 664 533 tuendam
686 467 849 554 putabam,
872 480 938 537 tum
959 471 1020 537 hoc
1041 484 1182 560 tempore
1206 477 1303 543 multo
1318 476 1470 547 distineor
1531 506 1536 515 ¹

150 563 373 629 vehementius.
417 565 453 626 Ut
473 560 555 626 enim
578 561 703 646 gravius
725 574 886 648 aegrotant
907 565 945 641 ii,
983 566 1051 653 qui,
1081 588 1152 633 cum
1174 570 1267 635 levati
1288 572 1402 639 morbo
1423 575 1469 640 ui-

149 657 282 731 dentur,
311 658 344 723 in
373 677 444 721 eum
467 655 506 720 de
528 654 650 739 integro
671 655 863 734 inciderunt,
891 659 937 724 sic
958 659 1172 726 vehementius
1194 685 1251 728 nos
1272 665 1468 741 laboramus,

148 758 203 839 qui
224 751 391 838 profligato
413 749 496 814 bello
517 768 553 812 ac
574 768 673 833 paene
695 748 817 815 sublato
839 763 1024 819 renovatum
1046 753 1161 820 bellum
1180 777 1291 841 gerere
1309 775 1492 845 cogamur.⁵

149 847 212 912 Sed
238 847 315 911 baec
342 845 501 909 hacteuus.
558 847 588 906 3.
623 848 669 907 Tu
691 842 763 918 tibi,
793 846 836 909 mi
859 846 1025 924 Cornifici,
1062 848 1111 912 lac
1135 861 1170 914 ut
1195 854 1384 936 persuadeas
1406 876 1468 921 non

148 961 218 1005 esse
240 961 290 1004 mc
312 950 374 1005 tam
397 936 553 1002 imbecillo
576 936 695 1010 auimo,
729 959 769 1001 ne
798 938 898 1003 dicam
921 940 1107 1015 inhumano,
1147 955 1181 1009 ut
1203 966 1221 1010 a
1243 955 1272 1010 te
1295 949 1375 1013 vinci
1397 971 1470 1036 pos-

148 1034 206 1099 sim
228 1043 283 1099 aut
304 1033 414 1098 officiis
436 1041 488 1096 aut
510 1051 628 1094 amore.
672 1036 739 1094 Nou
758 1031 936 1099 dubitabam
953 1036 1118 1122 equidem,
1142 1051 1355 1107 verumtamen
1370 1045 1469 1109 multo

149 1127 225 1192 mibi
247 1128 403 1192 notiorem
435 1145 575 1190 amorem
609 1136 696 1188 tuum
718 1124 822 1189 eilecit
844 1128 1047 1214 Chaerippus.
1092 1131 1314 1208 Obominom,
1344 1159 1469 1224 semper

147 1223 235 1288 illum
258 1220 383 1307 quidem
407 1219 481 1284 mibi
503 1228 625 1304 aptum,
659 1239 740 1282 nuuc
762 1240 838 1284 vero
862 1222 953 1286 etiam
977 1227 1120 1287 suavcml
1159 1227 1269 1293 Vultus
1290 1229 1467 1297 mehercule
1480 1250 1506 1289 ¹⁰

149 1327 220 1382 tuos
242 1314 318 1380 mibi
340 1313 495 1399 expressit
516 1332 642 1387 omncs;
666 1332 728 1376 nou
750 1314 852 1378 solum
867 1316 1003 1380 animum
1019 1339 1055 1380 ac
1070 1317 1166 1383 verba
1181 1323 1317 1404 pertulit.
1360 1329 1467 1410 ltaque

148 1410 212 1475 noli
245 1413 365 1482 vereri,
399 1427 438 1470 nc
472 1405 527 1470 tibi
550 1411 800 1479 succensuerim,
835 1407 920 1494 quod
942 1409 1053 1474 eodem
1076 1413 1222 1498 exemplo
1243 1415 1282 1480 ad
1303 1437 1374 1490 me,
1404 1439 1468 1505 quo

147 1504 187 1568 ad
208 1510 340 1568 ceteros.
393 1499 554 1586 Requisivi
576 1497 722 1584 equidem
744 1501 892 1585 proprias
914 1501 953 1566 ad
974 1524 1025 1567 me
1048 1526 1143 1569 unum
1165 1527 1183 1571 a
1205 1517 1235 1572 te
1256 1507 1390 1583 litteras,
1413 1511 1466 1576 sed

147 1618 249 1683 neque
271 1595 473 1660 vehementer
494 1601 524 1656 et
546 1601 694 1656 amanter.
751 1598 781 1658 1.
813 1599 860 1658 De
882 1606 1024 1681 sumptu,
1047 1619 1140 1684 quem
1163 1610 1192 1665 te
1215 1601 1246 1667 in
1268 1626 1335 1668 rem
1357 1604 1468 1670 milita·

147 1712 213 1755 rem
236 1690 339 1754 lacere
370 1698 401 1753 et
422 1688 532 1752 iecisse
553 1686 648 1758 dicis,
685 1685 760 1750 nibil
784 1708 857 1752 saue
878 1709 1006 1774 possum
1030 1689 1089 1754 tibi
1109 1692 1273 1778 opitulari,
1301 1706 1505 1783 proptereass

147 1784 231 1873 quod
246 1793 278 1848 et
298 1781 396 1847 orbus
409 1790 535 1846 senatus
557 1778 738 1844 consulibus
752 1781 896 1855 amissis,
919 1793 950 1847 et
972 1784 1172 1852 incredibiles
1194 1793 1353 1873 augustiae
1375 1812 1468 1877 pecu·

146 1880 216 1944 niae
248 1875 407 1964 publicae,
440 1895 520 1962 quae
547 1872 745 1960 conquiritur
774 1875 926 1962 undique,
963 1887 997 1943 ut
1026 1879 1143 1963 optime
1170 1883 1288 1947 meritis
1317 1883 1468 1949 militibus

145 1977 300 2060 promissa
322 1971 496 2046 solvantur;
534 1968 619 2054 quod
641 1967 768 2053 quidem
796 1969 865 2035 lieri
887 1974 954 2034 sine
977 1972 1095 2038 tributo
1116 1993 1209 2060 posse
1235 1998 1298 2042 nou
1319 1976 1467 2044 arbitror.

145 2072 175 2133 5.
197 2072 244 2131 Dc
265 2065 350 2130 Attio
370 2062 522 2150 Dionysio
544 2061 621 2126 nibil
642 2072 719 2147 puta
742 2085 827 2137 csse,
849 2065 997 2150 quoniam
1019 2065 1095 2131 mibi
1110 2067 1186 2132 nibil
1202 2068 1281 2134 dixit
1295 2072 1466 2137 Tratorius.

144 2167 190 2227 De
212 2165 245 2226 P.
277 2159 412 2225 Lucceio
441 2155 518 2221 nibil
546 2153 602 2220 tibi
625 2155 779 2228 concedo,
819 2179 883 2244 quo
911 2159 1082 2225 studiosior
1111 2161 1179 2227 eius
1200 2163 1258 2236 sis,
1291 2186 1384 2251 mam
1406 2183 1505 2250 egoao

145 2277 233 2331 sum;
257 2262 304 2319 est
324 2252 407 2317 enim
430 2249 520 2315 nobis
542 2250 745 2314 necessarius.
789 2251 850 2316 Sed
876 2272 894 2316 a
917 2255 1071 2337 magistris
1093 2276 1163 2320 cum
1185 2258 1405 2324 contenderem
1427 2259 1466 2325 de

144 2347 335 2433 proferendo
356 2346 422 2418 die,
459 2343 633 2430 probamnt
654 2343 730 2408 mibi
753 2366 841 2419 sese,
876 2367 940 2431 quo
963 2348 1065 2413 minus
1086 2348 1119 2413 id
1142 2349 1301 2425 lacerent,
1328 2362 1360 2416 et
1381 2373 1465 2418 com·

143 2441 300 2528 promisso
323 2451 354 2506 et
374 2441 444 2505 iure
465 2437 597 2504 iuranda
625 2437 781 2523 impediri.
826 2441 933 2515 Quare
955 2441 1141 2508 veniendum
1163 2442 1301 2509 arbitror
1321 2445 1464 2512 Lucceio.

144 2541 358 2622 Quamquam,
390 2533 418 2599 si
450 2533 527 2597 meis
556 2531 667 2596 litteris
695 2530 943 2617 obtemperarit,
979 2554 1049 2598 cum
1079 2544 1111 2599 tu
1140 2535 1216 2601 baec
1237 2537 1341 2622 leges,
1377 2540 1463 2605 illum

144 2636 261 2696 Romae
283 2648 352 2693 esse
374 2625 540 2713 oportebit.
584 2629 614 2689 6.
638 2625 756 2691 Ceteris
779 2624 935 2690 derebus
956 2628 1154 2715 maximeque
1176 2629 1215 2694 dc
1230 2633 1371 2714 pecunia,
1393 2649 1502 2698 cumas

143 2728 259 2789 Pansae
289 2733 422 2787 mortem
450 2720 631 2804 ignorares,
666 2717 833 2805 scripsisti,
871 2741 952 2805 quac
974 2740 1032 2807 per
1060 2741 1118 2786 nos
1139 2722 1179 2787 ab
1202 2744 1241 2789 eo
1262 2727 1412 2812 consequi
1433 2734 1464 2791 tc

143 2838 236 2903 posse
257 2817 458 2882 arbitrarere.
507 2816 595 2890 Quae
617 2822 647 2876 te
669 2832 732 2876 non
755 2810 956 2889 fefellissent,
988 2818 1013 2878 si
1038 2815 1172 2892 viveret3
1209 2838 1280 2881 nam
1303 2825 1333 2882 te
1355 2818 1465 2903 dilige·

142 2909 212 2975 bat:
241 2917 467 2996 postmortem
488 2917 592 2972 autem
615 2906 683 2970 eius
704 2904 780 2992 quid
801 2905 871 2970 fieri
893 2917 1017 2992 posset,
1045 2929 1108 2973 non
1131 2909 1322 2977 videbamus.
1364 2916 1395 2979 7.
1416 2918 1463 2978 De

143 3003 316 3078 Venuleio,
339 3003 464 3075 Latino,
487 2999 636 3074 Horatio,
659 2999 749 3064 valde
771 2998 874 3065 laudo.
918 3001 998 3066 lllud
1020 3022 1083 3067 non
1098 3002 1227 3068 nimium
1243 3003 1355 3091 probo,
1377 3008 1461 3092 quod

143 3097 272 3170 scribis,
308 3118 373 3183 quo
400 3095 443 3160 illi
472 3094 576 3158 auimo
608 3094 757 3179 aequiore
784 3092 921 3168 ferrent,
955 3105 986 3159 te
1008 3095 1069 3160 tais
1091 3097 1184 3163 etiam
1206 3098 1315 3183 legatis
1337 3099 1500 3164 lictoresso

142 3190 305 3256 ademisse.
358 3193 488 3254 Honore
516 3188 599 3253 euim
627 3207 697 3251 cum
725 3186 896 3271 ignominia
923 3187 1025 3273 dignis
1053 3211 1115 3254 non
1136 3200 1225 3255 eraut
1246 3191 1460 3276 comparandi,

142 3307 260 3371 eosque
282 3306 322 3350 ex
343 3293 467 3349 senatus
488 3282 651 3355 consulto,
688 3281 798 3345 sinon
827 3280 998 3359 decedunt,
1035 3283 1208 3368 cogendos,
1240 3295 1275 3350 ut
1296 3283 1459 3356 decedant,

142 3380 298 3445 existimo.
340 3381 425 3443 llaec
446 3375 513 3440 lere
535 3373 574 3439 ad
596 3396 649 3440 eas
671 3375 805 3448 litteras,
836 3397 914 3462 quas
936 3376 1047 3441 eodem
1070 3379 1215 3464 exemplo
1234 3377 1325 3442 binas
1345 3383 1460 3464 accepi.

141 3478 187 3538 De
209 3473 352 3558 reliquo,
388 3470 482 3535 velim
511 3469 568 3534 tibi
598 3467 787 3555 persuadeas
809 3490 872 3534 non
895 3490 964 3534 esse
987 3470 1061 3535 mibi
1083 3491 1184 3536 meam
1207 3471 1387 3556 dignitatem
1408 3480 1460 3537 tua

141 3567 308 3633 cariorem.
1470 3588 1502 3645 ss,

209 3741 235 3789 2.
266 3753 320 3788 rem
342 3739 474 3802 publicam
503 3752 558 3788 om.
583 3736 620 3788 M.
654 3760 684 3772 -
720 3737 747 3785 3.
775 3737 896 3785 uidentur
913 3736 956 3786 lli:
986 3737 1136 3786 uiderentur
1153 3750 1216 3786 eum
1234 3738 1356 3788 Manutio
1375 3737 1406 3786 11.
1426 3764 1459 3773 -

140 3811 167 3860 li.
194 3822 318 3874 cogamur
343 3809 497 3859 Manutius:
534 3820 659 3858 eorsamur
682 3807 742 3858 1111.
777 3831 799 3842 -
841 3806 867 3856 u.
896 3806 1054 3868 Chaerippus
1078 3807 1137 3856 Vb:
1168 3808 1310 3870 Cberippus
1339 3806 1398 3858 1111.
1429 3834 1456 3844 -

142 3881 184 3930 13.
202 3894 283 3928 ursum
300 3893 318 3927 a
336 3886 360 3928 te
378 3879 482 3927 litteras
499 3877 662 3928 Crstsudess
682 3891 762 3926 ussum
780 3877 815 3924 ad
834 3876 937 3925 litteras
954 3876 999 3935 M,
1019 3890 1099 3925 ussum
1117 3877 1220 3926 litteras
1239 3876 1269 3926 11.
1290 3902 1319 3911 -
1354 3877 1396 3928 ld.
1418 3892 1460 3928 or·

139 3950 185 3999 bus
202 3956 238 3998 est
255 3955 360 3998 senatus
379 3949 535 3998 Lambinus.
555 3973 588 3981 -
607 3949 648 3997 ls.
669 3947 755 3996 Attica
773 3945 917 3996 Corradus.
939 3972 966 3982 -
991 3946 1129 3994 Tratorius
1147 3945 1190 3996 bl:
1210 3946 1358 3996 §trasarius
1376 3947 1406 3997 11.
1427 3972 1458 3984 -

140 4022 183 4070 30.
202 4025 229 4070 et
246 4020 290 4069 23.
309 4020 389 4068 luccio
407 4019 444 4069 11.
464 4041 497 4054 ·-
514 4020 657 4068 studiosior
675 4019 750 4066 iussis
767 4016 804 4068 11.
828 4042 855 4052 -
894 4016 938 4065 22.
955 4017 1103 4078 probarunt
1122 4017 1171 4069 bl:
1189 4017 1366 4079 probauerunt
1386 4017 1415 4067 u.
1427 4043 1456 4052 -

139 4090 184 4139 17.
210 4092 324 4140 uiuerent
350 4090 387 4140 11.
419 4115 452 4124 -
488 4089 532 4139 31.
559 4089 665 4138 Honore
688 4090 756 4137 enias
774 4085 820 4136 tl:
849 4087 956 4136 liorsors
973 4089 1042 4136 euim
1059 4087 1134 4152 dipel
1155 4101 1217 4138 cum
1234 4086 1459 4138 1111111011-

139 4161 355 4223 connumerandi
372 4159 409 4211 11,
