3256 5400
571 272 645 335 Llll.
665 272 722 336 Xl.
762 272 822 337 ΕΡ.
843 274 895 338 25.
917 273 969 337 dd.
990 274 1042 339 W.
1401 279 1464 343 205

142 453 211 499 csse
242 427 372 516 putabas
402 449 461 494 neo
489 428 598 494 inutile
620 428 680 516 ipsi
702 430 842 507 Caesari,
880 431 1056 518 perfecisti,
1096 443 1130 500 nt
1153 429 1207 499 ille
1228 453 1279 498 me
1300 433 1464 521 diligeret,

141 526 276 600 coleret,
312 521 443 589 baberet
462 524 495 589 in
516 529 591 590 suis.
645 526 741 592 Multa
763 535 943 610 praetereo,
974 548 1054 613 quae
1075 528 1272 614 temporibus
1293 528 1355 594 illis
1380 529 1464 596 iuter

142 641 200 686 nos
228 618 468 685 familiarissime
491 618 589 692 dicta,
611 620 741 705 scripta,
764 621 991 685 communicata
1008 620 1084 699 sint;
1107 620 1254 707 graviora
1282 623 1366 688 enim
1390 644 1463 690 con·

141 723 249 780 secuta
278 722 359 779 sunt
417 718 448 780 3.
481 719 519 778 Et
548 713 637 778 initio
665 711 739 778 belli
761 714 862 778 civilis
884 735 955 778 cum
983 715 1183 781 Brundisium
1206 737 1317 784 versus
1338 720 1402 785 ires
1424 718 1464 785 ad

142 812 325 882 Caesarem,
361 807 475 872 venisti
509 806 546 871 ad
577 828 629 871 me
650 807 683 871 in
704 808 917 874 Formianum.
973 808 1113 873 Primum
1134 808 1195 875 boc
1212 811 1313 895 ipsum
1336 812 1488 899 quauti,⁵

142 902 328 987 praesertim
351 900 547 986 temporibus
568 900 644 965 illisl
674 900 793 966 Deinde
815 900 947 966 oblitum
962 923 1012 966 me
1035 912 1125 989 putes
1140 905 1277 978 consilii,
1299 909 1463 982 sermonis,

142 996 342 1062 humanitatis
369 1000 460 1059 tuael
493 993 606 1081 quibus
629 993 725 1060 rebus
746 995 896 1060 interesse
920 997 1046 1061 memini
1069 996 1260 1064 Trebatium.
1304 1005 1367 1065 Nec
1386 1022 1463 1067 vero

141 1111 210 1157 sum
232 1089 347 1155 oblitus
369 1090 542 1154 litterarum
574 1098 712 1164 tuarum,
735 1110 812 1174 quas
829 1089 867 1154 ad
883 1112 933 1155 me
948 1091 1075 1165 misisti,
1098 1113 1169 1156 cum
1192 1094 1316 1158 Caesari
1338 1094 1462 1160 obviam

141 1182 281 1248 venisses
303 1182 336 1247 in
361 1204 454 1267 agro,
477 1193 512 1247 ut
535 1181 693 1258 arbitror,
720 1183 907 1248 Trebulano.
950 1188 981 1250 l.
1004 1189 1150 1250 Secutum
1172 1186 1250 1250 illud
1270 1197 1462 1274 tempuscst,

141 1298 212 1342 cum
241 1298 292 1342 me
321 1277 360 1341 ad
390 1277 571 1362 Pompeium
596 1276 753 1362 proficisci
779 1278 845 1342 sive
873 1278 976 1364 pudor
999 1300 1085 1344 meus
1113 1279 1216 1364 coegit
1237 1280 1303 1346 sive
1325 1283 1461 1349 officium
1475 1293 1501 1331 ¹⁰

141 1375 208 1462 aive
229 1370 366 1436 fortuna.
418 1370 512 1449 Quod
538 1371 674 1436 officium
696 1381 801 1444 tuum,
826 1373 911 1458 quod
934 1372 1070 1438 studium
1095 1373 1144 1438 vel
1170 1374 1203 1438 in
1228 1372 1387 1440 absentem
1411 1398 1462 1441 me

140 1464 190 1530 vel
209 1463 244 1528 in
267 1473 445 1550 praesentes
471 1485 559 1530 meos
580 1465 701 1530 defuit?
738 1487 831 1551 quem
857 1487 955 1552 porro
977 1487 1086 1532 omnes
1110 1467 1173 1531 mei
1195 1476 1226 1533 et
1250 1468 1327 1534 mihi
1348 1479 1379 1534 et
1402 1470 1462 1538 sibi

141 1568 171 1623 te
206 1557 388 1625 amiciorem
413 1558 655 1624 iudicaverunt?
691 1560 771 1624 Veni
795 1559 1008 1625 Brundisium.
1066 1559 1245 1626 Oblitumne
1274 1583 1325 1626 me
1355 1573 1461 1647 putes,

140 1673 202 1739 qua
225 1652 402 1725 celeritate,
424 1662 460 1718 ut
480 1652 616 1737 primum
635 1651 791 1728 audieris,
814 1653 853 1718 ad
875 1675 925 1717 me
947 1658 1081 1719 Tarento
1110 1655 1290 1720 advolaris?
1306 1679 1386 1743 quae
1407 1667 1461 1724 tua

140 1748 237 1813 fuerit
259 1747 409 1822 assessio,
432 1746 555 1820 oratio,
585 1746 781 1811 confirmatio
804 1746 899 1811 animi
924 1747 987 1812 mei
1021 1746 1110 1814 fracti
1130 1755 1343 1815 communium
1368 1752 1500 1818 mise-¹³

140 1841 260 1907 riarum
281 1846 387 1905 metu?
423 1845 454 1906 5.
477 1839 615 1905 Tandem
629 1839 797 1927 aliquando
817 1845 935 1907 Romae
950 1861 1019 1906 esse
1041 1843 1214 1928 coepimus.
1258 1844 1343 1920 Quid
1362 1846 1463 1913 defuit

140 1945 267 2001 nostrae
288 1933 512 1999 familiaritati?
542 1938 578 1998 ln
601 1934 747 1999 maximis
773 1932 869 1999 rebus
890 1956 1027 2021 quonam
1049 1936 1145 2001 modo
1167 1957 1310 2021 gererem
1338 1960 1388 2004 me
1406 1939 1462 2006 ad·

141 2050 250 2094 versus
269 2032 451 2100 Caesarem,
473 2049 549 2092 usus
569 2036 624 2092 tuo
645 2027 778 2093 consilio
800 2050 881 2093 sum.
937 2033 973 2094 ln
998 2029 1130 2117 reliquis
1144 2029 1255 2095 officiis
1277 2032 1328 2097 cui
1352 2044 1387 2099 tu
1406 2035 1462 2100 tri-

139 2121 250 2195 buisti,
281 2130 414 2207 excepto
448 2124 599 2195 Caesare,
633 2131 759 2207 praeter
783 2143 848 2195 me,
881 2133 916 2187 ut
948 2122 1076 2188 domum
1105 2124 1275 2191 ventitares
1304 2126 1461 2214 horasque

140 2215 252 2282 multas
281 2236 374 2301 saepe
401 2214 587 2280 suavissimo
621 2235 767 2281 sermone
797 2221 1025 2281 consumeres?
1069 2227 1150 2291 tum,
1183 2237 1255 2284 cum
1280 2219 1395 2294 etiam,
1432 2221 1499 2287 giso

139 2309 323 2382 meministi,
355 2317 390 2374 ut
417 2307 495 2373 baec
523 2310 796 2394 φιλοσοφούμενα
825 2307 1011 2384 scriberem,
1047 2318 1081 2373 tu
1103 2330 1153 2374 me
1174 2311 1336 2397 impulisti.
1387 2318 1461 2380 Post

139 2404 280 2470 Caesaris
302 2402 453 2475 reditum,
488 2402 564 2488 quid
585 2402 643 2467 tibi
665 2403 777 2468 maiori
805 2423 899 2468 curae
921 2401 998 2476 fuit,
1033 2424 1125 2489 quam
1149 2413 1184 2468 ut
1209 2424 1309 2470 essem
1331 2427 1391 2492 eqo
1412 2407 1460 2472 illi

138 2519 232 2584 quam
251 2496 534 2562 familiarissimus?
567 2495 654 2583 quod
678 2495 837 2561 effeceras.
888 2500 918 2560 6.
954 2498 1114 2572 Quorsum
1133 2497 1230 2581 igitur
1254 2497 1332 2563 baec
1355 2499 1459 2565 oratio

138 2592 278 2677 longior,
301 2611 395 2678 quam
415 2595 579 2675 putaram?
617 2590 698 2666 Quia
734 2610 803 2655 sum
825 2588 994 2654 admiratus
1016 2599 1061 2662 te,
1084 2590 1139 2675 qui
1160 2588 1236 2655 baec
1257 2612 1350 2656 nosse
1364 2591 1461 2658 debe·

138 2707 206 2760 res,
244 2685 413 2771 quidquam
436 2704 453 2747 a
474 2704 524 2748 mc
546 2683 768 2755 commissum,
802 2682 887 2769 quod
913 2692 995 2748 esset
1015 2682 1150 2747 alienum
1174 2693 1280 2749 nostra
1302 2685 1456 2760 amicitia,
1469 2699 1497 2740 ¹³

138 2779 319 2845 credidisse.
374 2783 451 2843 Nam
480 2784 605 2862 praeter
627 2775 723 2849 baec,
751 2797 832 2862 quae
855 2777 1113 2850 commemoravi,
1152 2798 1232 2862 quae
1255 2790 1362 2844 testata
1386 2789 1458 2846 sunt

138 2884 169 2938 et
192 2873 339 2946 illustria,
375 2869 476 2937 babeo
510 2871 604 2935 multa
630 2871 816 2944 occultiora,
849 2891 930 2958 quae
954 2871 1009 2935 vix
1034 2870 1140 2936 verbis
1168 2871 1299 2958 exsequi
1319 2893 1458 2956 possum.

139 2967 250 3033 Omnia
272 2989 322 3031 me
356 2977 408 3031 tua
436 2964 605 3039 delectant,
634 2965 690 3029 sed
719 2964 857 3030 maxime
884 2963 1022 3028 maxima
1052 2986 1124 3030 cum
1152 2965 1228 3031 fides
1250 2967 1282 3030 in
1304 2966 1458 3040 amicitia,

138 3061 317 3135 consilium,
351 3059 502 3145 gravitas,
535 3063 724 3132 constantia,
758 3071 823 3125 tum
843 3059 952 3143 lepos,
976 3057 1170 3133 humanitas,
1194 3060 1328 3124 litterae.
1374 3061 1458 3136 Qua·

138 3165 269 3240 propter
290 3153 387 3218 redeo
414 3174 495 3217 nunc
524 3151 565 3216 ad
586 3153 757 3238 querelam.
812 3157 842 3216 7.
863 3155 931 3238 Ego
960 3161 989 3216 te
1013 3151 1198 3237 suffragium
1220 3154 1327 3231 tulisse
1349 3153 1382 3218 iu
1404 3152 1497 3218 illa⁸⁰

138 3247 206 3333 lege
238 3247 377 3333 primum
407 3267 469 3311 non
504 3245 644 3322 credidi;
681 3245 815 3318 deinde,
852 3246 878 3310 si
899 3245 1118 3320 credidissem,
1148 3268 1308 3328 nunquam
1337 3247 1370 3311 id
1391 3247 1458 3312 sine

137 3341 240 3427 aliqua
258 3342 339 3407 iusta
359 3361 452 3405 causa
472 3339 684 3404 existimarem
703 3349 732 3403 te
751 3340 871 3404 fecisse.
916 3340 1057 3424 Dignitus
1079 3350 1132 3405 tua
1154 3340 1243 3415 facit,
1266 3349 1302 3403 ut
1319 3339 1460 3404 animad-

136 3446 290 3509 vertatur,
328 3433 479 3521 quidquid
508 3434 618 3508 facias;
656 3432 872 3498 malevolentia
905 3443 1008 3498 autem
1038 3433 1216 3504 bominum,
1252 3445 1286 3499 ut
1309 3433 1458 3518 nonnulla

137 3528 261 3602 durius,
299 3550 392 3616 quam
415 3549 433 3592 a
456 3537 486 3592 te
508 3527 588 3591 facta
610 3528 691 3599 siut,
726 3527 938 3612 proferantur.
980 3532 1025 3592 Ea
1049 3537 1082 3592 tu
1104 3528 1131 3592 si
1153 3549 1216 3592 non
1238 3526 1341 3601 audis,
1380 3525 1456 3613 quid

136 3622 255 3695 dicam,
278 3623 401 3698 nescio;
429 3620 593 3708 equidem,
616 3620 641 3685 si
664 3619 789 3705 quando
808 3619 919 3696 audio,
942 3631 1004 3685 tam
1027 3619 1177 3694 defendo,
1201 3643 1294 3707 quam
1317 3642 1368 3686 me
1391 3620 1497 3686 scio⁸⁵

136 3737 154 3781 a
177 3725 206 3780 te
228 3725 336 3782 contra
368 3715 494 3801 iniquos
516 3735 603 3779 meos
627 3713 730 3779 solere
752 3712 887 3778 defendi.
944 3713 1093 3779 Defensio
1116 3724 1220 3779 autem
1248 3725 1296 3779 est
1317 3713 1455 3801 duplex:

136 3809 196 3874 alia
217 3820 304 3885 sunt,
337 3831 418 3897 quae
439 3807 560 3894 liquido
588 3829 703 3892 negare
725 3806 859 3880 soleam,
887 3817 922 3872 ut
943 3806 981 3872 de
1004 3808 1064 3873 isto
1085 3808 1155 3895 ipso
1177 3807 1345 3893 suffragio;
1380 3807 1457 3880 alia,

136 3923 216 3989 quae
249 3902 413 3968 defendam
446 3924 463 3966 a
493 3912 523 3967 te
556 3900 606 3987 pie
635 3901 703 3965 lieri
731 3912 762 3966 et
789 3900 939 3972 humane,
971 3911 1006 3966 ut
1036 3900 1075 3965 de
1106 3902 1268 3968 curatione
1299 3901 1457 3967 ludorum.

136 4000 165 4060 8.
189 3995 250 4061 Sed
278 4005 325 4071 te,
354 3994 512 4060 bominem
546 3993 776 4068 doctissimum,
813 4014 875 4058 non
902 3994 996 4079 fugit,
1030 3995 1056 4059 si
1082 3998 1195 4060 Caesar
1216 4016 1275 4059 rex
1297 3994 1393 4059 fucrit
1416 4025 1456 4037 -

135 4089 222 4175 quod
251 4088 328 4154 mihi
356 4088 483 4176 quidem
513 4089 637 4155 videtur
659 4123 716 4162 —,
738 4088 771 4153 in
791 4097 1099 4174 utramquepartem
1122 4087 1161 4152 de
1185 4098 1239 4152 tuo
1262 4089 1365 4155 officio
1395 4087 1497 4154 dis-⁴⁰

134 4184 238 4268 putari
260 4203 367 4269 posse;
400 4183 451 4247 vel
472 4183 505 4248 in
526 4203 611 4257 eam,
644 4203 706 4268 qua
729 4201 789 4266 ego
810 4182 898 4247 soleo
921 4181 981 4255 uti,
1009 4179 1194 4246 laudandam
1220 4202 1288 4246 esse
1312 4180 1405 4246 fidem
1426 4189 1457 4245 et

135 4276 357 4342 humanitatem
385 4287 486 4350 tuam,
523 4276 577 4363 qui
607 4276 741 4340 amicum
771 4277 864 4340 etiam
886 4285 1045 4340 mortuum
1075 4274 1203 4358 diligas3
1242 4274 1289 4338 vel
1313 4275 1345 4339 in
1368 4295 1456 4350 eam,

135 4391 196 4458 qua
218 4369 358 4436 nonnulli
380 4379 526 4443 utuntur,
549 4367 724 4434 libertatem
749 4369 868 4455 patriae
891 4368 973 4432 vitae
996 4368 1088 4433 amici
1107 4367 1366 4453 anteponendam.
1408 4372 1456 4433 Ex

133 4463 182 4529 bis
198 4463 397 4529 sermonibus
412 4463 529 4529 utinam
551 4471 655 4528 essent
676 4461 797 4527 delatae
819 4461 858 4527 ad
880 4472 910 4526 te
931 4461 1156 4547 disputationes
1178 4464 1285 4527 meael
1309 4461 1363 4526 llla
1378 4481 1456 4528 vero

202 4694 229 4743 ³.
260 4695 314 4742 rtet
337 4693 379 4744 M:
410 4697 471 4740 mot
499 4690 531 4741 ll.
554 4717 582 4727 -
621 4691 648 4741 d.
676 4691 748 4742 Fort.
781 4691 883 4740 Etenim
900 4691 989 4739 initio.
1010 4688 1061 4739 Oa.
1082 4715 1114 4724 -
1150 4689 1177 4739 9.
1199 4690 1322 4737 venissem
1342 4688 1391 4735 Vb.
1424 4713 1453 4723 -

133 4763 177 4813 ft.
196 4764 313 4813 cocturis
332 4764 370 4813 Μ.
392 4787 421 4799 -·
442 4762 486 4811 17.
506 4775 620 4826 perorem
637 4775 678 4811 me
696 4762 737 4812 Mc
755 4775 796 4811 me
813 4774 926 4825 perorem
945 4759 975 4809 ll.
995 4783 1028 4796 -
1063 4759 1105 4808 27.
1125 4759 1209 4808 molto
1228 4756 1311 4807 Codd.
1331 4757 1455 4820 aliquota

132 4834 215 4883 multo
243 4832 302 4883 llll.
337 4857 366 4868 -
419 4831 464 4881 28.
488 4833 607 4880 melma
632 4837 743 4881 auctore
772 4830 895 4881 Ernestlo
926 4829 981 4879 del.
1009 4829 1161 4880 Scbtltzius.
1194 4850 1223 4864 -
1270 4826 1314 4877 37.
1346 4840 1412 4891 quoe
1439 4841 1458 4879 o

134 4903 288 4968 liquidem.
309 4924 340 4939 -
376 4902 421 4954 bt.
441 4901 511 4951 soleo
528 4900 633 4953 utlldr
652 4901 780 4952 vttaoleo
798 4900 830 4951 ll.
