3256 5400
599 238 673 301 LlB.
695 238 748 305 Vl.
790 241 850 304 ΕΡ.
871 240 902 303 2.
924 240 955 304 ll.
1397 240 1439 304 89

118 403 150 460 et
169 393 231 460 alta
260 402 308 459 est
330 393 413 459 ratio
440 415 476 458 ac
504 394 679 460 moderatio
702 396 800 472 vitae,
833 405 865 461 et
893 395 991 462 babes
1019 399 1087 462 Ser.
1120 398 1309 485 Sulpicium,
1347 420 1442 486 quem

118 509 243 574 semper
267 488 359 553 unice
388 487 541 561 dilexisti,
564 490 669 575 quite
691 492 834 577 prolecto
855 499 886 555 et
905 489 1123 557 benevolentia
1149 502 1181 556 et
1201 492 1352 579 sapientia
1367 513 1443 558 con-

118 585 257 656 solatur,
279 582 370 648 cuius
388 584 415 648 si
436 605 575 649 essemus
597 586 864 650 etauctoritatem
885 595 917 650 et
941 585 1106 651 consilium
1125 587 1245 658 secuti,
1269 588 1364 672 togati
1384 607 1442 672 po-

117 678 179 743 tius
197 677 370 763 potentiam
393 675 486 764 quam
510 680 621 742 armati
639 680 803 743 victoriam
824 679 1027 744 subissemus.
1070 684 1100 744 7.
1124 681 1186 745 Sed
1206 680 1283 746 baec
1297 682 1442 766 longiora

117 771 250 837 fortasse
281 771 423 846 luerunt,
459 794 552 859 quam
586 794 714 837 necesse
735 775 810 852 luit;
846 774 919 848 illa,
956 795 1037 860 quae
1055 774 1175 839 maiora
1197 783 1282 848 sunt,
1314 772 1465 839 breviuso

119 886 286 952 exponam.
336 870 404 951 Ego
431 865 548 939 babeo,
580 865 631 930 cui
653 868 834 953 plusquam
857 867 915 932 tibi
936 866 1081 942 debeam,
1122 868 1296 945 neminem
1327 867 1442 955 quibus

118 971 237 1026 tantum
262 958 431 1036 debebam,
461 970 609 1046 quantum
631 970 665 1025 tu
689 961 851 1046 intelligis,
876 982 930 1025 eos
957 961 1050 1025 buius
1070 961 1147 1026 mibi
1169 961 1245 1026 belli
1266 982 1355 1026 casus
1380 961 1444 1025 ori-

119 1054 197 1141 puit.
250 1054 313 1131 Qui
335 1055 395 1120 sim
418 1065 522 1119 autem
548 1054 607 1119 boo
627 1063 786 1139 tempore,
808 1054 958 1138 intelligo.
1002 1053 1064 1118 Sed
1090 1054 1162 1140 quia
1187 1075 1280 1120 nemo
1307 1064 1353 1119 est
1380 1066 1442 1120 tam

119 1149 268 1223 alllictus,
297 1149 391 1236 quin,
427 1149 454 1213 si
475 1148 552 1212 nibil
572 1148 657 1213 aliud
682 1148 803 1213 studeat
823 1147 882 1212 nisi
904 1147 955 1221 id,
987 1147 1072 1234 quod
1094 1148 1173 1231 agit,
1203 1151 1302 1235 possit
1328 1171 1443 1215 navare

119 1242 236 1330 aliquid
257 1252 290 1308 et
310 1242 448 1318 efficere,
471 1263 564 1307 omne
587 1263 690 1306 meum
713 1242 897 1314 consilium,
921 1262 1067 1325 operam,
1090 1242 1228 1307 studium
1242 1252 1327 1307 certe
1349 1243 1443 1307 velim
1457 1261 1482 1302 to

122 1337 284 1402 existimes
305 1335 363 1401 tibi
386 1337 509 1422 tuisque
530 1334 640 1401 liberis
662 1355 731 1399 esse
754 1333 903 1398 debitum.

603 1472 962 1559 umnam)

470 1593 512 1654 nt.
535 1590 677 1654 cronno
701 1591 732 1652 s.
753 1593 791 1652 n.
813 1591 848 1652 n.
871 1589 1097 1665 concurro,

207 1719 236 1777 l.
257 1716 334 1777 Peto
356 1718 437 1786 ate,
460 1731 499 1774 ne
517 1731 567 1773 me
592 1720 682 1794 putes
700 1708 860 1773 oblivione
874 1709 920 1773 tui
939 1709 1043 1773 rarius
1064 1709 1104 1774 ad
1127 1718 1157 1774 te
1179 1709 1327 1784 scribere,
1350 1731 1445 1797 quam

120 1806 276 1880 solebam,
312 1805 367 1870 sed
390 1813 443 1870 aut
465 1804 617 1889 gravitate
640 1802 841 1875 valetudinis,
864 1823 925 1888 qua
953 1810 1057 1866 tamen
1085 1803 1146 1866 iam
1168 1804 1305 1888 paullum
1335 1804 1446 1869 videor
1457 1817 1483 1858 ¹⁵
1552 1786 1557 1799 ¹

121 1899 239 1974 levari,
262 1907 316 1965 aut
340 1898 426 1984 quod
450 1897 549 1962 absim
572 1896 612 1961 ab
633 1895 729 1971 urbe,
752 1906 805 1970 ut,
828 1896 882 1982 qui
904 1896 943 1961 ad
969 1905 998 1960 te
1015 1895 1256 1980 proficiscatur,
1280 1898 1360 1962 scire
1382 1919 1445 1963 non

120 1993 251 2081 possim.
295 1997 400 2071 Quare
416 1992 509 2056 velim
526 1992 569 2056 ita
586 2001 733 2056 statutum
755 1988 885 2064 habeas,
908 2011 958 2054 me
978 1990 1023 2054 tui
1037 1991 1221 2055 memoriam
1237 2013 1308 2057 cunr
1326 2014 1447 2059 summa

122 2087 340 2153 benevolentia
375 2096 482 2150 tenere
512 2095 643 2172 tuasque
674 2106 783 2149 omnes
812 2105 864 2147 res
888 2105 951 2148 non
982 2084 1097 2149 minori
1127 2083 1205 2147 mibi
1234 2106 1328 2151 curae
1352 2077 1446 2173 quam

123 2203 207 2248 meas
230 2202 330 2266 esse.
367 2184 396 2244 2.
420 2179 514 2257 Quod
537 2179 656 2244 maiore
681 2178 712 2242 in
736 2178 886 2242 varietate
915 2188 1038 2242 versata
1061 2186 1108 2241 est
1138 2178 1239 2242 adhuc
1261 2189 1313 2243 tua
1337 2199 1446 2253 causa,

123 2296 216 2363 quem
242 2273 384 2340 homines
409 2282 462 2337 aut
483 2273 630 2338 volebant
653 2280 706 2337 aut
732 2270 959 2356 opinabantur,
983 2271 1058 2336 mibi
1088 2271 1202 2346 crede,
1236 2280 1366 2336 nonest
1387 2282 1485 2357 pro²⁰

123 2368 212 2433 malis
237 2376 415 2453 temporum
437 2365 522 2452 quod
542 2367 673 2431 moleste
697 2366 789 2429 ieras.
833 2370 965 2429 Necesse
985 2373 1032 2428 est
1052 2364 1136 2428 enim
1157 2373 1210 2429 aut
1229 2365 1324 2428 armis
1339 2364 1448 2448 urgeri

123 2483 192 2526 rem
216 2460 375 2548 publicam
399 2460 597 2544 sempiternis
618 2468 670 2523 aut
702 2457 749 2521 bis
776 2457 887 2544 positis
908 2457 1047 2521 recreari
1073 2457 1240 2542 aliquando
1271 2467 1324 2522 aut
1344 2457 1449 2522 lundi-

124 2566 173 2620 tus
198 2554 341 2619 interire.
396 2553 428 2619 Si
450 2575 537 2618 arma
561 2551 724 2625 valebunt,
755 2572 813 2614 nec
842 2572 918 2625 eos,
952 2572 970 2614 a
998 2549 1112 2635 quibus
1135 2550 1309 2634 reciperis,
1343 2549 1449 2615 vereri

124 2648 220 2714 debes
245 2668 303 2712 nee
325 2668 400 2722 eos,
431 2669 510 2733 quos
533 2645 675 2722 adivisti;
706 2645 732 2709 si
754 2646 849 2710 armis
866 2654 920 2709 aut
944 2643 1128 2709 condicione
1149 2644 1260 2728 positis
1284 2651 1337 2707 aut
1364 2641 1449 2706 dela-

125 2741 273 2828 tigatione
293 2740 421 2806 abiectis
454 2749 508 2805 aut
528 2739 658 2804 victoria
684 2739 829 2805 detractis
855 2739 964 2804 civitas
993 2737 1212 2822 respiraverit,
1243 2746 1274 2801 et
1297 2735 1485 2820 dignitatem

125 2848 179 2903 tua
204 2835 269 2900 frui
292 2834 350 2900 tibi
371 2844 402 2899 et
427 2834 562 2900 fortunis
587 2832 708 2908 licebit;
741 2834 788 2898 sin
811 2833 939 2897 omnino
965 2831 1142 2896 interierint
1166 2830 1271 2895 omnia
1292 2829 1450 2914 fueritque

126 2931 152 2996 is
173 2929 291 3004 exitus,
314 2950 408 3014 quom
428 2929 478 2993 vir
498 2926 774 3013 prudentissimus,
797 2931 838 2992 M.
860 2926 1029 2997 Antonius,
1052 2925 1115 2988 iam
1134 2931 1200 2988 tum
1218 2922 1355 2996 timebat,
1378 2942 1449 2986 cum

126 3033 245 3090 tantum
264 3023 382 3088 instare
403 3022 558 3086 malorum
583 3018 813 3106 suspicabatur,
836 3020 950 3084 misera
968 3029 1016 3083 est
1037 3018 1089 3082 illa
1112 3016 1239 3103 quidem
1257 3014 1449 3089 consolatio,

126 3118 179 3183 tali
199 3116 386 3203 praesertim
408 3116 469 3179 civi
495 3124 526 3180 et
548 3115 638 3187 viro,
676 3113 732 3177 sed
753 3122 856 3177 tamen
877 3112 1072 3185 necessaria,
1095 3111 1172 3174 nibil
1190 3132 1258 3174 esse
1281 3107 1450 3194 praecipue

126 3212 271 3297 uniquam
293 3209 461 3275 dolendum
489 3208 521 3273 in
542 3230 597 3282 eo,
632 3207 716 3293 quod
741 3205 859 3272 accidat
880 3205 1045 3270 universis.
1088 3208 1119 3267 3.
1143 3205 1230 3279 Quae
1250 3203 1297 3266 vis
1323 3200 1396 3264 insit
1417 3200 1488 3264 inno
1570 3216 1576 3229 ·

126 3304 173 3370 bis
207 3303 316 3390 paucis
352 3302 458 3368 verbis
482 3338 520 3350 -
543 3303 634 3388 plura
656 3301 739 3364 enim
766 3298 987 3364 committenda
1013 3298 1164 3383 epistolae
1190 3317 1252 3361 non
1279 3303 1366 3359 erant
1388 3328 1449 3367 -,

126 3397 152 3462 si
182 3397 339 3472 attendes,
369 3397 456 3484 quod
483 3396 576 3471 lacis,
610 3394 751 3480 prolecto
778 3394 871 3458 etiam
899 3393 966 3457 sine
992 3393 1071 3456 meis
1101 3389 1211 3455 litteris
1242 3386 1397 3470 intelliges
1420 3394 1451 3450 te

126 3491 244 3578 aliquid
267 3490 404 3567 babere,
427 3491 512 3577 quod
536 3509 664 3574 speres,
687 3488 780 3560 nibil,
803 3487 889 3573 quod
913 3496 967 3551 aut
988 3484 1049 3550 boc
1076 3493 1128 3548 aut
1149 3483 1254 3568 aliquo
1276 3481 1323 3545 rei
1349 3478 1452 3566 publi-

126 3605 181 3649 cae
202 3593 286 3649 statu
309 3585 436 3661 timeas3
461 3584 564 3649 omnia
587 3583 613 3647 si
635 3581 827 3654 interierint,
859 3600 930 3644 cunr
957 3578 1155 3663 superstitem
1183 3585 1211 3638 te
1236 3596 1304 3638 esse
1329 3573 1377 3637 rei
1395 3592 1452 3657 pu·

125 3676 226 3742 blicae
253 3698 292 3741 ne
319 3677 346 3742 si
368 3678 460 3743 liceat
487 3677 614 3763 quidem
636 3674 728 3748 velis,
763 3674 924 3739 serendam
952 3693 1020 3737 esse
1050 3672 1226 3741 fortunam,
1266 3666 1489 3753 praesertimw

127 3792 207 3858 qnae
225 3769 306 3834 absit
330 3792 349 3835 a
370 3771 469 3855 culpa.
514 3769 576 3834 Sed
598 3769 673 3832 baec
692 3768 850 3833 hactonus.
894 3772 942 3831 Tu
965 3765 1058 3829 velim
1082 3760 1200 3828 scribas
1222 3762 1261 3827 ad
1284 3782 1351 3835 me,
1376 3756 1452 3845 quid

127 3884 202 3949 agas
224 3873 257 3928 et
276 3863 333 3928 ubi
354 3863 479 3928 futurus
502 3863 566 3938 sis,
603 3871 657 3936 ut,
690 3871 743 3926 aut
764 3882 828 3947 quo
850 3860 985 3926 scribam
1015 3867 1068 3924 aut
1101 3877 1164 3943 quo
1194 3856 1332 3929 veniam,
1369 3851 1451 3918 scire

128 3978 257 4043 poss1m.

603 4082 661 4144 ιιι.
705 4077 753 4161 (A.
779 4082 811 4144 u.
835 4082 867 4143 e.
890 4075 975 4161 voa.)

495 4205 536 4265 M.
559 4201 701 4266 CICERO
725 4203 756 4264 S.
778 4205 815 4264 D.
838 4207 873 4265 Α.
896 4198 1124 4276 TORQUATO.
1463 4204 1492 4246 ⁴⁰

216 4316 244 4378 l.
267 4311 492 4399 Superioribus
511 4312 622 4376 litteris
643 4310 860 4376 benevolentia
882 4311 982 4394 magis
1004 4308 1171 4381 adductus,
1200 4327 1293 4391 quam
1316 4326 1380 4390 quo
1402 4324 1454 4368 res

129 4406 171 4470 ita
192 4407 381 4492 postularet,
405 4405 448 4470 lui
472 4406 606 4490 longior.
648 4411 755 4492 Neque
778 4405 861 4469 enim
885 4403 1120 4468 confirmatione
1143 4412 1249 4465 nostra
1265 4396 1375 4482 egebat
1390 4397 1455 4460 vir-

131 4510 179 4564 tus
199 4509 252 4564 tua
273 4522 375 4585 neque
398 4510 465 4563 erat
480 4521 516 4563 ea
538 4521 608 4563 mea
627 4520 719 4564 causa
743 4508 835 4585 atque
853 4499 998 4571 fortuna,
1020 4506 1076 4570 ut,
1099 4496 1150 4560 cui
1165 4495 1225 4581 ipsi
1240 4494 1345 4559 omnia
1365 4492 1455 4556 dees-

132 4602 214 4666 sent,
247 4593 380 4658 altorum
409 4593 638 4658 confirmarem.
692 4598 722 4657 2.
746 4598 812 4658 lloc
835 4594 908 4657 item
930 4603 1071 4676 tempore
1096 4590 1227 4655 brevior
1250 4610 1318 4673 esse
1341 4584 1453 4651 debeo.

199 4757 225 4807 7.
245 4758 321 4807 baius
339 4758 402 4804 mitt
422 4757 464 4805 M:
483 4758 547 4805 mibi
565 4759 641 4806 buius
660 4757 689 4807 E.
712 4781 742 4792 -
778 4759 806 4806 9:
824 4758 887 4818 qrtt'n
907 4757 942 4804 V:
961 4756 1006 4818 qni
1025 4755 1083 4803 ME.
1103 4779 1136 4788 -
1153 4755 1236 4816 pouit
1254 4752 1301 4802 M:
1325 4764 1379 4799 non
1396 4761 1455 4810 poa·

132 4827 165 4874 stt
184 4826 213 4876 ll.
236 4852 264 4863 -
305 4828 347 4875 ld.
365 4828 547 4890 proficiscatur
564 4827 609 4876 M:
629 4829 830 4890 proficiscuntur
849 4827 878 4875 E.
902 4851 930 4883 -,-
968 4826 1012 4874 2³.
1032 4825 1156 4887 receperit
1174 4822 1211 4873 M.
1239 4847 1270 4858 -
1307 4820 1352 4871 2⁴.
1371 4819 1455 4872 autut-

133 4897 167 4945 ett
183 4896 228 4947 Me
247 4896 374 4947 adlocuti
392 4896 422 4946 E.
444 4922 472 4933 -
511 4896 556 4947 ⁶25.
575 4898 706 4962 dignitate
725 4904 771 4946 tua
789 4896 831 4946 M:
850 4897 979 4960 dignitate
998 4894 1029 4943 ll.
