3256 5400
179 217 240 285 aaa
608 190 1068 291 necromantiam.

176 393 254 450 ror,
276 371 361 462 qood
382 393 445 438 non
465 391 555 438 sumn
574 372 696 459 potius;
718 374 774 439 sed
794 374 888 449 illud,
910 376 996 461 qnod
1017 397 1081 441 non
1100 376 1139 442 ad
1162 398 1276 444 suam.
1304 383 1372 465 Ego
1393 390 1499 447 autem

177 467 278 543 uibus
310 466 419 554 primis
447 464 573 542 verbis,
608 466 691 544 Quid
712 478 819 532 noster
839 472 971 536 Paetus?
1006 474 1047 535 tt
1072 470 1125 535 ille
1146 471 1314 545 adiurans,
1344 495 1498 561 nusquam

176 583 211 629 se
231 583 370 647 uuquam
391 559 547 625 liheutius.
601 564 632 625 2.
654 565 721 625 Hoc
742 560 769 625 si
791 560 895 627 verbis
916 573 1076 629 assecutus
1105 585 1158 639 es,
1194 586 1287 631 aures
1308 566 1348 631 ad
1371 578 1402 633 te
1423 568 1500 632 alle·

176 676 245 721 ram
273 676 336 719 uon
365 658 467 719 minus
496 653 670 737 elegantem
707 653 755 718 siu
783 663 886 720 antem
922 656 1072 741 opsonio,
1108 666 1182 743 peto
1208 680 1228 723 a
1255 669 1301 733 te,
1330 681 1370 724 ne
1400 659 1499 746 pluris

154 768 246 815 cesse
277 746 387 813 balbos
419 767 512 832 qnam
544 746 678 812 disertos
709 757 810 833 putes.
867 754 917 814 ltle
939 750 1079 835 quotidie
1100 751 1184 816 aliud
1207 773 1247 816 cx
1268 752 1333 818 alio
1355 753 1497 838 impedit.

176 843 254 919 Sed,
290 841 317 907 si
338 863 387 906 me
409 840 596 926 expediero,
625 842 709 906 utin
731 841 789 906 ista
811 841 880 906 loca
900 843 1009 909 venire
1030 844 1166 929 possim,
1202 866 1265 910 nou
1288 845 1498 919 committam,

175 947 212 1004 ut
232 947 264 1003 te
284 957 358 1001 sero
379 956 397 999 a
419 956 469 999 me
491 935 660 1001 certiorem
682 934 798 1000 lactum
818 947 919 1021 putes.

645 1076 713 1140 rr.
762 1073 810 1157 (A.
836 1078 869 1140 o.
893 1078 924 1141 c.
947 1077 1032 1159 roa.)

683 1189 825 1253 cronno
846 1191 987 1254 rinno,

141 1334 167 1376 ao
264 1313 293 1377 1.
314 1306 487 1393 Dupliciter
509 1305 678 1373 delectatus
705 1329 775 1374 sum
797 1308 859 1374 tuis
880 1309 1006 1383 litteris,
1030 1319 1061 1374 et
1082 1308 1168 1396 quod
1188 1309 1258 1395 ipse
1279 1309 1334 1375 risi
1358 1319 1390 1375 et
1411 1311 1498 1398 quod

175 1414 207 1472 te
227 1402 367 1470 intellexi
388 1400 451 1465 iam
472 1421 566 1486 posse
586 1401 702 1466 ridere.
744 1407 794 1468 Me
812 1412 916 1468 autem
937 1413 1015 1475 ate,
1038 1412 1074 1468 ut
1087 1424 1227 1467 scurram
1243 1403 1386 1478 velitem,
1408 1405 1498 1469 malis

175 1507 339 1564 oneratum
367 1516 449 1568 esse,
486 1515 550 1559 non
579 1494 709 1561 moleste
731 1496 798 1561 tuli.
841 1495 921 1561 lllud
943 1496 1053 1570 doleo,
1075 1496 1107 1560 in
1129 1496 1187 1560 ista
1209 1496 1277 1561 loca
1299 1497 1407 1563 venire
1430 1519 1497 1570 me,

174 1601 210 1659 nt
230 1590 469 1663 constitueram,
491 1609 555 1653 non
575 1589 729 1674 potuisse;
751 1589 911 1657 habuisses
933 1591 1017 1655 enim
1032 1611 1094 1655 nou
1116 1590 1288 1675 hospitem,
1312 1589 1368 1654 sed
1389 1601 1500 1655 contu-

174 1682 346 1750 bernalem:
367 1686 407 1746 nt
421 1703 514 1768 quem
529 1680 648 1746 viruml
670 1688 738 1749 Nou
753 1705 842 1757 eum,
865 1706 958 1771 quem
974 1693 1006 1749 tu
1023 1705 1056 1749 es
1071 1683 1180 1748 solitus
1195 1682 1388 1769 promulside
1402 1683 1500 1748 conli-

140 1798 258 1844 taeere.
300 1780 456 1860 Integram
484 1774 597 1839 samem
627 1775 666 1840 ad
688 1798 782 1842 ovum
805 1777 920 1855 allero;
956 1777 1061 1863 itaque
1083 1798 1183 1863 nsque
1205 1776 1244 1841 ad
1266 1797 1371 1840 assum
1393 1775 1499 1841 vituli·

175 1892 250 1937 num
272 1890 371 1955 opera
391 1867 583 1953 perducitur.
626 1869 681 1934 llla
702 1891 788 1944 moa,
825 1892 904 1957 quae
934 1870 1057 1936 solebas
1079 1882 1169 1935 antea
1190 1870 1334 1944 laudare,
1371 1889 1419 1942 ,,ο
1442 1869 1499 1934 ho-

175 1964 291 2028 minem
305 1961 442 2026 sacilemt
479 1959 676 2046 ohospitem
697 1983 761 2027 non
782 1967 949 2047 graveml''
983 1963 1136 2028 abierunt.
1177 1968 1265 2028 Nunc
1291 1983 1418 2027 omnem
1440 1983 1498 2027 uo-

174 2066 271 2122 stram
301 2054 342 2119 de
370 2052 550 2138 republica
573 2074 697 2128 curam,
734 2056 954 2139 cogitationem
975 2056 1014 2121 de
1036 2056 1166 2121 dicenda
1188 2057 1220 2120 in
1242 2068 1351 2122 senatu
1375 2067 1499 2122 senten·

174 2151 237 2224 tia,
267 2147 559 2215 commentationem
593 2168 758 2212 causarum
789 2148 969 2215 abiecimus.
1019 2154 1054 2214 ln
1089 2150 1216 2235 Epicuri
1245 2171 1303 2215 nos
1324 2149 1496 2215 adversarii

137 2243 275 2311 „nostri
302 2253 402 2306 castra
434 2243 641 2317 coniecimus3
673 2261 731 2305 ncc
753 2250 854 2306 tamen
877 2242 917 2308 ad
939 2243 1018 2307 hanc
1038 2241 1252 2317 insolentiam,
1275 2241 1330 2306 sed
1352 2241 1392 2306 ad
1413 2242 1497 2307 illam

174 2346 261 2404 tuam
282 2335 449 2409 lautitiam,
481 2342 621 2399 veterem
644 2333 728 2409 dico,
751 2353 823 2399 cum
843 2339 875 2400 in
897 2346 1055 2422 sumptum
1076 2333 1228 2413 habebam
1258 2339 1315 2400 etsi
1338 2355 1498 2420 nunquam

175 2432 267 2518 plura
298 2427 426 2515 praedia
453 2424 599 2491 habuisti.
648 2429 679 2490 2.
711 2428 846 2493 Proinde
868 2438 898 2493 te
919 2450 1011 2515 para:
1035 2450 1106 2495 cnm
1129 2429 1255 2494 homine
1278 2438 1309 2493 et
1330 2428 1417 2494 edaci
1442 2427 1496 2493 tihi

174 2545 227 2590 res
249 2530 296 2589 est
317 2520 425 2607 etqui
445 2519 507 2584 iam
529 2518 647 2606 aliquid
667 2519 837 2607 intelligat;
861 2527 1041 2607 ὀψιμαθεῖς
1056 2530 1158 2587 autem
1174 2521 1316 2587 homines
1330 2521 1390 2586 scis
1403 2542 1497 2606 quam

174 2617 345 2684 insolentes
366 2614 437 2679 siut.
494 2612 704 2677 Dediscendae
727 2613 783 2680 tibi
805 2626 876 2681 sunt
897 2615 1063 2701 sportellae
1085 2623 1117 2679 et
1141 2614 1312 2699 artolagani
1335 2616 1390 2681 tui.
1434 2621 1497 2679 Nos

137 2711 238 2776 uiam
260 2711 340 2790 †ex
360 2707 436 2772 artis
458 2714 576 2770 tantum
598 2704 769 2781 hahemus,
801 2716 836 2772 ut
856 2708 1003 2776 Verrium
1025 2718 1113 2773 tuum
1136 2718 1168 2773 et
1189 2707 1351 2773 Camillum
1372 2745 1414 2755 -
1436 2729 1496 2793 qua

174 2802 326 2870 munditia
358 2799 516 2865 hominesl
554 2799 807 2884 quaelegautial
831 2823 1007 2867 -vocare
1042 2801 1167 2886 saepius
1199 2800 1380 2865 audeamus.
1435 2800 1497 2865 Sed

175 2896 247 2962 vide
282 2895 452 2960 audaciam.
501 2891 601 2957 Etiam
630 2893 733 2958 Hirtio
765 2915 895 2959 coenam
924 2894 997 2960 dedi
1019 2895 1085 2960 sine
1107 2915 1244 2981 pavoue;
1279 2905 1383 2958 tamen
1405 2894 1438 2961 iu
1460 2914 1497 2957 ea

174 3009 272 3054 coena
293 3007 388 3052 cocus
409 3006 498 3049 meus
519 2995 645 3070 practer
665 2985 714 3051 ius
734 2985 859 3052 fervens
881 2987 958 3053 nihil
979 2988 1082 3074 potuit
1103 2988 1228 3053 imitari.
1279 2992 1309 3053 3.
1332 2991 1416 3052 llaec
1438 2986 1498 3071 igi·

173 3089 227 3147 tur
248 3090 296 3146 est
317 3101 399 3145 nunc
419 3078 482 3144 vita
504 3087 624 3145 nostra:
662 3100 752 3144 mane
782 3081 949 3147 salutamus
982 3081 1067 3146 domi
1096 3089 1129 3145 et
1148 3080 1250 3146 honos
1272 3079 1358 3144 viros
1381 3079 1496 3143 multos

138 3174 232 3240 sosed
252 3174 371 3248 tristes,
401 3180 432 3237 et
453 3172 511 3236 hos
531 3172 629 3238 laetos
650 3177 801 3252 victores;
831 3180 884 3261 qui
907 3196 957 3239 me
984 3174 1111 3261 quidem
1133 3173 1330 3260 perofficiose
1353 3180 1384 3235 et
1405 3192 1498 3256 pera-

175 3277 296 3333 manter
317 3265 494 3332 observant.
537 3264 594 3330 Uhi
615 3267 760 3331 salutatio
781 3266 927 3342 detluxit,
949 3266 1061 3332 litteris
1082 3287 1133 3331 me
1154 3265 1299 3338 involvo,
1323 3273 1377 3329 aut
1391 3262 1496 3329 scribo

175 3370 228 3426 aut
249 3362 330 3445 lego.
372 3359 510 3424 Veniunt
530 3360 641 3432 etiam,
665 3364 718 3446 qui
740 3382 790 3426 me
812 3362 942 3427 audiunt
963 3360 1051 3446 quasi
1073 3359 1198 3424 doctum
1221 3358 1398 3433 hominem,
1422 3358 1495 3444 quia

175 3453 281 3541 paullo
313 3474 381 3519 sum
413 3474 505 3539 quam
527 3452 585 3539 ipsi
609 3453 742 3518 doctior.
785 3454 859 3519 lnde
882 3453 1010 3538 corpori
1032 3474 1125 3518 omne
1146 3462 1270 3538 tempus
1292 3451 1394 3516 datur.
1438 3456 1497 3515 Pa-

176 3548 267 3612 triam
289 3547 375 3612 eluxi
407 3547 468 3610 iam
495 3557 527 3611 et
557 3547 682 3631 gravius
714 3554 745 3612 et
778 3547 893 3613 diutius
914 3568 1010 3632 quam
1031 3546 1094 3611 nlla
1116 3555 1215 3610 mater
1238 3545 1364 3610 unicum
1386 3543 1495 3608 fitium.

139 3642 239 3709 aaSed
260 3664 354 3716 cura,
384 3642 411 3705 si
433 3663 482 3706 me
504 3663 608 3716 amas,
630 3651 666 3707 ut
686 3642 805 3714 valeas,
828 3661 868 3704 ue
890 3660 950 3723 ego
973 3648 1003 3703 te
1024 3640 1143 3704 iacente
1164 3636 1247 3703 hona
1262 3647 1315 3704 tna
1329 3636 1495 3702 comedim.

176 3738 275 3801 Statui
297 3735 381 3800 enim
402 3734 458 3798 tihi
480 3756 519 3799 ne
540 3745 670 3820 aegroto
692 3734 816 3821 quidem
837 3754 978 3819 parcere.

646 3877 729 3938 XXI.
772 3875 870 3958 (doce
891 3872 1027 3958 incerto.)
1056 3860 1059 3876 ’

666 3996 808 4061 CICERO
829 3997 958 4060 PAETO
980 3997 1012 4059 S.

261 4111 291 4174 1.
312 4107 372 4173 tin
393 4105 540 4171 tandem?
562 4108 698 4172 insanire
719 4106 776 4173 tibi
796 4106 930 4179 videris,
961 4105 1047 4192 quod
1067 4106 1192 4172 imitere
1214 4101 1385 4170 verborum
1407 4124 1496 4168 mco-

138 4220 268 4276 urum,
289 4209 324 4264 ut
345 4197 470 4272 scribis,
493 4198 647 4263 fulmina?
690 4204 769 4264 Tum
791 4199 958 4274 insanires,
980 4199 1007 4264 si
1029 4199 1179 4284 consequi
1201 4219 1263 4262 non
1285 4218 1495 4282 posses3cum

176 4315 254 4360 vero
277 4293 370 4358 etiam
390 4293 512 4367 vincas,
534 4313 584 4356 me
605 4292 694 4378 prius
715 4291 848 4386 irrideas
870 4315 963 4379 quam
985 4302 1015 4357 te
1031 4302 1165 4378 oportet.
1210 4295 1316 4368 Quare
1338 4291 1415 4356 nihil
1437 4291 1493 4355 tibi

245 4498 272 4545 1.
291 4507 346 4543 non
362 4507 438 4543 ruam
455 4494 501 4544 tt:
520 4507 574 4542 non
591 4494 627 4542 od
644 4500 717 4543 tuom
735 4493 766 4543 ll.
785 4520 818 4530 -
853 4495 890 4544 od
906 4508 981 4543 auum
1000 4491 1030 4556 (t.
1050 4507 1075 4543 e.
1095 4490 1249 4555 Caesarem)
1269 4492 1441 4542 Benedictus.
1467 4518 1493 4528 -

176 4566 204 4617 2.
224 4565 306 4617 totu·
323 4566 416 4626 primia
433 4564 479 4614 hl:
503 4564 597 4626 primia
614 4564 696 4612 trthtu
715 4563 746 4612 ll.
778 4587 808 4598 -
845 4565 872 4615 3.
892 4578 1089 4627 necunquam
1108 4564 1145 4614 ll.
1173 4589 1202 4599 -
1242 4564 1285 4612 16.
1312 4559 1389 4626 quoe]
1416 4576 1495 4625 quom

176 4636 215 4687 hl.
235 4660 266 4671 -
304 4633 621 4684 incunctancter:
647 4633 706 4682 Non
723 4632 766 4689 hl,
785 4635 853 4683 Nom
871 4635 901 4683 ll.
922 4660 953 4669 -
990 4634 1033 4683 20.
1053 4636 1186 4683 cotectmua
1203 4633 1241 4682 hl.
1262 4656 1293 4667 -
1329 4632 1373 4681 ut.
1393 4632 1494 4681 artolo-

176 4704 289 4770 ΜΝ.
309 4728 337 4740 -
358 4703 470 4753 25.tam
484 4717 517 4753 ec
531 4704 598 4753 ortis
611 4701 657 4753 hl:
675 4705 730 4752 tom
746 4707 813 4752 ortta
826 4705 855 4754 n.
881 4704 923 4753 An
937 4717 970 4753 eo
983 4704 1102 4763 ortibus,
1122 4705 1141 4753 i.
1161 4716 1187 4752 e.
1207 4702 1494 4764 rexvatgcuttuariist

176 4776 229 4825 01.
249 4799 281 4810 -
316 4772 362 4823 27.
389 4774 444 4822 atne
464 4787 567 4837 pavone
590 4779 692 4823 tomen:
718 4775 747 4822 tn
765 4788 795 4823 eo
815 4775 955 4824 Graevius.
989 4798 1018 4809 -
1056 4772 1099 4822 28.
1119 4773 1160 4822 An
1178 4773 1245 4822 nihil
1261 4786 1315 4821 noo
1330 4774 1417 4834 potuit
1434 4773 1493 4819 tmt·

176 4845 251 4897 tari?
268 4844 320 4894 01.
338 4866 372 4877 -
407 4842 451 4893 32.
470 4845 581 4893 audiant
599 4842 643 4893 hl:
664 4845 773 4892 uudtrnt
793 4844 823 4893 E.
