3256 5400
644 241 719 304 LlB.
742 241 822 305 Vlll.
865 242 924 304 ΕΡ.
951 241 982 304 3.
1402 248 1464 310 537

149 417 218 463 esse
239 397 271 461 in
292 414 329 459 ea
350 391 446 468 urbe.
483 393 516 459 in
537 414 615 481 qua,
651 415 723 462 oum
744 394 872 462 mmmis
893 395 1067 462 bonoribus
1087 397 1290 485 imperiisque
1309 421 1386 467 usus
1407 402 1463 478 sit,

149 512 201 557 res
222 488 376 554 maximas
397 487 545 573 gesserit,
574 489 751 556 sacerdotia
773 490 813 555 sit
833 490 1023 575 amplissimo
1045 491 1221 576 praeditus,
1244 513 1360 559 nomen
1381 494 1465 561 latu·

148 606 218 660 rus,
241 581 501 668 subeundumque
520 582 694 668 periculum
716 583 772 658 sit,
794 604 865 648 cum
887 583 992 669 aliquo
1014 584 1084 650 lore
1106 584 1276 662 dedecore,
1298 588 1464 673 siquando

148 677 314 764 Pompeius
334 697 403 742 rem
425 675 581 760 publicam
602 677 807 763 recuperarit.
855 682 885 742 3.
908 681 942 742 ln
964 677 1021 742 bac
1042 688 1130 763 parte
1153 679 1230 743 baec
1251 690 1332 746 sunt
1385 679 1464 748 Vide

149 792 247 846 nnuc,
278 791 357 857 quae
379 769 493 835 sintin
515 770 622 836 altera.
664 771 745 836 Nibil
767 780 868 836 actum
891 781 938 835 est
959 791 978 835 a
998 772 1148 856 Pompeio
1170 781 1280 837 nostro
1301 774 1488 861 sapientum

148 864 224 930 nibil
252 863 392 942 sortitam
424 863 506 930 addo
534 865 645 938 etiam,
679 864 756 930 nibil
783 864 841 929 nisi
872 872 980 928 contra
1001 865 1166 930 consilium
1188 867 1465 953 auctoritatemque

149 980 261 1024 meam.
297 958 415 1023 Omitto
430 957 482 1022 illa
496 968 618 1032 vetera,
632 958 717 1043 quod
729 963 821 1023 istam
833 957 865 1022 in
875 978 943 1021 rem
956 956 1110 1043 publicam
1123 958 1175 1024 ille
1190 958 1287 1035 aluit,
1305 966 1401 1036 auxit,
1416 982 1467 1026 an·

148 1057 262 1129 mavit;
287 1051 341 1116 ille
363 1050 484 1135 legibus
504 1070 563 1135 per
584 1053 647 1114 vim
669 1061 700 1116 et
721 1061 829 1116 contra
851 1051 989 1137 auspicia
1011 1051 1149 1117 serendis
1171 1065 1299 1128 aneton
1321 1055 1373 1119 ille
1396 1056 1466 1121 Gal-

148 1146 208 1210 liae
229 1144 392 1209 ulterioris
412 1144 595 1220 adiunctor;
616 1144 668 1208 ille
690 1165 808 1228 gener3
829 1144 882 1208 ille
903 1145 935 1209 in
957 1144 1135 1230 adoptando
1156 1149 1189 1210 P.
1213 1147 1322 1214 Clodio
1344 1165 1465 1233 augur3

149 1240 201 1304 ille
222 1238 404 1304 restituendi
426 1236 487 1301 mei
509 1256 603 1322 qnam
625 1237 778 1302 retinendi
801 1237 990 1316 studiosior;
1022 1239 1075 1305 ille
1103 1241 1284 1326 provinciae
1311 1263 1501 1328 propaga-so

148 1342 213 1409 tor;
236 1332 289 1397 ille
311 1331 447 1395 absentis
469 1330 502 1394 in
523 1328 670 1394 omnibus
692 1329 832 1408 adinton
854 1332 939 1397 idem
961 1333 1053 1398 etiam
1071 1334 1165 1399 tertio
1180 1335 1356 1408 consulatu.
1382 1345 1467 1420 post-

148 1446 240 1512 quam
256 1446 324 1489 esse
346 1423 494 1489 defensor
514 1422 562 1488 rei
585 1422 727 1509 publicae
749 1425 868 1511 coepit,
899 1427 1074 1501 contendit,
1103 1437 1138 1492 ut
1158 1427 1266 1493 decem
1286 1427 1403 1494 tribuni
1422 1429 1464 1515 pl.

147 1520 280 1592 ferrent.
303 1528 338 1584 ut
358 1517 493 1583 absentis
515 1518 595 1583 ratio
617 1517 801 1595 baberetur;
824 1519 909 1604 quod
933 1519 1015 1585 idem
1037 1521 1104 1606 ipse
1125 1521 1228 1587 sanxit
1244 1523 1314 1607 lege
1331 1522 1464 1608 quadam

147 1635 219 1689 sua,
255 1618 424 1697 Marcoque
452 1613 598 1678 Marcello
628 1612 748 1677 consuli
781 1611 898 1677 finienti
925 1614 1096 1698 provinciis
1123 1615 1230 1680 Galliis
1255 1615 1464 1682 Kalendarum

147 1708 326 1773 Martiarum
348 1704 430 1769 diem
453 1707 575 1772 restitit.
619 1707 695 1781 Sed,
717 1716 752 1772 ut
772 1706 848 1770 baec
870 1707 1025 1781 omittam,
1048 1707 1126 1794 quid
1141 1708 1280 1784 taedius.
1303 1709 1379 1796 qnid
1392 1729 1501 1795 per-ts

148 1801 301 1868 turbatius
324 1799 383 1864 boc
405 1798 444 1864 ab
466 1800 545 1866 urbe
567 1802 705 1868 discessu
731 1803 798 1867 sive
819 1802 924 1887 potins
947 1803 1125 1888 turpissima
1149 1803 1246 1888 lugat
1281 1806 1368 1881 Quae
1389 1823 1464 1869 cou-

146 1895 230 1961 dicio
252 1915 315 1958 non
337 1893 516 1979 accipienda
537 1895 597 1960 luit
616 1896 720 1980 potius
742 1916 834 1981 quam
857 1895 1062 1981 relinquenda
1084 1902 1208 1983 patriai
1241 1896 1339 1962 Malae
1357 1895 1466 1962 condi-

146 1991 253 2054 ciones
275 1997 375 2052 erant.
427 1991 557 2067 Fateor3
578 1988 635 2054 sed
655 1988 805 2075 numquid
829 1989 889 2054 boc
910 1989 1021 2076 peius‘i
1057 1995 1088 2056 t.
1117 1997 1156 2057 nt
1176 1988 1375 2076 recuperabit
1395 2009 1464 2054 rem

145 2084 312 2171 publicam.
357 2082 517 2159 Quando?
550 2093 602 2148 ant
622 2083 698 2169 qnid
720 2083 759 2149 ad
781 2104 849 2148 eam
871 2105 960 2170 spem
981 2093 1029 2149 est
1048 2085 1171 2170 parati?
1191 2091 1261 2150 Non
1282 2105 1358 2168 ager
1377 2082 1465 2147 Pice·

146 2200 205 2245 nus
227 2177 379 2242 amissus?
401 2197 464 2241 non
486 2177 672 2261 patefactum
694 2177 755 2242 iter
776 2176 816 2241 ad
837 2176 976 2242 urbemi
998 2198 1061 2242 non
1083 2179 1215 2264 pecnnia
1237 2179 1338 2245 omnis
1361 2185 1391 2242 et
1404 2193 1500 2262 puto

146 2273 228 2338 blica
260 2281 291 2335 et
311 2269 432 2355 privata
453 2270 634 2336 adversario
656 2271 795 2336 tradita?
827 2269 970 2356 Denique
999 2271 1082 2336 nulla
1104 2293 1216 2347 causa,
1238 2271 1340 2337 nullae
1361 2270 1463 2345 vires,

146 2368 229 2432 nulla
252 2365 356 2436 sedes,
379 2384 443 2449 quo
465 2375 667 2439 concurrant,
690 2365 745 2450 qui
766 2363 1012 2449 rempublicam
1034 2365 1192 2430 defensam
1215 2365 1320 2432 velint.
1351 2362 1465 2449 Apulia
1557 2391 1561 2400 ¹

146 2461 264 2525 delecta
286 2469 347 2531 est,
371 2457 550 2523 inanissima
572 2478 644 2544 pars
665 2458 770 2523 ltaliae
793 2467 824 2522 et
845 2456 883 2521 ab
907 2461 1025 2542 impetu
1043 2457 1135 2524 buius
1150 2457 1224 2523 belli
1244 2457 1463 2532 remotissima;

145 2554 219 2639 luga
242 2563 273 2617 et
293 2551 446 2615 maritima
469 2552 685 2637 opportunitas
706 2552 772 2615 risa
794 2551 904 2637 quaeri
926 2551 1152 2636 desperatione.
1195 2553 1260 2632 †ln
1279 2561 1309 2616 te
1323 2550 1391 2636 cepi
1408 2553 1465 2616 Ca·

145 2668 255 2732 paam,
292 2667 354 2708 uon
377 2665 440 2730 quo
468 2666 581 2710 munus
602 2644 679 2710 illud
711 2644 908 2729 delegeram.
942 2645 997 2709 sed
1019 2645 1078 2720 sic,
1110 2667 1149 2710 nc
1171 2666 1312 2722 causam;
1346 2646 1380 2710 in
1401 2665 1500 2730 quara

145 2741 248 2806 nullus
270 2747 352 2802 esset
373 2738 534 2811 ordinum,
562 2740 666 2804 nullus
688 2748 813 2823 apertus
834 2740 1028 2824 privatorum
1052 2738 1158 2818 dolor;
1180 2737 1338 2803 bonorum
1358 2747 1463 2803 autem

147 2843 229 2898 esset
251 2831 381 2918 aliquis,
404 2830 461 2896 sed
482 2830 596 2908 bobes,
618 2841 653 2898 ut
674 2832 767 2908 solet;
789 2840 836 2905 et,
871 2843 905 2897 ut
927 2837 994 2918 ipse
1016 2832 1118 2906 sensi,
1142 2840 1224 2897 esset
1244 2830 1410 2896 multitudo
1432 2840 1464 2896 ct

144 2927 269 2993 intimus
296 2929 428 3011 quisque
455 2946 629 3011 propensus
657 2925 690 2990 in
712 2926 840 2991 alteram
865 2935 1002 3011 partem,
1032 2924 1120 2990 multi
1154 2924 1333 2990 mutationis
1354 2946 1462 2990 rerum

145 3020 260 3105 cupidi.
320 3018 446 3087 5.'Dixi
469 3019 528 3104 ipsi
550 3040 600 3084 mc
622 3018 698 3083 nibil
720 3031 936 3105 susceptarum
959 3019 1025 3084 sine
1048 3018 1205 3104 praesidio
1228 3028 1259 3083 et
1280 3019 1347 3083 sine
1368 3039 1464 3104 pecu·
1541 3059 1547 3065 ·

145 3115 206 3178 nia.
249 3117 358 3197 ltaque
380 3112 474 3177 babui
497 3111 572 3177 nibil
595 3111 724 3177 omnino
746 3113 881 3196 nogotii;
902 3110 989 3198 qnod
1011 3110 1050 3178 ab
1071 3112 1161 3177 initio
1183 3111 1247 3176 vidi
1261 3111 1337 3176 nibil
1352 3113 1500 3199 quaeriss

144 3217 271 3293 praetor
292 3207 408 3290 lugam.
452 3211 528 3270 Eam
551 3206 577 3271 si
599 3227 681 3270 nunc
696 3225 827 3290 sequor,
850 3211 1009 3291 quonam?
1032 3208 1108 3271 Cum
1130 3205 1185 3270 illo
1206 3226 1285 3283 non;
1308 3204 1346 3270 ad
1368 3227 1463 3293 quem

145 3322 215 3366 cum
238 3321 340 3365 essem
361 3299 536 3385 prolectas,
558 3299 690 3384 cognovi
712 3299 744 3363 in
766 3299 805 3364 iis
826 3299 903 3364 locis
926 3320 995 3364 esse
1017 3303 1198 3372 Caesarem,
1219 3309 1255 3365 ut
1276 3310 1343 3365 tuto
1364 3304 1463 3366 Luco-

145 3395 224 3459 riam
248 3396 356 3460 venire
379 3414 441 3458 non
464 3414 600 3481 possem.
642 3393 748 3458 iniero
770 3393 849 3458 mari
870 3391 982 3467 nobis,
1004 3393 1126 3459 incerto
1146 3412 1257 3470 cursu,
1279 3394 1383 3458 bieme
1398 3414 1464 3459 ma-

215 3652 242 3701 2.
261 3665 355 3700 nautea
371 3653 491 3716 putareris,
515 3651 722 3713 subeundumque
739 3649 796 3700 lec.
815 3649 984 3700 Gronovius:
1008 3664 1063 3699 aaa
1080 3649 1185 3713 futurus
1202 3648 1402 3712 subeuudemqus
1420 3663 1462 3712 pr.

144 3723 185 3776 M.
212 3736 266 3770 uon
287 3723 392 3785 futurus
409 3722 614 3782 subeundumque
632 3721 655 3770 it
672 3727 698 3770 et
716 3733 786 3769 corr.
806 3719 849 3778 Μ,
874 3734 928 3769 non
945 3721 1048 3783 futurus
1066 3721 1100 3768 sit
1117 3722 1158 3768 sui
1175 3721 1241 3769 iuris
1258 3718 1463 3782 subeundumque

146 3792 189 3841 ili.
212 3815 240 3825 -
278 3791 305 3840 3.
324 3792 455 3855 {oreer
478 3792 546 3853 porte
567 3790 614 3849 lli,
645 3792 756 3852 sortasse
775 3790 922 3839 Lambinus
941 3791 968 3840 in
988 3803 1042 3850 mg.
1062 3789 1168 3850 Repott.
1202 3812 1229 3823 -
1266 3786 1398 3851 dedecore]
1417 3789 1463 3838 do-

144 3877 198 3911 cere
216 3861 252 3910 Μ.
285 3886 307 3896 -
348 3863 371 3909 si
389 3874 451 3910 cum
472 3861 526 3909 lac.
546 3859 783 3922 Gronnriioperis
802 3873 858 3910 om.
879 3860 909 3908 li.
935 3884 966 3895 -
1002 3855 1284 3920 5.stm]sunr1.-
1318 3855 1461 3922 sapienter]

144 3938 258 3980 attenter
277 3930 313 3988 Ζ,
341 3930 525 3992 salteaterpr.
551 3930 587 3979 M.
625 3930 753 3989 (lituos,
783 3930 818 3980 iil
838 3935 953 3979 stcorr.
972 3925 1022 3990 Μ.)
1042 3950 1074 3964 ·-
1110 3928 1137 3978 o.
1158 3928 1225 3978 adds
1244 3928 1265 3977 l.
1289 3949 1316 3960 —
1353 3927 1463 3989 uisilni

144 4002 188 4059 M,
216 4014 270 4049 nou
295 4002 327 4049 li.
363 4024 389 4034 -
428 4000 454 4049 8.
484 3999 581 4063 lapibus
603 4002 671 4049 serui
695 4002 746 4050 mei
769 4007 863 4049 contra
891 3999 925 4048 nt
950 4004 977 4048 et
996 4013 1036 4061 pr.
1057 3997 1093 4047 Μ.
1140 3995 1185 4061 (Ut
1203 4011 1271 4058 nos,
1296 4011 1367 4049 carr.
1388 3998 1415 4048 tt
1434 4003 1463 4050 et

145 4066 299 4129 Victorius.)
331 4093 361 4105 -
398 4071 424 4121 a.
448 4070 491 4118 ille
515 4076 578 4119 ants
596 4072 625 4119 iu
642 4084 698 4120 om.
719 4084 759 4134 pr.
779 4070 816 4121 M.
844 4093 879 4106 -
914 4070 1031 4131 optando
1048 4067 1122 4118 Mill.
1160 4069 1328 4127 (correctum
1349 4069 1376 4117 in
1394 4067 1463 4119 Crtt·

145 4139 293 4202 sandrinn.)
321 4164 352 4175 -
389 4142 431 4189 to.
456 4147 618 4203 prorepator
646 4154 708 4189 cum
739 4140 804 4191 ctu.
832 4138 947 4201 Malasp.
976 4144 1002 4189 et
1025 4138 1153 4188 lemmate
1180 4139 1220 4188 Pii
1247 4139 1404 4189 Lambinus.
1430 4161 1459 4174 -

145 4213 188 4260 it.
206 4211 282 4276 fidem
300 4209 336 4259 Μ.
357 4209 435 4266 (idem
453 4223 508 4271 mg.
527 4206 578 4271 Μ.)
608 4235 637 4246 -
676 4210 720 4262 ts.
744 4209 845 4259 commis
861 4224 901 4273 pr.
921 4209 957 4258 Μ.
988 4234 1017 4245 -
1055 4209 1196 4270 protiuciis
1220 4208 1312 4263 Galliis
1330 4208 1462 4258 Kalenda-

145 4293 204 4328 rum
230 4280 390 4329 Martiarum
414 4280 482 4328 diem
510 4282 607 4330 restitit
637 4279 704 4330 Cad.
725 4279 831 4330 Ursini:
850 4281 1001 4341 prouincias
1020 4277 1121 4329 Gallias
1138 4279 1173 4327 K.
1191 4278 1288 4328 Martis
1305 4279 1347 4329 die
1364 4279 1461 4329 restitit

144 4350 188 4404 M.
219 4351 367 4411 prouincias
392 4348 493 4399 Gallias
523 4350 704 4399 Kalendarum
729 4350 891 4399 Martiarum
914 4350 983 4399 diem
1009 4347 1166 4407 euterun,
1191 4350 1341 4411 prouincias
1361 4347 1461 4399 Gauius

144 4420 207 4469 Kal.
226 4419 333 4469 Martiis
348 4420 444 4469 restitit
465 4423 489 4478 1,
514 4421 657 4482 ρνουίηιϋε
675 4420 768 4471 Galliis
785 4419 847 4469 Καὶ.
866 4420 949 4470 Mart.
968 4420 1065 4468 restitit
1084 4417 1113 4466 ll.
1143 4440 1170 4452 -
1210 4418 1252 4468 to.
1272 4421 1462 4481 turpissimam·

144 4513 192 4560 que
209 4511 265 4546 uem
281 4500 344 4562 supa
365 4512 405 4561 pr.
424 4498 461 4548 Μ.
481 4522 515 4532 -
549 4499 666 4548 condicio
685 4496 749 4562 mou]
769 4487 903 4549 conditior]
924 4512 962 4559 pr.
982 4497 1020 4547 M.
1039 4520 1073 4530 -
1097 4496 1140 4545 17.
1160 4495 1320 4560 accipiendo]
1340 4505 1401 4546 aute
1418 4509 1462 4546 ne·

144 4568 263 4630 unienda
282 4568 304 4616 l.
326 4589 353 4606 υ·
374 4567 416 4617 ts.
436 4569 598 4630 recuperauit
619 4582 659 4630 pr.
679 4568 716 4618 Μ.
737 4593 768 4604 -
792 4568 835 4618 21.
855 4570 930 4616 uuila
948 4570 1012 4616 uiris
1031 4581 1069 4629 pr.
1093 4566 1130 4616 Μ.
1151 4592 1183 4602 -
1210 4568 1255 4616 23.
1282 4569 1365 4617 deleta
1383 4567 1406 4614 l.
1426 4589 1460 4601 -

144 4639 187 4686 21.
207 4641 236 4685 in
253 4645 278 4687 te
297 4651 335 4700 pr·
353 4637 395 4688 M:
413 4639 495 4688 inuito
507 4638 565 4687 iilli
575 4643 601 4687 et
614 4652 684 4688 corr.
696 4637 732 4688 Μ.
760 4638 873 4688 Malim:
893 4639 980 4686 Lente.
1000 4637 1050 4688 On.
1067 4660 1096 4671 -
1116 4638 1182 4699 cepit
1196 4651 1236 4699 pr.
1255 4638 1293 4687 Μ.
1312 4661 1338 4670 -
1358 4637 1403 4687 25.
1416 4637 1461 4685 sed

144 4711 199 4757 eine
217 4722 296 4757 casua
314 4707 388 4758 Mill.
426 4708 470 4767 (Ut
488 4722 555 4768 nos,
584 4709 630 4762 Y.)
648 4730 681 4743 -
711 4708 755 4757 27.
778 4709 860 4766 sensi,
880 4715 943 4757 esset
963 4706 1101 4758 Orellias:
1120 4710 1252 4756 sensissem
1271 4706 1374 4765 Multi,
1393 4707 1462 4756 sensi

145 4779 303 4829 Lambinus.
339 4800 367 4811 -
404 4777 447 4828 30.
470 4778 561 4827 tabuit
585 4777 661 4827 Mltl.
690 4773 857 4839 (correctum
889 4791 902 4825 s
930 4777 978 4828 Pio
999 4783 1027 4828 et
1044 4791 1074 4827 er
1099 4791 1153 4841 mg.
1175 4773 1260 4837 Crat.)
1290 4801 1321 4812 -
1357 4777 1461 4842 asperia

144 4849 181 4901 M·
213 4875 241 4885 -
279 4849 323 4899 32.
346 4848 510 4913 profecturus
527 4847 682 4899 Victoriana
702 4861 743 4912 pr.
763 4873 794 4885 -
832 4849 871 4898 its
888 4847 962 4898 unt.
999 4848 1130 4906 (Correxit
1148 4846 1265 4906 bosius.)
