3256 5400
643 241 718 304 ult.
738 240 794 304 xt.
835 242 894 304 ΕΡ.
919 242 969 304 15.
992 242 1042 307 16.
1411 242 1474 306 323

159 401 290 467 sortasse
312 398 420 464 Laelii.
474 397 536 462 Sed
556 395 633 483 quid
654 418 705 462 ma
726 397 757 463 id
784 398 886 462 levat?
917 401 992 462 Nam
1026 399 1059 463 C.
1081 396 1207 483 quidem
1229 400 1367 464 Cassium
1388 397 1475 464 aiunt

159 494 324 560 consilium
350 491 578 558 Alexandream
607 491 702 556 cundi
728 490 906 556 mutavisse.
957 494 987 554 3.
1016 494 1100 555 Haec
1128 490 1167 555 ad
1195 499 1225 554 tc
1255 489 1379 565 scribo,
1410 513 1474 558 non

159 597 193 654 ut
215 608 311 675 queas
333 596 367 650 tu
388 585 516 650 demere
539 584 798 658 sollicitudinem,
831 583 887 647 sed
907 594 942 648 ut
963 603 1166 667 cognoscam,
1190 584 1300 670 ecquid
1321 596 1355 651 tu
1376 585 1417 651 ad
1437 606 1474 652 ea

158 681 288 756 afferas,
322 700 402 765 quae
430 701 480 743 me
509 679 691 757 conficiunt;
727 677 869 763 adquae
892 696 989 762 gener
1019 677 1137 742 accedit
1164 688 1196 742 et
1223 689 1345 758 cetera;
1378 701 1472 766 quae,

159 775 233 840 lietu
258 775 433 861 reprimor,
469 795 507 837 ne
534 771 678 838 scribam.
733 775 816 849 Quin
847 771 940 834 etiam
969 771 1083 855 Aesopi
1111 770 1193 836 filius
1220 792 1271 836 me
1302 774 1497 838 excruciat.³

151 874 291 949 ⁴Prorsus
324 867 400 933 nihil
429 865 530 939 abest,
569 868 644 953 quin
674 866 731 931 sim
761 864 968 930 miserrimus.
1011 863 1073 928 Sed
1096 863 1134 928 ad
1156 865 1290 949 primum
1313 877 1472 944 revertor,

159 963 234 1049 quid
262 972 352 1048 putes
385 959 581 1025 laciendum:
618 960 778 1024 occultene
808 959 912 1045 aliquo
934 959 1066 1044 propius
1088 959 1290 1033 veniendum,
1327 981 1366 1024 an
1388 981 1474 1025 mare

159 1055 393 1122 transeundum.
443 1060 518 1118 Nam
548 1054 598 1118 blc
626 1053 745 1117 maneri
775 1052 890 1117 diutius
922 1074 986 1118 non
1008 1061 1119 1137 potest.
1172 1057 1204 1118 t.
1239 1059 1285 1118 De
1307 1053 1475 1123 Fufidianis

160 1172 258 1237 quare
280 1150 357 1215 nibil
386 1148 487 1230 potuit
519 1146 658 1213 coniicit
688 1151 792 1213 Genus
823 1145 906 1210 enim
935 1145 1135 1211 condicionis¹
1157 1146 1313 1212 eiusmodi
1335 1148 1405 1221 suit,
1442 1149 1474 1213 in

160 1265 223 1330 quo
246 1265 308 1309 non
330 1243 409 1308 solet
432 1261 500 1306 esse
522 1240 751 1317 controversia;
774 1261 844 1305 cum
867 1261 904 1305 ea
925 1261 1012 1326 pars,
1035 1261 1115 1326 quae
1136 1239 1260 1305 videtur
1276 1262 1345 1307 esso
1360 1242 1473 1318 minor,
1487 1251 1512 1294 ¹⁰

159 1338 326 1403 licitatione
354 1335 475 1421 expleri
506 1334 614 1421 possit.
655 1339 740 1399 Haec
762 1354 822 1419 ego
850 1355 913 1399 non
942 1331 1010 1399 sine
1036 1355 1128 1399 causa
1153 1355 1279 1421 quaero.
1325 1336 1475 1421 Suspicor

160 1431 260 1504 enim,
298 1429 469 1495 coheredes
497 1427 623 1494 dubiam
654 1437 792 1493 nostram
814 1448 939 1493 causam
960 1437 1072 1515 putare
1094 1438 1126 1492 et
1146 1448 1184 1492 eo
1206 1449 1274 1493 rem
1296 1428 1329 1494 in
1349 1429 1474 1516 integro

154 1545 228 1589 esse
250 1524 349 1589 malle.
391 1524 476 1589 Vale.
520 1521 622 1587 Pridie
642 1521 715 1587 ldus
736 1521 808 1591 Mai.

612 1683 692 1745 ιιι.
734 1680 792 1761 (a.
808 1683 851 1778 1ιι.
875 1684 907 1746 c.
929 1683 1025 1759 ror.)

623 1804 766 1869 etcano
780 1804 932 1884 ansteo
955 1806 986 1866 s.
1486 1834 1512 1876 .,

246 1922 274 1980 1.
303 1920 370 1980 Non
399 1935 470 1979 meo
498 1915 575 1979 vitio
598 1913 645 1990 tit,
675 1913 736 1978 boc
761 1912 887 2000 quidem
909 1925 1052 2000 tempore
1074 1951 1112 1964 -
1136 1926 1207 1981 ante
1229 1917 1311 1982 enitn
1334 1927 1382 1984 est
1402 1939 1475 2006 pece

161 2017 263 2073 catum
285 2045 340 2080 -,
374 2018 408 2072 ut
428 2028 478 2071 me
499 2008 558 2072 ista
579 2006 710 2093 epistola
731 2008 809 2073 nibil
830 2011 1018 2075 consoletur.
1072 2015 1148 2075 Nam
1171 2019 1202 2076 ct
1223 2011 1336 2095 exigue
1358 2015 1474 2099 scripta

161 2110 260 2165 estet
288 2100 480 2185 suspiciones
510 2120 635 2184 magnas
664 2100 759 2165 babet
780 2122 843 2167 non
864 2123 933 2167 esse
954 2101 993 2165 ab
1015 2102 1085 2179 illo;
1121 2125 1197 2188 quas
1218 2099 1474 2172 animadvertisse

161 2208 191 2258 te
213 2194 369 2259 existimo.
420 2200 466 2259 De
489 2194 725 2260 obviam-itione
746 2195 788 2259 ita
808 2195 936 2269 faciam,
958 2204 992 2260 ut
1013 2195 1134 2261 suades.
1177 2203 1284 2285 Neque
1306 2200 1388 2263 enim
1410 2199 1473 2265 ulla

161 2288 200 2353 de
222 2288 355 2353 adventu
377 2289 445 2354 eius
474 2289 581 2374 opinio
604 2298 666 2363 cst;
692 2309 809 2374 neque,
839 2290 865 2354 si
897 2290 950 2377 qui
973 2311 1013 2354 ex
1035 2291 1107 2354 Asia
1134 2291 1276 2367 veniunt,
1304 2293 1512 2378 quidquamco

160 2380 299 2447 auditum
329 2402 397 2446 esse
433 2381 539 2447 dicunt
572 2381 610 2446 de
632 2401 724 2468 pace;
758 2382 847 2448 cuius
875 2404 934 2468 ego
963 2405 1018 2470 spe
1046 2383 1077 2448 in
1103 2383 1182 2449 banc
1204 2384 1346 2451 fraudem
1369 2386 1474 2452 incidi.

160 2475 241 2539 Nihil
262 2475 371 2551 video,
408 2476 492 2562 quod
524 2475 712 2557 sperandum
734 2485 857 2562 putem,
891 2496 973 2540 nunc
993 2477 1194 2562 praesertim,
1234 2498 1304 2542 cum
1326 2499 1363 2542 ea
1384 2479 1475 2565 plaga

160 2567 191 2631 in
216 2569 286 2633 Asia
316 2571 356 2634 sit
385 2581 525 2657 accepta,
564 2570 596 2634 in
618 2569 761 2658 illyrico,
794 2568 825 2633 in
848 2568 994 2634 Cassiano
1017 2569 1159 2652 negotio,
1198 2570 1231 2634 in
1254 2570 1320 2654 ipsa
1342 2571 1475 2636 Alexan·

160 2659 253 2737 drea,
290 2664 322 2727 in
351 2663 445 2739 urbe,
481 2664 514 2727 in
540 2664 635 2728 ltalia.
688 2666 756 2746 Ego
784 2682 877 2735 vero,
910 2661 1031 2733 etiamsi
1064 2661 1223 2727 rediturus
1250 2663 1303 2727 illo
1325 2672 1386 2738 est,
1419 2668 1474 2750 qui

160 2756 260 2822 adbuc
292 2756 407 2822 bollum
436 2776 549 2840 gerere
578 2755 708 2824 dicitur.
745 2763 848 2820 tamen
870 2764 940 2819 ante
968 2756 1104 2822 reditum
1127 2757 1193 2822 eius
1216 2758 1378 2843 negotium
1400 2779 1513 2826 con-as

159 2852 275 2917 fectum
307 2851 348 2916 iri
379 2860 466 2937 puto.
509 2854 540 2914 2.
564 2850 657 2927 Quod
686 2857 789 2914 autem
816 2848 927 2914 scribis
954 2850 1108 2935 quandam
1136 2852 1283 2917 laetitiam
1316 2851 1473 2918 bonorum

161 2966 229 3010 esse
250 2955 452 3018 commotam,
476 2952 511 3009 ut
532 2942 571 3007 sit
593 2942 732 3007 auditum
754 2942 793 3007 de
813 2943 941 3017 litteris,
976 2953 1010 3009 tu
1031 2945 1158 3031 quidem
1181 2945 1256 3010 nibil
1278 2951 1476 3032 praetermit-

161 3038 212 3111 tis,
245 3039 277 3102 in
299 3060 362 3125 quo
383 3048 474 3122 putes
495 3036 612 3123 aliquid
634 3035 735 3102 solatii
765 3057 847 3113 esse;
879 3035 935 3101 sed
956 3056 1016 3121 ego
1037 3058 1101 3102 non
1122 3037 1262 3103 adducor
1283 3060 1473 3126 quemqnam

160 3128 278 3194 bonum
299 3130 393 3195 ullam
415 3130 545 3194 salutem
566 3138 675 3215 putare
698 3128 773 3193 mibi
796 3130 871 3194 tanti
891 3128 1005 3203 fuisse,
1032 3140 1066 3194 ut
1087 3151 1155 3194 eam
1177 3141 1314 3216 peterem
1338 3132 1376 3196 ab
1399 3132 1472 3208 illo,

161 3231 193 3286 et
215 3244 254 3288 oo
282 3224 401 3297 minus,
438 3222 523 3306 quod
545 3223 636 3288 buius
658 3223 780 3288 consilii
801 3224 863 3288 iam
890 3244 930 3287 ne
951 3224 1070 3288 socium
1094 3223 1220 3310 quidem
1243 3225 1343 3291 babeo
1365 3247 1512 3311 quem-ao

161 3337 263 3402 quam.
319 3317 380 3394 Qui
412 3316 445 3381 in
473 3317 544 3381 Asia
573 3326 665 3392 sunt,
699 3338 806 3383 rerum
837 3318 954 3382 exitum
983 3327 1171 3403 exspectant.
1228 3317 1354 3383 Achaici
1382 3317 1474 3382 etiam

160 3411 248 3476 Futio
270 3431 357 3497 spem
378 3410 607 3495 deprecationis
633 3411 810 3492 †atterunt.
852 3413 973 3475 Horum
996 3418 1027 3473 et
1057 3410 1152 3474 timor
1172 3409 1256 3474 idem
1277 3409 1336 3475 init
1356 3411 1474 3496 primo,

161 3504 216 3589 qui
238 3525 340 3578 meus,
377 3513 409 3568 et
429 3505 645 3583 constitutum;
676 3524 765 3568 mora
787 3503 996 3568 Alexandrina
1026 3524 1150 3568 causam
1171 3504 1297 3569 illorum
1319 3505 1474 3578 correxit,

161 3617 263 3660 meam
285 3597 405 3662 evertit.
447 3601 477 3662 3.
501 3596 714 3674 Quamobrem
735 3596 818 3661 idem
840 3605 909 3660 ate
932 3616 1015 3661 nunc
1035 3605 1125 3680 peto,
1149 3596 1233 3682 qnod
1255 3596 1474 3682 superioribus

161 3690 289 3765 litteris,
317 3700 370 3765 nt,
401 3691 427 3756 si
458 3689 534 3776 quid
562 3690 594 3754 in
621 3689 751 3775 perditis
778 3688 873 3754 rebus
901 3689 1087 3775 dispiceres,
1120 3689 1205 3775 quod
1237 3691 1313 3755 mibi
1346 3703 1512 3777 putaresne

161 3783 354 3856 faciendum,
376 3804 427 3848 mc
449 3803 603 3850 moneres.
647 3783 680 3847 Si
702 3782 839 3869 recipior
860 3782 899 3847 ab
920 3783 960 3848 iis
983 3819 1021 3833 -
1044 3783 1129 3871 quod
1150 3783 1238 3848 vides
1259 3804 1323 3848 non
1344 3785 1414 3850 lieri
1423 3819 1473 3859 -,

232 4004 257 4054 1.
289 4004 385 4052 uvat?
421 3998 542 4053 Nam'C.
571 4002 657 4053 utut:
685 4003 780 4054 tanat?
816 4002 843 4055 C.
872 4005 902 4055 E.
936 4027 968 4038 -
1016 4004 1132 4066 squidem
1160 4001 1234 4051 blRl.
1268 4028 1296 4039 -
1347 4002 1373 4053 3.
1401 4016 1475 4067 quam

163 4082 236 4124 tuum
260 4075 298 4123 Μ.
330 4071 421 4137 (queas
448 4081 476 4123 tu
505 4086 560 4133 mg.
596 4073 647 4132 Μ.)
683 4099 705 4110 -
747 4080 772 4124 at
804 4075 866 4138 quid
898 4074 972 4124 utut.
1012 4097 1043 4110 -
1097 4075 1123 4123 5.
1155 4071 1260 4137 Aesopi]
1291 4080 1351 4122 tuos
1378 4075 1477 4123 corolla

163 4145 185 4194 1.
216 4145 246 4192 F.
277 4142 435 4193 Gronovius.
465 4167 496 4176 -
534 4143 560 4191 7.
589 4143 712 4193 occultam
738 4158 779 4207 pr.
806 4144 859 4205 Μ,
888 4144 1011 4193 multam
1044 4157 1076 4193 oa
1110 4157 1181 4193 corr.
1211 4143 1250 4193 Μ.
1294 4169 1322 4178 -
1378 4143 1405 4192 3.
1436 4142 1476 4193 Da

162 4228 217 4263 om.
249 4213 322 4263 billi.
368 4212 496 4276 (Inseruit
520 4212 691 4272 Cratander.)
726 4235 760 4251 -
804 4214 848 4263 11.
878 4214 951 4264 Fort.
978 4214 1150 4263 illicitatione.
1204 4213 1260 4263 Cir.
1292 4213 1325 4262 de
1357 4211 1407 4263 Oli.
1439 4213 1474 4274 3,

164 4285 206 4344 15,
226 4283 269 4332 61.
289 4282 338 4333 On.
359 4308 390 4318 -
422 4285 505 4345 possit
524 4283 678 4333 Corradus:
694 4289 783 4343 postet
801 4283 896 4334 ΜΜΙΕ.
919 4307 949 4319 -
985 4283 1028 4334 13.
1048 4297 1098 4333 essa
1122 4284 1208 4334 motta.
1249 4283 1310 4332 Vale
1328 4282 1476 4334 Cratander

162 4361 189 4403 et
207 4353 373 4402 Lambinus:
393 4366 453 4404 casa.
494 4351 554 4402 l'ate
571 4353 667 4403 mutu.
686 4377 716 4389 -
740 4349 819 4416 Mad]
846 4354 939 4406 Martia·
957 4367 1034 4402 ceum
1055 4354 1149 4415 priscis
1169 4354 1381 4416 exemplaribus»
1401 4354 1474 4404 Pius.

164 4420 450 4487 13333331·-
489 4423 531 4472 1¹1.
550 4425 650 4483 scripta
668 4424 729 4472 boae
746 4428 784 4473 eat
802 4424 824 4473 1.
853 4448 883 4460 -
921 4423 964 4473 13.
984 4437 1095 4486 meones
1113 4438 1168 4474 om.
1188 4425 1220 4474 ll.
1243 4450 1271 4460 -
1310 4424 1351 4473 13.
1372 4423 1476 4475 saltada

163 4493 276 4543 adventu
293 4493 423 4543 Lumbino
442 4500 550 4542 auctore
569 4493 744 4543 Sebuetzius:
771 4493 850 4543 vuldo
868 4493 983 4543 aduentu
1001 4494 1082 4554 ΜΙΜ,
1102 4495 1180 4543 valdo
1198 4494 1230 4543 ds
1249 4494 1363 4542 adventu
1382 4493 1475 4544 Victo-

163 4565 203 4612 rio
221 4568 330 4611 anctore
348 4563 377 4612 3.
405 4589 436 4598 -
471 4563 515 4611 33.
533 4564 568 4612 att
586 4577 642 4613 om.
661 4565 683 4613 1.
711 4588 741 4599 -
777 4563 820 4613 33.
840 4565 949 4613 inante
975 4564 1056 4612 ltalia
1075 4578 1128 4613 om.
1149 4564 1209 4615 llll.
1237 4588 1264 4596 -
1302 4565 1346 4612 29·
1366 4564 1399 4612 ab
1419 4564 1474 4613 ullo

48 4682 54 4691 ,
162 4631 236 4683 stttt.
273 4632 362 4690 (Corr.
394 4633 421 4681 in
448 4632 509 4682 Aac.
541 4630 598 4695 pr.)
626 4659 655 4670 -
693 4632 737 4683 31.
769 4639 793 4682 et
818 4646 904 4682 rerum
928 4634 949 4682 Ι.
978 4657 1006 4668 -
1044 4635 1088 4683 33.
1114 4629 1472 4697 afferunt1diffaruntl.l⁴'.

163 4703 323 4752 Gronovius.
359 4702 452 4752 blalim
470 4701 602 4764 animat.
623 4702 673 4754 Οιι.
706 4729 737 4739 -
773 4703 817 4754 33.
836 4700 1015 4766 emutilatum]
1044 4704 1181 4754 consitium
1206 4702 1370 4760 Beroaldus,
1400 4704 1474 4754 inatt-

162 4772 393 4891 ptppuptillplrsinus.
423 4798 453 4808 -
489 4772 533 4823 33.
557 4769 898 4835 mandamentum
917 4774 955 4830 u.
986 4771 1214 4836 respueruent.
1245 4796 1274 4809 -
1311 4771 1354 4823 33.
1381 4774 1415 4823 to
1432 4774 1472 4824 lla
