3256 5400
169 238 232 304 too
597 229 871 296 urtstomuou
891 231 944 294 Au
964 229 1056 294 Fdll.

330 427 371 441 -
395 392 479 470 Qum
498 389 606 453 mulier
625 409 688 452 aen
709 418 748 432 -

168 511 260 600 quid,
282 512 424 598 inquam,
447 515 514 576 est?

338 669 376 681 —
398 629 568 716 wolpodo]
590 632 700 715 duplex
721 631 823 695 achile.

171 754 275 834 Quina

146 906 162 945 s
336 907 379 922 -
400 907 441 921 -
463 876 553 937 holos
573 873 689 954 †Feret'
710 905 751 918 -ν

279 1035 282 1045 ·
337 1032 378 1045 -
400 1030 440 1041 -
463 998 512 1060 hic
532 996 625 1059 cudite
645 997 724 1058 inire
744 1003 787 1057 est
807 1014 908 1056 omos.
931 1028 971 1039 -

170 1119 256 1200 Quid
276 1124 343 1185 est‘t

341 1242 493 1322 Virqinem
513 1259 559 1302 me
579 1238 727 1320 quendem
747 1238 874 1299 inuitam
890 1237 1029 1317 pervim
1049 1238 1142 1299 violat
1161 1236 1306 1317 Iuppiter.

171 1366 255 1428 Bene
276 1361 419 1426 violat:
442 1358 528 1444 atqui
549 1356 631 1422 idem
653 1355 818 1442 significat,
841 1355 895 1419 sed
910 1356 1042 1420 alterum
1057 1377 1149 1421 nemo
1168 1357 1298 1425 tulisset.
1344 1361 1374 1422 2.
1396 1355 1489 1421 Vides

136 1456 283 1542 digitur,
316 1476 387 1520 cnm
424 1451 532 1517 eadem
560 1472 612 1515 res
640 1450 694 1524 sit,
728 1450 800 1536 quia
829 1447 925 1513 verba
952 1471 1015 1540 non
1046 1450 1122 1524 sint,
1155 1451 1231 1517 nihil
1260 1454 1361 1521 rideri
1387 1465 1489 1538 turpe.

171 1554 256 1633 Ergo
277 1549 310 1614 in
332 1568 367 1613 re
389 1554 537 1613 nonest:
560 1544 657 1609 multo
679 1543 781 1608 minus
803 1542 835 1607 in
858 1540 973 1607 verbis.
1017 1543 1049 1607 Si
1072 1544 1154 1609 enim
1177 1548 1263 1631 quod
1282 1546 1380 1613 verbo
1397 1545 1491 1630 signi-

171 1641 295 1715 ficatur,
317 1642 350 1707 id
371 1650 463 1726 turpe
484 1660 547 1704 non
570 1646 631 1712 est,
654 1636 803 1710 verbum,
836 1635 921 1723 quod
943 1634 1109 1720 significat,
1133 1646 1224 1723 turpe
1247 1662 1315 1706 esse
1337 1662 1400 1706 nou
1422 1649 1492 1725 pot-

172 1746 228 1801 est.
271 1737 391 1799 Anum
413 1733 549 1819 appellas
571 1731 673 1796 alieno
694 1731 840 1795 nomine:
864 1750 921 1794 cur
942 1751 1005 1794 nen
1027 1751 1085 1795 suo
1106 1731 1232 1816 potius?
1262 1735 1295 1798 Si
1316 1744 1408 1820 turpe
1426 1744 1490 1808 est,

171 1851 212 1895 ne
233 1829 335 1893 alieno
351 1827 493 1914 quidem;
517 1825 543 1890 si
556 1845 620 1890 non
639 1834 703 1898 est,
726 1845 784 1889 sno
799 1823 912 1909 petius.
956 1823 1093 1889 Caudam
1107 1825 1226 1911 antiqui
1241 1847 1381 1912 penem
1398 1847 1491 1892 voca·

136 1921 259 1995 sabam,
293 1942 334 1985 ex
354 1941 418 2006 quo
440 1929 487 1984 est
507 1927 637 2005 propter
657 1917 891 1982 similitudinem
918 1916 1145 2003 penicillus.
1197 1924 1240 1985 nt
1260 1920 1354 1985 hodie
1376 1920 1491 2007 penis

172 2025 219 2081 est
240 2015 272 2080 in
293 2013 468 2079 obscoenis.
511 2020 549 2077 At
580 2031 658 2075 vero
686 2010 759 2075 Piso
786 2009 838 2073 ille
867 2009 962 2092 Frugi
989 2009 1021 2073 in
1051 2009 1220 2079 Annalibus
1248 2014 1312 2079 suis
1334 2020 1490 2102 queritur,

172 2112 365 2188 adolescentes
383 2110 452 2190 peni
473 2108 584 2169 deditos
605 2125 674 2167 esse.
728 2102 821 2179 Quod
842 2111 876 2168 tu
898 2102 929 2165 in
953 2102 1084 2186 epistola
1106 2105 1244 2188 appellas
1265 2129 1323 2172 sue
1348 2109 1490 2182 nomine,

172 2203 225 2268 ille
240 2201 351 2266 tectius
371 2220 522 2286 penem.
566 2196 627 2262 Sed
650 2196 723 2282 quia
744 2195 842 2268 multi,
863 2195 1041 2259 factumest
1064 2205 1125 2260 tam
1143 2195 1335 2263 obscoenum
1351 2223 1444 2287 quam
1461 2200 1492 2265 id

174 2294 327 2367 verbum,
355 2314 418 2379 quo
448 2302 481 2357 tu
509 2312 584 2355 usus
611 2310 654 2354 es.
699 2286 798 2366 Quid,
836 2287 921 2373 quod
951 2289 1044 2372 vulgo
1076 2289 1205 2367 dieitur,
1243 2295 1334 2358 Cum
1363 2315 1434 2358 nes
1458 2304 1491 2358 te

136 2387 374 2453 sovoluimus
397 2384 630 2457 convenire,
652 2403 727 2447 num
745 2381 936 2447 obscoenum
955 2388 1021 2446 est‘l
1043 2384 1187 2457 Memini,
1210 2385 1242 2449 in
1264 2396 1372 2451 senatu
1395 2388 1494 2452 disor-

174 2487 240 2545 tum
254 2480 452 2544 consularem
467 2479 509 2543 ita
524 2476 644 2562 eloqui:
668 2479 755 2540 Hane
770 2478 888 2557 melpum
904 2480 1067 2549 maiorem,
1089 2498 1130 2540 an
1150 2480 1236 2541 illam
1249 2481 1371 2544 dicam?
1392 2482 1494 2567 potuit

174 2574 384 2640 ohscoenins‘l
416 2578 501 2646 Nou,
524 2570 642 2657 inquis;
664 2591 727 2634 nen
749 2569 832 2632 enim
853 2569 896 2633 ita
919 2567 1024 2632 sensit.
1067 2574 1135 2634 Non
1157 2591 1233 2656 ergo
1255 2572 1287 2637 in
1309 2575 1407 2640 verbo
1431 2586 1492 2651 est;

174 2666 268 2733 docui
297 2675 400 2731 autem
427 2667 459 2730 in
488 2686 523 2730 re
556 2685 619 2728 non
646 2684 728 2728 esse:
763 2683 915 2747 nusquam
946 2661 1120 2746 igiturest.
1164 2669 1193 2729 3.
1215 2664 1375 2733 Liberis
1399 2669 1494 2734 dare

174 2782 336 2847 operam
359 2782 450 2847 quam
473 2759 602 2824 honeste
625 2757 751 2822 dieiturl
790 2757 883 2820 etiam
905 2766 1008 2841 patres
1031 2766 1142 2841 rogant
1164 2756 1262 2824 lilios:
1287 2761 1354 2825 eius
1377 2783 1493 2848 operae

137 2871 289 2921 unomen
312 2874 373 2918 non
396 2853 511 2918 audent
533 2853 647 2917 dicere.
690 2855 851 2916 Socratem
872 2847 985 2914 fidibus
1008 2848 1114 2914 docuit
1137 2849 1349 2918 nobilissimus
1371 2852 1493 2920 fidicen.

175 2952 205 3013 ls
232 2951 387 3014 Connus
413 2947 565 3012 vocitatus
596 2954 652 3009 est.
701 2949 781 3009 Num
813 2943 845 3008 id
877 2941 1052 3008 ebsoenum
1084 2951 1197 3029 putes?
1237 2949 1313 3011 Cum
1336 2947 1495 3033 loquimur

67 3034 74 3050 '
175 3041 299 3114 terni,
338 3041 414 3105 nihil
442 3039 549 3124 flagitii
578 3039 727 3116 dicimus;
760 3048 791 3102 at
818 3058 889 3103 cnm
917 3036 1017 3110 hini,
1040 3035 1230 3103 obscoenum
1253 3049 1309 3104 est.
1368 3041 1495 3106 Graecis

175 3133 319 3221 quidem,
342 3132 474 3218 inquies.
516 3130 597 3195 Nihil
618 3140 666 3195 est
685 3152 762 3215 erge
784 3132 817 3195 in
839 3129 957 3208 verbo;
981 3131 1131 3217 quoniam
1153 3144 1185 3196 et
1206 3154 1267 3218 ego
1290 3139 1407 3199 Graece
1429 3137 1494 3200 scio

176 3235 208 3291 et
228 3235 330 3290 tamen
354 3224 409 3288 tibi
433 3224 520 3298 dico,
542 3221 640 3288 hini:
663 3223 758 3311 idque
774 3235 807 3289 tu
828 3224 917 3298 sacis,
941 3226 1030 3311 quasi
1052 3246 1111 3311 ego
1134 3230 1267 3302 Graece,
1290 3248 1353 3291 nen
1375 3227 1494 3299 Latine,

139 3319 323 3385 wdiuerim.
366 3324 462 3384 lluta
485 3326 516 3382 et
536 3327 678 3391 menta,
699 3329 785 3382 recte
803 3329 981 3404 utrumque.
1024 3319 1105 3386 Volo
1128 3329 1262 3385 mentum
1285 3320 1429 3405 pusillam
1453 3320 1495 3383 ita

176 3412 349 3498 appellare,
372 3421 407 3474 ut
428 3411 616 3475 rutulam:
646 3432 709 3475 nen
731 3411 812 3476 licet.
854 3412 939 3477 Bella
961 3413 1202 3479 tectoriola:
1232 3414 1282 3479 dic
1303 3433 1380 3496 ergo
1402 3413 1496 3477 etiam

177 3505 399 3591 pavimenta
428 3504 488 3568 isto
516 3503 628 3580 m0d0;
662 3525 724 3569 non
753 3515 853 3590 potes.
896 3503 996 3570 Viden
1025 3505 1124 3589 igitur
1151 3505 1229 3571 nihil
1257 3528 1326 3571 esse
1349 3505 1408 3571 nisi
1430 3505 1496 3570 ine·

177 3598 278 3683 ptiast
312 3597 535 3682 turpitudinem
557 3617 614 3661 nec
635 3597 667 3661 in
688 3595 787 3661 verbo
810 3618 878 3661 esse
900 3617 958 3661 nec
979 3597 1011 3661 in
1032 3618 1085 3677 re;
1114 3598 1219 3685 itaque
1241 3621 1394 3686 nusquam
1417 3620 1495 3664 esse.

176 3696 207 3758 l.
231 3691 329 3774 lgitur
350 3690 382 3754 in
403 3689 508 3755 verhis
531 3688 667 3753 honestis
690 3688 847 3754 obscoena
868 3690 1023 3775 ponimus.
1072 3692 1156 3768 Quid
1178 3692 1285 3757 enim?
1315 3715 1377 3757 non
1399 3694 1497 3758 hone·

141 3796 259 3851 ustum
281 3783 413 3849 rerhum
435 3796 481 3849 est
503 3783 674 3848 divisio?
708 3792 747 3849 nt
767 3784 848 3849 inest
869 3782 1077 3859 obscoenum,
1111 3786 1162 3850 cui
1183 3785 1353 3872 respondet
1373 3786 1498 3850 inter·

178 3878 338 3964 capedo.
381 3883 460 3943 Num
481 3877 558 3941 haec
579 3897 655 3962 ergo
677 3875 833 3941 obscoena
855 3882 945 3941 sunt?
966 3880 1029 3941 Nos
1050 3886 1153 3943 autem
1175 3879 1328 3952 ridicule,
1362 3878 1388 3942 si
1422 3876 1498 3941 dici·

178 3994 264 4045 mus,
297 3973 366 4037 ille
388 3981 541 4057 patrem
565 3970 856 4054 strangulavit,
886 3968 1039 4034 honorem
1061 3973 1343 4058 nonpraelamur,
1377 3971 1425 4036 sin
1458 3970 1497 4035 de

178 4065 305 4131 Aurelia
333 4064 450 4150 aliquid
479 4073 531 4129 aut
559 4063 673 4136 Lollia,
707 4062 806 4128 hones
834 4062 1022 4148 praefandus
1043 4073 1099 4130 est.
1142 4070 1181 4130 Et
1201 4065 1327 4152 quidem
1350 4065 1410 4130 iam
1433 4085 1496 4128 non

180 4159 273 4223 etiam
295 4158 449 4223 ohscoena
472 4156 567 4221 verba
590 4177 648 4249 pro
669 4154 834 4220 obscoenis
855 4161 947 4221 suut?
969 4157 1119 4232 Batuit,
1142 4158 1259 4244 inquit,
1281 4158 1497 4244 impudenter;

180 4301 296 4312 ——

251 4375 278 4425 3.
297 4370 446 4436 usurpndo]
465 4372 561 4435 duplex
578 4371 658 4420 cubile
675 4371 786 4420 Nohhe:
817 4377 945 4432 morpoto
963 4372 1059 4434 duplex
1084 4373 1163 4424 while
1181 4374 1225 4432 Μ,
1254 4383 1383 4435 usurpate
1402 4375 1499 4436 duplex

180 4445 274 4504 cubile,
304 4445 380 4507 quasi
407 4451 496 4493 essem
519 4443 602 4491 Tullii
628 4442 709 4490 verba
728 4441 759 4490 E.
798 4438 915 4504 (usurpet
942 4455 997 4502 mg.
1018 4443 1231 4503 Cratandrinae,
1254 4452 1397 4506 usurparet
1417 4445 1498 4494 Grae-

181 4516 264 4574 vlns.)
292 4539 323 4550 -
359 4515 385 4563 5.
406 4514 478 4562 Feret
496 4512 541 4563 hl:
573 4512 681 4561 Pheraei
701 4510 730 4559 E.
760 4531 792 4545 -
827 4508 854 4559 3.
873 4510 956 4561 uiolet
974 4511 1102 4574 luppiter.
1139 4514 1207 4564 Bene
1225 4515 1329 4563 violat:
1357 4516 1432 4576 utqui
1450 4514 1496 4563 M:

181 4585 273 4634 ntolct.
312 4585 430 4646 luppiter
449 4584 529 4641 bone,
557 4581 663 4630 uiolet?
689 4581 764 4643 atqui
781 4578 812 4629 ll.
837 4603 872 4615 -
909 4580 951 4630 13.
979 4594 1024 4630 cur
1049 4596 1095 4631 eno
1110 4585 1200 4645 potius
1221 4582 1275 4643 Va,
1307 4597 1396 4646 neque
1419 4597 1449 4633 ex
1470 4583 1497 4634 Μ

182 4656 299 4705 varietas
318 4660 407 4702 notata
426 4659 476 4702 est.
515 4652 585 4700 ilinc
610 4651 676 4699 eur?
706 4649 758 4700 Son
773 4650 864 4712 potius
882 4649 1037 4712 Beugelius.
1059 4676 1089 4688 -
1126 4653 1169 4702 14.
1187 4667 1278 4716 penem
1297 4668 1367 4704 corr.
1386 4654 1429 4714 nt,
1450 4654 1497 4715 qui

182 4726 245 4787 quid
266 4739 305 4786 pr.
326 4724 449 4773 habuerit
468 4736 521 4771 non
540 4722 634 4784 liquet.
665 4744 693 4754 -
741 4720 785 4769 21.
810 4719 912 4782 eulpam
931 4720 974 4771 M:
999 4721 1108 4784 pulpam
1127 4722 1157 4773 ll.
1179 4747 1209 4758 -
1245 4722 1290 4772 28.
1310 4726 1433 4788 quoniam
1453 4723 1496 4771 u:

181 4795 285 4857 wando
305 4793 386 4841 11.-
423 4795 466 4843 31.
486 4794 559 4841 Fort.
579 4790 656 4840 Belle.
675 4789 726 4840 Οι.
755 4812 785 4823 -
822 4789 866 4839 et.
888 4787 982 4855 lpttur]
1002 4792 1073 4855 Erpo
1091 4793 1123 4843 ll.
1149 4817 1176 4826 -
1215 4792 1258 4842 35.
1278 4794 1387 4842 dictator
1405 4793 1441 4842 ll.
1464 4819 1502 4841 —-.

181 4864 418 4926 intercapedonum.
438 4865 498 4913 hoec
516 4861 553 4915 Μ.
576 4884 604 4895 -
625 4860 669 4910 38.
690 4873 744 4909 non
761 4861 840 4910 etiam
858 4859 904 4911 lt:
923 4861 1003 4911 ettam
1018 4874 1073 4913 non
1091 4860 1161 4925 (siue
1181 4863 1400 4923 luterroqattone)
1419 4862 1450 4913 Β.
1462 4887 1495 4896 -
