3256 5400
568 265 641 328 uu.
663 263 720 326 xt.
761 263 821 327 ΕΡ.
841 262 874 327 2.
894 261 926 327 8.
947 261 979 325 d.
999 262 1032 325 b.
1402 263 1465 327 ¹9³

141 421 254 491 fidncia
276 422 352 488 nibil
375 432 439 499 est,
462 423 548 510 quod
569 445 627 487 nos
650 434 784 500 terreas;
807 441 909 508 neque
931 421 1014 488 euim
1036 421 1126 487 decet
1147 429 1200 486 aut
1215 422 1361 487 convenit
1374 421 1465 489 nobis

141 517 283 605 periculo
311 516 368 582 ulli
400 517 583 582 submittere
615 516 752 581 animum
781 526 922 581 uestrum
950 537 1052 603 neque
1082 525 1129 581 est
1151 516 1285 583 Antonio
1306 518 1466 603 postulan-

55 686 58 692 .
134 612 229 686 dnm,
252 621 285 677 ut
299 611 337 676 iis
350 609 493 695 imperet,
515 631 650 698 quornm
666 631 763 695 opera
777 611 857 677 liber
878 620 935 676 est.
977 616 1039 675 llos
1061 610 1086 674 si
1109 610 1169 674 alia
1191 610 1408 684 hortarentur,
1431 621 1467 677 ut

143 706 261 772 bellum
276 705 367 771 civile
388 705 538 770 suscitare
554 705 714 776 vellemus,
735 704 856 770 litterae
873 715 944 770 tuae
963 704 1039 769 nibil
1058 705 1257 789 proficerent.
1284 706 1466 770 Nullaenim

143 804 288 865 minantis
301 798 469 863 auctoritas
481 797 564 883 apud
576 797 694 862 liberos
709 808 767 863 est.
809 798 870 864 Sed
892 798 1021 885 pulcbrc
1043 798 1188 883 intelligis
1210 820 1273 864 non
1294 819 1387 885 posse
1409 817 1492 864 nost

144 914 302 981 quoquam
325 892 456 977 impelli:
480 901 511 956 et
532 890 674 956 fortassis
696 912 732 955 ea
754 913 789 956 re
811 893 973 957 minaciter
994 893 1078 977 agis,
1100 903 1135 957 ut
1152 892 1302 958 iudicium
1324 906 1468 959 nostrum

142 996 244 1052 metus
265 985 419 1051 videatur.
472 989 504 1050 4.
526 990 588 1050 Nos
609 985 642 1049 iu
664 984 721 1049 bac
739 985 890 1051 sententia
910 1008 1031 1061 sumus,
1053 995 1088 1051 ut
1101 995 1131 1050 te
1146 988 1308 1073 cupiamus
1324 987 1355 1051 iu
1371 985 1469 1051 libera

143 1080 325 1168 republica
347 1100 493 1165 maguum
515 1089 608 1164 atque
630 1078 794 1144 bouestum
817 1101 903 1158 esse;
930 1101 1079 1145 vocemus
1101 1089 1131 1145 te
1153 1081 1192 1146 ad
1215 1081 1313 1145 nullas
1336 1080 1470 1145 iuimici-

143 1177 216 1246 tias,
238 1173 294 1239 sed
317 1184 421 1239 umen
441 1173 540 1260 pluris
561 1183 699 1237 nostram
722 1171 896 1238 libertatem
918 1194 1011 1260 qnam
1035 1183 1120 1239 tuam
1146 1175 1311 1239 amicitiam
1328 1174 1467 1238 aestime-

144 1291 223 1334 mus.
267 1274 314 1333 Tu
335 1273 427 1332 etiarn
450 1275 543 1352 atque
564 1271 656 1330 etiam
680 1265 766 1340 vide,
789 1267 863 1353 quid
886 1268 1052 1354 suscipias,
1075 1267 1151 1353 quid
1173 1269 1327 1333 sustinere
1349 1270 1507 1353 possis;¹⁰

144 1384 267 1451 neque,
303 1382 398 1448 quam
419 1360 474 1425 diu
497 1360 612 1425 vixerit
634 1363 762 1434 Caesar,
784 1360 840 1425 sed
862 1382 955 1447 qnam
978 1382 1039 1426 uon
1063 1361 1117 1426 din
1138 1366 1289 1446 regnarit,
1314 1360 1362 1425 lac
1384 1361 1470 1446 cogi-

145 1466 200 1521 tes.
243 1461 326 1521 Deos
348 1474 552 1541 quaesumus,
575 1451 702 1518 consilia
723 1463 776 1519 tna
796 1454 845 1518 rei
877 1453 1019 1539 publicae
1041 1455 1187 1522 salutaria
1208 1457 1269 1521 sint
1290 1477 1326 1520 ac
1348 1455 1420 1531 tibi;
1443 1457 1469 1521 si

144 1550 262 1624 minus,
285 1559 334 1622 ut,
357 1547 442 1614 salva
463 1556 556 1633 atque
578 1547 764 1612 honestare
786 1546 925 1633 publica,
947 1548 1004 1614 tibi
1026 1569 1119 1635 quam
1141 1549 1305 1615 minimum
1327 1558 1469 1620 noceant,

145 1653 298 1728 optamus.
341 1641 446 1709 Pridie
468 1645 571 1706 Nonas
593 1644 679 1706 Sext.

626 1784 678 1846 1v.
722 1781 771 1865 (A.
797 1785 830 1847 n.
853 1785 885 1847 c.
907 1783 993 1865 rin.)
1483 1806 1510 1843 a

355 1909 394 1970 D.
415 1906 564 1970 BRbTUS
585 1907 665 1968 lblP.
688 1905 773 1969 COS.
795 1907 923 1970 DESIG.
946 1907 977 1970 S.
999 1908 1036 1970 Ι).
1060 1907 1254 1972 CICERONI.

232 2020 262 2085 l.
291 2017 323 2083 si
351 2016 391 2082 de
420 2025 473 2081 tua
502 2014 535 2081 in
556 2036 607 2080 me
628 2015 788 2081 voluntate
810 2014 1004 2089 dubitarem,
1037 2017 1142 2082 multis
1164 2038 1183 2083 a
1204 2029 1235 2082 te
1258 2017 1363 2084 verbis
1384 2027 1472 2106 pete·

145 2132 229 2187 rem,
251 2119 287 2177 ut
307 2109 488 2196 dignitatem
511 2129 612 2174 meam
635 2119 779 2184 tuerere,
800 2108 856 2174 sed
872 2110 1016 2196 prolecto
1038 2111 1156 2184 estita,
1178 2121 1213 2177 nt
1228 2112 1303 2177 mibi
1318 2113 1471 2199 persuasi,

146 2227 196 2271 me
218 2204 273 2270 tibi
295 2224 364 2269 esse
385 2223 490 2269 curae.
533 2207 722 2288 Progressus
744 2224 814 2268 sum
835 2203 874 2267 ad
889 2203 1046 2290 Inalpinos
1060 2225 1131 2269 cum
1146 2206 1304 2278 exercitu,
1327 2229 1390 2272 non
1409 2219 1471 2274 mm

145 2320 260 2366 nomen
287 2297 525 2384 imperatorium
551 2306 678 2383 captans
700 2318 792 2383 quarn
815 2297 944 2382 cupiens
977 2296 1126 2362 militibus
1147 2299 1326 2364 satisfacere
1349 2300 1509 2365 lirmos-sn

146 2415 208 2480 que
230 2412 284 2456 eos
306 2390 345 2456 ad
366 2389 497 2456 tuendas
519 2400 641 2455 nostras
662 2411 714 2455 res
736 2389 872 2455 ellicere.
922 2395 953 2456 2.
976 2390 1069 2468 Quod
1092 2391 1167 2457 mibi
1189 2392 1301 2457 videor
1322 2413 1471 2461 consecu-

145 2496 212 2562 tus;
235 2506 306 2550 nam
328 2495 360 2549 et
376 2482 593 2549 liberalitatem
616 2493 754 2549 nostram
770 2493 801 2548 et
817 2484 956 2549 animum
976 2495 1047 2549 sunt
1060 2484 1194 2570 experti.
1237 2489 1314 2550 Cum
1329 2485 1471 2552 omnium

146 2576 391 2644 bellicosissimis
413 2577 530 2643 bellum
552 2577 649 2662 gessi;
672 2577 768 2642 multa
790 2577 914 2642 castella
930 2577 1017 2663 cepi,
1039 2577 1135 2643 multa
1150 2577 1279 2644 vastavi.
1321 2582 1389 2643 lt'on
1403 2579 1472 2646 sine

146 2694 238 2738 cansa
266 2671 305 2737 ad
332 2680 474 2738 senatum
495 2671 613 2737 litteras
639 2670 720 2736 misi.
777 2670 898 2737 adiuva
927 2693 985 2736 nos
1014 2683 1066 2737 tua
1094 2672 1259 2751 seutentia;
1293 2671 1379 2758 quod
1401 2693 1473 2740 eum

145 2765 255 2840 iacies,
275 2787 319 2833 ex
340 2785 454 2852 magna
475 2773 567 2851 parte
588 2768 746 2830 communi
769 2763 936 2831 commodo
958 2764 1150 2831 inservieris.
1482 2788 1511 2829 aa

629 2908 659 2969 v.
710 2903 759 2988 (n.
785 2908 817 2970 n.
840 2907 872 2969 c.
894 2905 981 2989 arn.)

361 3022 404 3083 n.
425 3018 568 3084 crosno
592 3020 623 3082 s,
643 3021 682 3082 n.
704 3022 740 3082 n.
762 3019 892 3083 nnuvo
915 3021 993 3083 mr.
1017 3019 1103 3083 eos,
1124 3022 1253 3085 nusrn.

234 3143 261 3205 l.
291 3143 398 3225 Lupus
419 3136 579 3204 familiaris
602 3146 709 3202 noster
729 3158 801 3203 cum
824 3158 842 3202 a
871 3147 900 3201 te
924 3139 1059 3203 venisset
1080 3160 1215 3225 cumque
1237 3145 1354 3206 Romae
1376 3162 1472 3227 quos·

147 3233 217 3299 dam
239 3232 306 3299 dies
327 3243 597 3307 commoraretur,
626 3252 686 3316 ego
709 3253 793 3296 eram
816 3231 848 3295 iu
871 3231 908 3296 iis
931 3232 1025 3306 locis,
1053 3233 1085 3298 iu
1108 3232 1222 3319 quibus
1244 3239 1381 3299 maxime
1403 3246 1470 3300 tuto

148 3349 198 3392 me
230 3347 298 3392 esse
325 3324 512 3391 arbitrabar.
565 3329 613 3391 Eo
635 3325 749 3391 lactum
778 3336 840 3398 est,
876 3333 911 3390 ut
932 3324 971 3390 ad
994 3335 1024 3390 te
1045 3330 1151 3412 Lupus
1173 3327 1240 3391 siue
1263 3328 1339 3392 meis
1360 3327 1509 3394 litteris⁸⁰

147 3420 281 3495 rediret,
313 3440 385 3484 cum
415 3429 519 3484 tamen
548 3429 689 3485 curasset
717 3429 784 3483 tuas
812 3419 850 3483 ad
879 3441 928 3482 me
957 3419 1170 3504 perferendas.
1214 3426 1343 3487 Romam
1365 3434 1470 3488 autem

147 3520 217 3580 veui
239 3536 268 3580 a.
290 3513 320 3579 d.
343 3533 375 3578 ν.
397 3513 470 3579 Idus
491 3511 702 3586 Decembres,
735 3533 792 3577 nec
814 3511 909 3576 habui
932 3512 1102 3599 quidquam
1124 3514 1297 3600 antiquius,
1320 3536 1414 3601 quam
1436 3526 1471 3581 ut

147 3613 275 3675 Pansam
306 3606 409 3673 statim
442 3607 660 3682 convenirem
697 3626 737 3669 ex
764 3626 829 3692 quo
858 3626 896 3669 ea
928 3605 967 3668 dc
994 3615 1025 3670 te
1047 3607 1197 3690 cognovi,
1230 3629 1310 3693 quae
1333 3609 1470 3673 maxime

147 3701 303 3787 optabam.
357 3705 464 3779 Quare
492 3700 668 3766 hortatione
691 3709 725 3766 tu
746 3698 873 3784 quidem
896 3720 959 3763 nou
980 3720 1071 3783 eges,
1103 3699 1130 3764 si
1153 3721 1193 3764 ue
1216 3700 1321 3765 inille
1343 3700 1469 3786 quidem

147 3816 199 3867 re,
235 3814 316 3880 quae
338 3814 356 3858 a
378 3803 408 3858 te
430 3803 515 3878 gesta
538 3804 584 3858 est
611 3800 683 3878 post
705 3791 866 3857 bominum
889 3793 1071 3857 memoriam
1094 3793 1245 3867 maxima,
1276 3795 1509 3861 hortatorem³³

147 3886 341 3953 desiderasti.
384 3892 415 3953 2.
437 3886 517 3952 lllud
538 3897 642 3952 umen
664 3885 804 3950 breviter
825 3884 1061 3970 significandum
1079 3885 1217 3961 videtur,
1240 3888 1390 3974 populum
1408 3894 1471 3955 Ro-

147 4001 272 4046 manum
294 3982 400 4047 omnia
421 4004 440 4047 a
461 3990 491 4046 te
513 3989 696 4066 exspectare
718 3990 810 4065 atquc
833 3985 864 4044 in
886 3989 917 4043 te
939 3978 1106 4066 aliquando
1128 3980 1353 4067 reciperandae
1374 3980 1471 4046 liber·

147 4074 217 4140 tatis
249 4095 375 4142 omnem
405 4096 493 4161 spem
524 4095 653 4161 ponere.
697 4079 759 4147 Tu,
781 4073 807 4137 si
829 4073 897 4138 dies
919 4084 1089 4160 noctesque
1112 4074 1309 4149 memineris,
1332 4075 1418 4162 quod
1439 4084 1470 4140 te

146 4166 252 4233 lacere
272 4179 359 4234 certo
377 4169 459 4242 scio,
482 4179 627 4256 quarum
647 4190 714 4232 rem
734 4167 885 4252 gesseris,
909 4190 972 4233 nou
987 4167 1175 4233 obliviscere
1189 4168 1348 4253 prolecto,
1372 4189 1469 4253 quan

147 4270 196 4326 tae
219 4262 273 4329 tibi
304 4263 481 4330 etiamnunc
506 4262 660 4347 gerendae
682 4260 754 4325 sint.
805 4259 839 4325 si
859 4260 943 4325 enim
964 4260 1022 4325 iste
1044 4261 1238 4347 provinciam
1261 4273 1368 4326 nactus
1390 4260 1510 4336 erit,⁴⁰

147 4355 197 4419 cui
219 4354 346 4442 quidem
369 4377 429 4440 ego
450 4375 575 4441 semper
592 4354 710 4419 amicus
728 4351 773 4417 lui
795 4362 886 4425 ante,
909 4374 1003 4440 quam
1026 4354 1113 4419 illum
1134 4354 1274 4418 intellexi
1297 4376 1359 4420 nou
1374 4352 1469 4419 modo

146 4458 254 4534 aperte
275 4449 330 4515 sed
352 4450 445 4516 etiam
468 4449 600 4514 libenter
621 4469 692 4513 cum
714 4469 750 4511 re
771 4447 895 4533 publica
917 4447 1035 4513 bellum
1056 4468 1183 4532 gerere,
1205 4469 1292 4532 spem
1315 4448 1468 4533 reliquam

146 4539 262 4607 nullam
285 4542 378 4608 video
399 4542 517 4609 salutis.
559 4548 590 4608 3.
613 4539 829 4620 Quamobrem
843 4551 873 4605 te
888 4540 1022 4607 obsecro
1044 4540 1156 4606 iisdem
1170 4540 1332 4629 precibus,
1355 4539 1470 4628 quibus

217 4741 244 4792 3.
263 4742 303 4791 bis
320 4740 359 4793 Μ.
380 4766 410 4778 -
430 4742 473 4793 12.
493 4743 638 4806 quesumus
655 4742 706 4801 Vb,
726 4764 758 4778 -
776 4743 819 4790 tin
837 4740 995 4792 Lambinus.
1017 4765 1048 4777 -
1066 4742 1111 4792 25.
1130 4744 1209 4806 [actes
1227 4742 1255 4793 Μ
1266 4757 1273 4791 a
1292 4743 1381 4806 [xoris
1400 4741 1473 4791 ll.-

146 4811 192 4863 ut.
210 4812 250 4862 bia
267 4811 304 4862 Μ.
323 4836 358 4847 -
379 4819 436 4862 tuto
453 4826 493 4862 me
511 4813 554 4863 Με
574 4826 613 4862 me
631 4819 689 4862 tuto
708 4811 738 4862 ll.
758 4835 790 4847 -
826 4811 870 4862 34.
890 4814 1012 4863 ereetum
1031 4826 1072 4876 pr.
1091 4811 1137 4871 M,
1163 4813 1274 4863 ortubus·
1291 4826 1361 4863 corr.
1381 4812 1419 4864 bl.
1440 4835 1471 4849 -

145 4880 472 4945 uunqutmmnrl:
491 4882 752 4947 ittogutdemlars
772 4881 801 4932 u.
823 4903 854 4917 -
889 4880 1091 4946 w.prentocto
1108 4881 1146 4932 Μ.

231 4987 302 5030 cm
316 4986 337 5029 ι
356 4988 389 5028 ιιι.
1219 4963 1259 5024 ld
