3256 5400
181 224 245 288 200
614 217 889 284 EPlSTOLiiiiUitl
910 221 962 283 alt
984 220 1075 284 FAM.

182 380 398 465 intempestive
419 377 553 452 adeunt,
575 375 699 443 molesti
720 395 815 461 saepe
832 384 919 448 sunt,
941 376 986 441 sic
1003 375 1153 461 epistolae
1168 375 1330 442 oii'endnnt
1353 399 1416 444 non
1435 379 1509 446 loco

182 471 332 538 redditae.
376 472 408 536 si
430 481 549 543 autem,
571 479 607 536 ut
627 490 738 557 spero,
760 468 838 534 nihil
859 478 890 535 te
911 468 1091 554 perturbat,
1114 468 1191 534 nihil
1212 469 1359 555 impedit,
1388 482 1420 537 et
1433 472 1505 547 iile,

181 567 231 632 cui
254 564 412 639 mandavi,
449 565 522 629 satis
545 564 621 630 scite
650 574 682 629 et
701 564 867 631 commode
888 573 1010 651 tempus
1028 566 1068 629 ad
1089 574 1120 629 te
1144 565 1226 651 cepit
1248 564 1400 639 adeundi,
1431 586 1509 630 coa-

181 658 244 725 hdo
271 679 342 732 me,
375 656 460 744 quod
485 658 598 734 veiim,
635 655 725 724 iaeiie
747 680 765 723 a
787 669 818 726 te
839 658 1088 746 impetraturum.
1138 662 1168 723 2.
1191 661 1226 723 L.
1248 658 1356 724 Lamia
1380 670 1509 745 praetu-

156 773 247 818 sram
278 750 366 837 petit.
418 755 487 816 lloc
511 772 571 837 ego
600 759 674 818 utor
702 772 768 818 uno
804 757 945 818 omnium
974 752 1155 838 plurimum.
1212 756 1322 837 lingna
1349 763 1507 829 vetustas,

180 866 290 931 magna
313 845 507 910 consuetudo
533 845 714 925 intercedit;
748 845 897 933 quodque
916 845 1086 931 plurimum
1111 844 1209 917 vaiet,
1233 844 1309 909 nihil
1329 845 1406 911 mihi
1438 851 1508 912 eius

179 948 228 1004 est
257 938 465 1005 tamttiarttate
495 938 671 1005 iucundius.
728 945 841 1025 Magno
863 949 1027 1026 praeterea
1056 937 1210 1004 beneficio
1236 942 1304 1003 eius
1330 958 1508 1026 magnoque

179 1033 293 1097 merito
315 1054 384 1098 sum
411 1031 577 1118 obligatus.
630 1039 707 1100 Nam
734 1033 891 1100 Clodianis
912 1033 1126 1120 temporibus,
1159 1053 1231 1098 cum
1248 1033 1403 1119 equestris
1422 1032 1509 1098 ordi-

180 1126 228 1192 nis
250 1126 395 1213 princeps
421 1138 504 1192 esset
522 1149 645 1215 proque
669 1150 739 1193 rnea
765 1129 864 1194 salute
890 1129 1043 1194 acerrime
1065 1138 1295 1215 propugnaret,
1332 1148 1350 1191 a
1372 1125 1507 1193 Gabinio

144 1245 169 1286 ιιι
179 1221 307 1285 consule
330 1222 487 1306 relegatus
508 1231 572 1287 est:
595 1223 680 1308 quod
702 1233 772 1288 ante
793 1223 826 1288 id
847 1233 970 1309 tempus
992 1223 1054 1288 civi
1077 1227 1218 1289 Romano
1245 1226 1363 1288 Romae
1378 1220 1508 1305 contigit

179 1313 306 1379 nemini.
350 1319 418 1381 iioc
442 1336 513 1380 cum
537 1317 673 1402 populus
698 1322 855 1384 Romanus
874 1317 1030 1389 meminit,
1053 1336 1104 1380 me
1125 1314 1228 1400 ipsum
1248 1335 1311 1379 non
1327 1315 1507 1379 meminisse

180 1406 394 1493 turpissimum
425 1419 482 1475 est
533 1414 563 1475 3.
587 1413 789 1497 Quapropter
818 1409 972 1496 persuade
1001 1409 1074 1483 tibi,
1106 1407 1150 1473 mi
1178 1413 1291 1479 Brute,
1328 1430 1380 1473 me
1397 1421 1508 1494 petere

178 1511 368 1587 praeturam.
427 1506 624 1591 Quamquam
653 1504 737 1569 enim
756 1504 863 1569 Lamia
889 1525 1013 1570 summo
1040 1499 1225 1589 splendore,
1263 1522 1384 1567 summa
1407 1503 1508 1587 gratis

179 1602 245 1668 est,
268 1594 573 1680 magnificentissimo
595 1618 726 1663 munere
749 1597 908 1673 aedilicio,
930 1607 1058 1671 tamen,
1081 1595 1172 1683 quasi
1193 1615 1230 1661 ea
1248 1596 1290 1660 ita
1306 1616 1370 1660 non
1393 1604 1507 1670 essent,

141 1711 169 1753 ιι
180 1709 240 1774 ego
261 1689 384 1775 suscepi
403 1697 503 1754 totum
525 1691 696 1775 negotium.
739 1696 841 1765 Nunc,
863 1695 889 1756 si
911 1689 1054 1756 metanti
1076 1689 1166 1766 iacis,
1188 1689 1296 1776 quanti
1318 1698 1402 1753 certe
1419 1688 1507 1763 iacis,

179 1783 327 1869 quoniam
348 1783 488 1869 equitum
516 1785 673 1849 centurias
702 1794 806 1860 tenes,
829 1785 953 1871 inquis
978 1804 1111 1869 regnas,
1133 1785 1220 1849 mitte
1244 1782 1282 1848 ad
1305 1786 1427 1867 Lupum
1451 1803 1509 1846 no-

179 1887 293 1950 strum,
326 1884 361 1941 ut
391 1876 417 1941 is
449 1874 541 1941 nohis
572 1898 625 1941 eas
651 1882 807 1943 centurias
843 1877 995 1943 conficiat
1048 1882 1118 1943 Non
1149 1875 1263 1944 tenebo
1285 1885 1316 1941 te
1348 1874 1507 1961 pluribus;

178 1990 293 2061 ponam
314 1969 347 2035 ia
362 1978 505 2035 extremo
527 1970 613 2057 qnod
634 1971 751 2037 sentio:
773 1971 850 2036 nihil
871 1981 934 2046 est,
956 1977 1062 2047 Brute,
1084 1991 1156 2036 cum
1177 1969 1282 2037 emnia
1303 1990 1323 2034 a
1343 1977 1374 2034 te
1396 1989 1510 2054 exspe-

179 2074 281 2139 ctem,
304 2063 389 2152 quod
410 2062 487 2129 mihi
508 2063 626 2149 gratius
647 2063 753 2130 iacere
774 2064 888 2152 pessis.

140 2226 170 2274 ιι
637 2208 735 2270 ιιιι.
778 2208 827 2290 (A.
853 2210 886 2271 u.
909 2209 941 2272 c.
963 2205 1049 2287 rao.)

575 2330 617 2392 u.
647 2329 790 2393 creare
812 2331 850 2392 n.
871 2330 1002 2393 nanno
1025 2330 1057 2392 s.
1078 2331 1116 2392 n.

267 2454 294 2515 i.
327 2453 433 2513 Lamia
456 2471 521 2516 uno
549 2449 689 2515 omnium
711 2447 952 2513 familiarissime
972 2456 1056 2513 ator.
1099 2451 1210 2533 Magna
1225 2449 1293 2513 eius
1308 2448 1340 2514 in
1355 2469 1421 2527 me,
1443 2470 1509 2515 non

179 2542 251 2609 dico
273 2542 393 2618 officia,
415 2541 470 2607 sed
492 2543 624 2617 merita,
661 2563 760 2627 caque
781 2551 854 2607 sunt
873 2541 993 2628 populo
1014 2547 1157 2607 Romano
1178 2542 1350 2607 notissime.
1393 2547 1423 2608 is
1443 2564 1509 2607 ma-

180 2635 434 2722 gnificentissimo
456 2657 587 2702 munere
618 2635 783 2701 aedilitatis
805 2635 987 2722 perfunctus
1008 2636 1087 2721 petit
1107 2645 1301 2722 praeturam;
1335 2657 1508 2724 omnesque

141 2751 170 2791 ιι
181 2728 354 2814 intelligunt
383 2751 441 2794 nec
449 2730 698 2825 Ιιιίςιιίιιιιιιιι
670 2752 701 2794 er
722 2728 830 2794 deesse
853 2751 910 2794 nec
934 2730 1075 2815 gratiam.
1134 2729 1227 2795 Sed
1218 2752 1245 2795 rs
1267 2730 1400 2797 ambitus
1423 2731 1509 2795 erci-

180 2823 239 2888 tari
269 2822 411 2898 videtur,
442 2835 477 2890 ut
509 2845 568 2910 ego
595 2824 700 2889 omnia
728 2824 947 2910 pertimescam
975 2831 1134 2923 totamque
1166 2824 1348 2911 petitionem
1382 2825 1507 2890 Lamiae

178 2916 255 2983 mihi
282 2916 493 2983 sustinendam
521 2926 638 3004 putem.
697 2921 727 2983 2
760 2923 795 2983 iu
829 2939 866 2982 ea
897 2939 933 2981 re
962 2912 1111 3004 quant'um
1144 2939 1195 2984 me
1216 2918 1318 3004 possis
1340 2916 1507 2990 adiuvare,

179 3009 269 3076 facile
296 3011 471 3097 perspicio;
503 3032 560 3076 nec
589 3032 683 3085 vero,
717 3022 866 3097 qnantum
889 3032 958 3076 mea
980 3032 1072 3076 causa
1095 3011 1188 3086 veiis,
1225 3010 1346 3077 dubito.
1403 3011 1506 3077 Velim

179 3104 292 3189 igitar,
330 3104 372 3169 mi
402 3108 512 3178 Brute,
546 3103 602 3169 tihi
631 3104 821 3190 persuadeas
843 3102 920 3170 nihii
941 3125 992 3168 me
1014 3104 1134 3168 maiore
1156 3103 1259 3169 studio
1281 3124 1299 3167 a
1322 3112 1353 3168 te
1375 3113 1506 3189 petere,

140 3196 254 3263 annihil
277 3205 308 3262 te
329 3197 405 3262 mihi
428 3198 546 3283 gratius
567 3199 671 3263 iacere
694 3219 807 3285 posse,
846 3219 940 3284 quam
962 3197 988 3262 si
1010 3195 1156 3262 omnihus
1178 3201 1239 3262 tuis
1260 3195 1390 3284 opibus,
1421 3197 1507 3264 omni

178 3291 283 3360 studio
304 3291 443 3359 Lautam
464 3296 496 3360 in
518 3292 669 3382 petitione
690 3291 826 3370 iuveris;
848 3289 934 3377 quod
955 3299 991 3357 nt
1011 3289 1122 3365 iacias,
1144 3289 1346 3356 vehementer
1366 3300 1398 3358 te
1412 3312 1506 3377 rogo.

631 3454 745 3517 ιιιιι.
788 3449 837 3535 (ι.
863 3453 897 3514 ιι.
919 3454 951 3516 c.
973 3449 1058 3536 ιιι.)

394 3586 434 3647 Μ.
458 3583 600 3647 CICERO
622 3584 654 3646 S.
676 3586 713 3647 Ι).
735 3586 772 3646 Ι).
795 3581 926 3647 BRUTO
947 3584 1026 3646 IMP.
1049 3583 1134 3647 COS.
1156 3582 1285 3647 bustu.

265 3709 293 3769 i.
315 3702 381 3768 Etsi
403 3725 444 3767 ex
465 3702 632 3778 mandatis,
654 3724 734 3789 qnae
757 3701 873 3767 Galbae
895 3701 1129 3787 Volumnioque
1151 3700 1190 3766 ad
1213 3713 1355 3768 senatum
1377 3700 1506 3775 dedisti,

141 3797 253 3884 sequid
281 3796 455 3862 timendum
482 3804 623 3882 putares,
656 3793 909 3882 suspicabamur,
948 3805 1051 3860 tamen
1077 3794 1236 3861 timidiora
1257 3794 1399 3861 mandata
1422 3794 1508 3860 vide·

178 3890 307 3966 bantur,
330 3911 424 3978 qnam
436 3898 504 3955 erat
513 3888 645 3990 dignum
658 3898 711 3954 tna
725 3889 898 3976 populique
913 3888 1046 3955 Romani
1060 3889 1203 3955 victoria.
1247 3893 1378 3956 Senatus
1393 3900 1506 3966 autem,

179 3986 222 4050 mi
243 3991 356 4061 Brute,
387 3984 478 4050 iortis
500 3994 598 4052 estet
620 3982 713 4049 hahet
733 3983 831 4049 sortes
853 3981 959 4046 duces.
1007 3986 1115 4068 ltaque
1137 3982 1268 4047 moleste
1290 3982 1412 4048 ierehat
1433 4005 1466 4049 se
1488 4005 1507 4049 a

178 4089 226 4154 te,
263 4100 357 4165 quem
389 4079 543 4152 omnium,
574 4078 753 4165 quicunque
775 4075 921 4149 luissent,
945 4073 1150 4141 fortissimum
1171 4075 1340 4152 iudicaret,
1363 4078 1507 4143 timidum

177 4182 271 4258 atque
293 4171 440 4256 ignarum
469 4171 611 4238 iudicari.
668 4175 698 4238 2.
720 4169 843 4235 Etenim
872 4191 958 4244 cum,
995 4178 1027 4235 te
1047 4169 1186 4246 incluso,
1219 4191 1308 4255 spem
1338 4172 1507 4237 maximam

138 4285 288 4328 seomnes
318 4263 499 4331 habuissent
530 4265 562 4329 in
590 4273 642 4331 tua
674 4264 788 4328 virtute
810 4262 941 4329 iiorente
962 4264 1112 4337 Antonio,
1135 4263 1206 4350 quis
1228 4274 1310 4337 erat,
1340 4265 1394 4350 qui
1416 4264 1507 4351 quid·

178 4378 271 4443 qnam
293 4357 418 4423 timeret
439 4358 606 4444 profligato
628 4358 698 4435 iiio,
722 4367 751 4421 te
774 4355 928 4422 liberato?
954 4361 1018 4422 Nec
1038 4378 1117 4423 vero
1138 4356 1292 4442 Lepidum
1307 4355 1507 4424 timebamus.

248 4576 291 4626 10.
324 4577 442 4624 Boanum
470 4577 565 4624 itontue
592 4575 637 4625 hi:
670 4577 787 4626 itomano
814 4577 846 4628 ll.
871 4602 906 4612 -
950 4577 994 4627 11.
1021 4577 1141 4627 meminit
1166 4575 1213 4626 bl:
1242 4577 1389 4626 meminerit
1413 4576 1444 4627 E.
1476 4600 1505 4611 -

178 4645 222 4694 iii.
242 4646 366 4708 quonium
390 4645 433 4694 tt:
461 4646 566 4708 quoodo
586 4645 616 4697 E.
645 4671 678 4682 -
713 4647 832 4710 quiebi:
863 4648 933 4711 queis
952 4647 982 4696 ll.
1015 4672 1048 4682 -
1091 4646 1136 4697 25.
1155 4643 1189 4708 is]
1208 4643 1297 4696 tuti.
1327 4669 1358 4681 -·
1394 4646 1508 4696 excitus-t

179 4715 283 4778 itepett.
305 4715 416 4764 Larum:
436 4717 551 4764 excitare
569 4716 615 4776 iil,
633 4722 724 4765 sature
744 4717 773 4766 E.
795 4740 826 4752 -
862 4718 908 4767 B'i.
926 4723 1053 4780 φιαιιιιιιιι
1072 4722 1102 4766 ιιι
1118 4730 1158 4766 me
1178 4715 1294 4765 malebat
1312 4714 1460 4766 Ernestius.
1473 4741 1506 4750 -

178 4785 221 4834 31).
241 4785 308 4834 ntttt
325 4800 363 4835 me
382 4785 430 4834 tttt
447 4787 550 4848 pentius
568 4785 604 4837 Μ.
625 4810 656 4821 -
692 4787 735 4835 31.
756 4785 886 4851 Lamiam]
904 4788 960 4837 t'um
977 4788 1032 4836 ιἰιιιι
1050 4785 1088 4837 Μ.
1107 4807 1141 4823 ·-
1177 4785 1220 4836 ³5.
1242 4786 1383 4838 timendam
1398 4793 1508 4849 putum

179 4856 224 4904 li:
245 4856 385 4905 uouendum
402 4856 634 4919 respicentiumque
650 4863 757 4919 putares
774 4856 805 4908 il.
