3256 5400
103 287 106 294 .
176 231 237 293 178
608 220 883 288 aristocratia
904 220 955 283 ln
978 221 1069 283 FAM.

178 385 348 472 desperans
369 380 408 445 da
430 402 480 450 so.
504 378 543 443 da
565 377 719 452 exercitu,
741 377 780 442 de
803 376 911 461 Lepidi
930 375 1005 446 fide,
1029 395 1226 460 querensque
1248 397 1281 440 se
1298 374 1493 446 destitutum:

178 478 211 549 in
233 477 347 565 quibus
368 484 475 558 aperte
497 471 671 537 denuntiat:
693 470 834 543 videam,
857 490 896 534 ne
918 468 1024 543 fallar:
1047 490 1134 532 suani
1150 468 1241 533 iidem
1257 469 1391 534 solutam
1410 490 1493 543 esse;

177 573 226 637 rei
253 568 396 657 publicae
428 586 467 629 ne
500 564 609 630 desim.
665 561 834 649 Exemplar
865 562 932 627 eius
964 560 1163 646 chirographi
1192 561 1272 626 Titio
1301 562 1383 627 misi.
1426 566 1496 647 lpsa

177 660 384 748 chirographa
407 657 530 732 omnia,
567 666 598 722 et
629 655 742 743 quibus
764 654 883 720 credidi
905 665 937 720 et
958 676 1010 730 ea,
1047 653 1160 741 quibus
1182 653 1274 718 fidem
1296 676 1360 719 non
1380 654 1494 719 baben·

155 757 250 823 ⁸dam
276 752 399 842 putavi,
433 756 538 816 Laevo
568 750 673 836 Cispio
703 747 786 814 dabo
813 748 1016 835 perferenda,
1051 747 1105 835 qui
1127 747 1273 812 omnibus
1295 747 1334 811 iis
1356 747 1496 813 interfuit

178 849 285 916 rebus.
327 850 358 914 1.
380 844 517 911 Accessit
538 860 593 918 eo,
614 850 649 908 ut
669 843 784 907 milites
806 842 892 916 eius,
914 863 985 906 cum
1007 840 1143 927 Lepidus
1164 841 1414 916 contionaretur,
1437 841 1496 906 im·

178 941 272 1029 probi
293 936 351 1029 per'
372 959 424 1013 se,
446 943 586 1023 corrupti
609 937 700 1001 etiam
722 956 781 1021 per
802 956 872 1008 eos,
895 936 950 1021 qui
970 943 1133 1021 praesunt,
1158 933 1302 1000 Canidios
1323 933 1496 1000 Rufrenos-

178 1055 240 1123 que
268 1043 300 1099 et
326 1042 461 1105 ceteros,
490 1053 585 1118 quos,
615 1051 686 1095 cum
718 1050 798 1114 opus
827 1029 903 1102 erit,
939 1028 1063 1103 scietis,
1096 1028 1317 1092 conclamarint
1338 1029 1399 1093 viri
1419 1027 1494 1094 boni

178 1149 286 1217 pacem
313 1148 346 1192 se
382 1126 462 1190 velle
495 1144 597 1209 neque
619 1143 687 1188 esse
708 1143 780 1187 cum
801 1122 871 1187 ullis
893 1132 1102 1208 pugnaturos,
1132 1120 1256 1187 duobus
1276 1120 1338 1185 iam
1361 1120 1496 1186 consuli·

145 1220 239 1286 ¹⁰bus
260 1217 468 1304 singularibus
483 1215 609 1288 occisis,
633 1225 677 1280 tot
698 1213 819 1281 civibus
839 1237 899 1302 pro
920 1216 1021 1301 patria
1034 1215 1172 1289 amissis,
1194 1213 1336 1279 hostibus
1358 1214 1494 1299 denique

179 1312 325 1379 omnibus
346 1311 489 1376 iudicatis
511 1309 664 1396 bonisque
686 1307 865 1395 publicatis:
888 1330 991 1396 nequo
1013 1308 1073 1373 hoc
1093 1318 1147 1374 ant
1168 1308 1338 1372 vindicarat
1359 1307 1494 1392 Lepidus

82 1400 85 1405 ’
178 1415 233 1472 aut
262 1414 395 1472 sanarat.
453 1410 482 1469 5.
511 1407 579 1468 Huc
605 1423 656 1467 ma
678 1402 786 1467 venire
812 1413 843 1468 et
864 1401 988 1468 duobus
1010 1401 1199 1467 exercitibus
1221 1401 1394 1468 coniunctis
1415 1399 1496 1466 obii·

177 1520 250 1566 cere
272 1499 447 1565 exercitum
468 1495 698 1570 fidelissimum,
735 1495 852 1561 auxilia
880 1496 1035 1569 maxima,
1067 1495 1225 1582 principes
1256 1495 1386 1569 Galliae,
1421 1514 1496 1580 pro·

177 1592 311 1658 vinciam
342 1602 483 1656 cunctam
515 1610 653 1655 summae
682 1589 856 1654 dementiae
878 1598 908 1653 et
930 1589 1112 1654 temeritatis
1134 1609 1202 1653 esse
1224 1588 1304 1662 vidi,
1341 1588 1494 1674 mihique,

144 1686 205 1752 ari
226 1685 267 1750 ita
295 1705 463 1770 oppressus
490 1703 590 1747 essem
618 1703 749 1769 remque
774 1682 930 1771 publicam
956 1704 1080 1748 mecum
1107 1681 1332 1768 prodidissem,
1368 1692 1495 1746 mortuo

178 1799 241 1844 non
263 1776 358 1842 modo
380 1776 550 1850 honorem,
577 1775 634 1841 sed
655 1775 904 1841 misericordiam
932 1797 1058 1863 quoque
1083 1775 1274 1841 defuturum.
1316 1780 1423 1860 ltaque
1445 1793 1495 1836 re-

177 1871 300 1937 diturus
329 1890 397 1934 sum
426 1890 483 1933 nec
510 1877 592 1933 tanta
627 1890 759 1934 munera
787 1869 917 1955 perditis
949 1868 1129 1936 hominibus
1158 1868 1227 1934 dari
1262 1889 1354 1954 posse
1384 1867 1494 1931 sinam.

178 1968 208 2029 6.
230 1967 409 2027 Exercitum
431 1961 507 2026 loeis
529 1959 659 2025 babeam
687 1963 888 2048 opportunis,
925 1962 1118 2048 provinciam
1150 1974 1260 2035 tuear,
1290 1959 1410 2024 etiamsi
1443 1958 1495 2023 ille

178 2057 336 2122 exercitus
369 2053 527 2129 descierit,
560 2054 726 2141 omniaque
761 2055 882 2138 integra
915 2076 1061 2128 servam,
1098 2055 1180 2122 dabo
1207 2075 1353 2141 operam,
1390 2050 1495 2139 quoad

140 2149 334 2215 aoexercitus
356 2148 416 2212 bne
437 2146 634 2212 summittatis
660 2148 790 2233 parique
816 2147 962 2212 felicitate
982 2169 1051 2213 ram
1071 2148 1229 2236 pubiicum
1251 2147 1302 2212 bic
1323 2145 1494 2210 vindicetis.

177 2247 240 2307 Nec
260 2241 455 2326 depugnare,
488 2240 514 2304 si
535 2240 658 2304 occasio
681 2241 800 2316 tulerit,
836 2261 893 2304 nec
921 2239 1077 2317 obsideri,
1107 2247 1133 2307 si
1155 2262 1282 2306 necesse
1304 2239 1415 2311 luerit,
1437 2259 1495 2302 nee

178 2335 275 2410 mori,
298 2336 323 2401 si
346 2355 434 2398 casus
455 2332 613 2405 inciderit,
636 2354 696 2419 pro
717 2333 809 2399 vobis
830 2334 1052 2421 paratior-luit
1073 2335 1250 2422 quisquam.
1295 2337 1400 2411 Quare
1421 2331 1496 2397 bor·

177 2438 229 2496 tor
255 2439 302 2504 ta,
330 2429 373 2492 mi
410 2426 533 2501 Cicero,
557 2427 730 2492 exereitum
752 2427 814 2493 huc
840 2419 1057 2494 traiiciendum
1079 2427 1330 2516 quamprimum
1352 2447 1442 2490 cures
1464 2437 1496 2492 et

178 2532 315 2588 matures
335 2521 438 2607 prius.
462 2540 554 2606 quam
576 2519 680 2585 hostes
702 2521 800 2606 magis
822 2521 1070 2587 corroborentur
1091 2533 1122 2587 et
1143 2522 1242 2586 nostri
1262 2522 1494 2606 perturbentur.

141 2619 213 2680 *alu
240 2636 304 2704 quo
336 2615 361 2679 si
394 2614 535 2679 celeritas
568 2612 628 2677 erit
648 2613 800 2686 adhibita,
835 2636 888 2679 res
908 2613 1032 2700 publica
1055 2616 1087 2678 in
1107 2615 1305 2701 possessione
1327 2616 1494 2688 victoriae,

178 2708 287 2774 deletis
319 2706 492 2780 sceleratis,
525 2705 731 2792 permanebit.
781 2711 841 2771 Fac
863 2707 965 2772 valeas
988 2728 1100 2794 meque
1122 2708 1244 2794 diligas.
1301 2711 1331 2773 7.
1353 2714 1494 2772 Fratrem

179 2823 283 2867 meum
306 2799 379 2874 tibi,
410 2799 617 2864 fortissimum
640 2800 741 2863 civem
765 2809 795 2864 et
820 2800 859 2864 ad
881 2800 986 2865 omnia
1008 2800 1254 2887 paratissimum,
1278 2794 1425 2867 excusem
1448 2802 1497 2866 lit-

177 2895 273 2960 teris?
312 2893 365 2980 qui
397 2913 438 2957 ex
467 2890 576 2957 labore
603 2891 635 2957 in
663 2892 847 2957 febriculam
869 2893 977 2958 incidit
998 2894 1152 2960 assiduam
1175 2906 1206 2961 et
1227 2895 1301 2960 satis
1322 2896 1495 2959 molestam.

177 2991 254 3055 Cum
280 2989 417 3075 primum
449 2986 580 3071 poterit,
615 2986 695 3052 istuc
716 3006 881 3051 recurrere
909 3007 972 3051 non
1005 2986 1173 3064 dubitabit,
1210 3010 1248 3053 ne
1270 3008 1334 3075 quo
1356 2987 1426 3053 loeo
1448 2986 1496 3050 rei

139 3079 320 3166 ”publicae
347 3080 437 3145 desit.
481 3085 579 3146 Meam
602 3079 782 3164 dignitatem
804 3080 1050 3145 commendatam
1074 3079 1204 3155 babeas,
1240 3101 1332 3165 rogo.
1376 3085 1496 3146 Concu-

177 3174 297 3262 piscere
335 3195 384 3238 rae
421 3173 496 3239 nibil
527 3184 668 3260 oportet3
701 3173 803 3239 babeo
838 3182 869 3238 te.
902 3183 933 3238 ct
968 3174 1211 3244 amantissimum
1239 3175 1301 3239 mei
1328 3185 1373 3249 et,
1410 3174 1495 3261 quod

175 3268 296 3354 optavi,
320 3288 459 3332 summae
482 3267 685 3333 auctoritatis.
727 3273 774 3333 Tu
794 3267 926 3343 videris,
950 3279 1099 3355 quantum
1121 3278 1152 3332 et
1173 3268 1297 3356 quando
1319 3277 1407 3333 tuum
1429 3291 1497 3333 ruu-

175 3380 233 3424 nus
261 3360 341 3445 apud
374 3380 424 3424 me
459 3361 538 3426 velis
567 3382 645 3426 esse.
688 3365 819 3427 Tantum
841 3372 872 3426 te
894 3382 989 3446 rogo,
1015 3362 1047 3426 in
1068 3362 1163 3427 Hirtii
1182 3362 1287 3428 locam
1307 3383 1359 3427 me
1380 3361 1496 3428 subdas

176 3462 208 3517 et
229 3453 268 3517 ad
290 3464 377 3518 tuum
400 3475 539 3519 amorem
562 3464 593 3518 et
614 3454 653 3519 ad
674 3475 776 3520 meam
798 3453 1039 3520 observantiam.

139 3630 167 3675 „
630 3598 731 3659 nusi.
773 3596 826 3665 (A.
852 3599 885 3660 u.
908 3598 938 3660 c.
961 3595 1046 3679 711.)

668 3708 811 3773 cronno
833 3709 998 3774 amuco,

262 3829 290 3890 1.
318 3829 353 3890 ln
379 3825 521 3889 teatin
544 3825 662 3910 collega
690 3826 792 3891 omnis
813 3848 885 3913 spes
907 3837 967 3902 ost,
991 3828 1038 3893 dis
1060 3828 1316 3916 approbantibus.
1358 3835 1497 3899 Concor-

175 3915 228 3982 dia
253 3925 369 3992 vestra,
401 3939 481 4004 qnae
513 3918 632 3983 senatui
667 3918 820 3985 declarata
843 3921 953 3986 litteris
975 3923 1087 3986 vestris
1110 3933 1172 3998 est,
1200 3924 1331 3990 mirifice
1354 3938 1384 3992 et
1406 3949 1497 3993 sena·

175 4020 226 4076 tus
256 4019 287 4076 et
315 4023 424 4077 cuncta
458 4012 567 4077 civitas
594 4011 744 4078 delectata
773 4022 829 4078 est.
883 4019 913 4080 2.
951 4015 1043 4093 Quod
1067 4016 1104 4081 ad
1132 4038 1182 4082 me
1205 4019 1376 4105 scripseras
1398 4019 1437 4085 de
1459 4042 1495 4085 re

138 4105 315 4189 anagraria,
349 4104 376 4169 si
406 4106 565 4171 consultus
593 4116 718 4171 senatus
748 4117 844 4183 esset,
880 4109 1068 4196 utquisque
1091 4109 1434 4178 honorificentissimam
1456 4114 1495 4179 de

175 4209 206 4264 te
228 4199 411 4265 sententiam
434 4200 580 4274 dixisset,
603 4222 671 4266 eam
694 4212 817 4267 secatus
840 4225 955 4283 essem;
987 4206 1040 4291 qui
1062 4215 1147 4270 carte
1169 4226 1228 4291 ego
1250 4206 1390 4272 inissem.
1433 4207 1497 4272 Sed

245 4418 272 4468 2.
290 4418 320 4466 in
337 4417 429 4482 quibus
446 4425 536 4480 aparte
554 4418 600 4468 itt:
632 4427 721 4482 apsrts
739 4421 770 4472 11.
799 4447 828 4459 -
865 4422 892 4471 1.
912 4424 983 4473 l'ort.
1006 4424 1086 4484 Tito,
1106 4422 1191 4474 fratri.
1210 4422 1261 4475 01.
1283 4449 1316 4462 -
1351 4424 1495 4476 1111111

173 4489 214 4539 isis
239 4488 269 4537 11.
300 4511 330 4522 -
366 4487 392 4536 8.
414 4488 611 4537 conclamarunt
636 4490 674 4539 11.
708 4514 737 4526 -
775 4493 817 4540 10.
848 4493 1034 4556 singularibus]
1053 4494 1228 4557 singularibus
1245 4497 1309 4543 auris
1328 4495 1494 4554 Lambinus,

174 4557 228 4608 del.
256 4571 316 4606 curn
343 4556 409 4606 Cod.
440 4556 555 4620 lituorp.
578 4559 730 4609 Schtttzins.
762 4587 790 4597 -
836 4562 879 4611 11.
901 4562 1028 4627 omnibus]
1058 4564 1130 4614 Fors.
1149 4564 1222 4614 bouis
1240 4567 1368 4614 carnibus.
1389 4565 1440 4616 On.
1462 4588 1494 4600 -

173 4628 217 4677 11.
248 4628 305 4677 Hos
332 4627 359 4675 h.
390 4627 408 4674 l·
436 4631 463 4675 et
489 4627 558 4678 intra
590 4629 630 4678 bis
655 4630 694 4680 11.
723 4629 775 4680 Cir.
806 4631 884 4681 liand
909 4633 987 4682 Tura.
1013 4635 1061 4683 tlt.
1082 4648 1109 4698 p.
1128 4634 1172 4683 aa.
1194 4659 1224 4670 -
1262 4635 1305 4684 15.
1323 4635 1496 4698 perdidissem

172 4698 281 4747 Ambrr.
301 4697 432 4759 quinqua.
454 4719 483 4731 -
521 4699 733 4764 1111111111
749 4701 794 4750 lt:
818 4703 967 4766 defuturam
992 4703 1019 4752 li.
1042 4703 1094 4753 tllr.
1117 4704 1164 4766 Ep.
1183 4703 1227 4764 11,
1247 4705 1274 4754 1.
1295 4730 1323 4740 -
1362 4705 1496 4756 1111111·

172 4769 251 4817 situm
267 4767 314 4816 ll:
332 4773 363 4815 ut
380 4767 569 4818 1111111111.
606 4793 632 4806 -
667 4770 910 4822 subsessorum.
930 4795 963 4807 -
998 4773 1043 4823 17.
1062 4787 1152 4824 saeuas
1170 4787 1211 4837 pr.
1230 4774 1280 4834 ll,
1301 4788 1405 4825 snausss
1422 4789 1496 4827 corr.

171 4839 209 4888 11.
229 4862 264 4872 -
300 4835 344 4886 lt.
363 4836 484 4891 dixisset.
503 4840 549 4901 qui
566 4851 623 4887 sam
640 4847 740 4890 secutus
757 4848 836 4902 essst,
856 4850 922 4891 csrts
940 4841 1081 4894 Graevius.
