3256 5400
173 205 234 267 576
663 201 721 265 ΕΡ.
743 203 795 264 ΑΙ)
817 201 989 265 ATTICUM

172 367 408 445 μακροψοχιαο
437 358 531 424 Gnaei
558 358 658 423 nostri
686 363 779 424 esset
812 357 956 423 Nuntiant
986 360 1161 444 Aegyptum
1191 366 1222 422 et
1255 353 1424 422 Arabiam
1463 354 1520 417 εὕ-

175 463 316 541 ὃαιμονα
340 464 371 521 et
391 456 656 536 Μεσοποταμίαν
678 453 831 539 cogime,
854 452 1034 537 Hispaniam
1056 450 1216 517 abiecisse.
1262 456 1419 517 Monstra
1442 467 1518 512 nar

175 559 257 620 rant,
295 570 373 634 quae
403 546 480 611 falsa
506 567 574 611 esse
600 555 739 630 possunt.
797 545 858 611 Sed
888 556 972 610 certe
1001 555 1032 610 et
1053 544 1130 610 baec
1149 545 1274 632 perdita
1296 551 1380 610 suut
1404 551 1439 606 et
1462 540 1517 606 illa

175 663 237 706 non
266 641 421 706 salutaria.
465 645 546 705 'l'uas
576 640 694 706 litteras
721 640 782 705 iam
812 639 967 704 desidero.
1009 644 1082 704 Post
1109 640 1214 726 lugam
1247 651 1403 704 nostram
1433 656 1518 719 nnn

152 757 267 821 squam
290 735 351 799 iam
373 735 546 815 †nostrnm
569 755 678 800 aarum
700 734 897 799 intervallum
918 733 987 799 luit.
1037 735 1108 799 Misi
1129 735 1168 799 ad
1190 745 1220 799 te
1242 731 1442 818 exemplum
1465 729 1516 795 lit-

176 837 313 892 terarum
334 848 474 893 mearum
496 828 535 893 ad
557 832 721 894 Caesarem
736 849 744 906 ;
762 827 877 914 quibus
899 848 950 892 me
971 827 1088 914 aliquid
1109 828 1330 915 profecturum
1356 836 1454 913 puto.

813 1030 849 1089 A.

514 1185 657 1251 CICERO
678 1188 757 1249 lldP.
780 1187 811 1248 S.
832 1187 870 1248 D.
893 1185 1057 1250 CAESARI
1078 1187 1156 1249 IMP.

265 1329 292 1390 1.
320 1329 358 1390 Ut
385 1323 447 1409 legi
469 1333 536 1389 tuas
557 1324 690 1400 litteras,
720 1344 797 1410 quas
827 1343 845 1387 a
874 1324 991 1388 Furnio
1020 1334 1128 1388 nostro
1149 1344 1353 1409 acceperam,
1389 1324 1513 1412 quibus

143 1437 298 1483 tannecum
324 1417 454 1503 agebas,
490 1427 525 1483 ut
552 1418 591 1482 ad
610 1418 723 1483 urbem
746 1438 878 1491 essem,
905 1426 935 1481 te
958 1417 1036 1481 velle
1064 1417 1111 1482 uti
1139 1418 1269 1484 consilio
1292 1429 1323 1483 et
1349 1418 1512 1504 dignitate

177 1533 266 1585 mea,
289 1512 392 1577 minus
414 1533 483 1577 sum
505 1513 693 1578 admiratus:
724 1511 762 1576 de
784 1511 883 1595 gratia
905 1519 936 1573 et
958 1509 996 1573 de
1018 1530 1078 1596 ope
1101 1511 1176 1596 quid
1197 1512 1416 1597 significares,
1441 1533 1512 1577 me·

177 1627 248 1670 cum
274 1605 341 1691 ipse
371 1605 575 1691 quaerebam
612 1603 668 1691 spe
695 1614 798 1670 tamen
825 1601 1002 1668 deducebar
1029 1602 1159 1667 adeam
1189 1605 1438 1689 cogitationem,
1475 1615 1513 1671 ut

179 1706 209 1761 te
241 1719 300 1785 pro
329 1709 380 1764 tua
402 1697 576 1763 admirabili
598 1719 634 1763 ac
655 1698 803 1783 singulari
825 1696 975 1783 sapientia
997 1696 1036 1760 de
1058 1697 1139 1771 otio,
1172 1697 1210 1761 de
1233 1719 1323 1783 pace,
1364 1699 1407 1765 de
1430 1720 1513 1764 cou-

177 1790 285 1855 cordia
317 1792 433 1857 civium
460 1793 511 1878 agi
544 1792 623 1857 velle
653 1791 840 1865 arbitrarer,
879 1800 910 1855 et
938 1790 977 1855 ad
1004 1812 1072 1854 eam
1099 1791 1252 1856 rationem
1275 1791 1511 1858 existimabam

143 1903 167 1939 a
178 1885 251 1949 satis
280 1898 383 1971 aptam
410 1908 478 1952 esse
500 1895 531 1949 et
551 1895 693 1952 naturam
715 1895 745 1949 et
766 1905 933 1971 personam
959 1905 1071 1949 meam.
1113 1888 1142 1949 2.
1167 1884 1259 1961 Quod
1281 1891 1306 1951 si
1329 1886 1377 1950 ita
1401 1898 1454 1951 est
1477 1897 1512 1950 et

176 1979 204 2042 si
233 2000 293 2065 qua
320 1978 359 2043 de
388 1980 538 2067 Pompeio
566 1989 676 2044 nostro
699 1977 814 2044 tuendo
836 1986 867 2042 et
889 1976 945 2042 tibi
972 1999 1007 2041 ac
1028 1977 1076 2042 rei
1098 1976 1239 2064 publicae
1260 1979 1510 2045 reconciliando

177 2095 252 2140 cura
274 2084 304 2138 te
326 2074 465 2160 attingit,
498 2075 594 2160 magis
616 2073 780 2149 idoneum,
817 2093 910 2158 quam
932 2092 991 2157 ego
1012 2093 1096 2146 sum,
1120 2073 1159 2137 ad
1182 2094 1249 2137 eam
1271 2095 1403 2140 causam
1427 2095 1510 2160 pro-

176 2168 258 2233 lecto
290 2168 431 2253 reperies
451 2168 625 2245 neminem
662 2168 716 2254 qni
745 2176 776 2231 et
803 2166 847 2231 illi
876 2187 1001 2252 semper
1030 2176 1061 2230 et
1090 2167 1223 2239 senatui,
1254 2190 1326 2233 cnm
1359 2169 1510 2254 primum
1552 2171 1560 2187 ⁶

177 2259 280 2347 potui,
317 2261 402 2346 pacis
423 2273 534 2327 auctor
554 2261 616 2338 lui3
645 2281 719 2335 nec,
750 2260 878 2346 sumptis
900 2261 1010 2332 armis,
1034 2259 1107 2325 belli
1128 2261 1222 2326 ullam
1245 2272 1368 2348 partem
1393 2261 1508 2347 attigi;

139 2353 373 2440 uindicavique
408 2376 447 2420 eo
477 2353 561 2420 bello
589 2362 619 2419 te
647 2354 777 2428 violari,
808 2366 916 2420 contra
943 2355 1032 2419 cuins
1053 2353 1206 2420 honorem
1229 2356 1337 2441 populi
1363 2354 1508 2422 Romani

176 2447 328 2514 beneficio
357 2470 539 2514 concessum
568 2448 686 2513 inimici
713 2458 805 2533 atque
833 2447 931 2512 invidi
963 2447 1146 2513 niterentur.
1197 2448 1259 2513 Sed
1287 2459 1321 2514 ut
1349 2471 1393 2515 eo
1423 2461 1509 2514 tem-

176 2562 254 2627 porc
291 2563 353 2607 non
382 2542 476 2608 modo
508 2543 576 2628 ipse
608 2541 712 2607 fautor
739 2541 896 2627 diguitatis
932 2552 1003 2606 tuae
1031 2542 1078 2606 fui
1111 2563 1220 2607 verum
1252 2543 1343 2609 etiam
1384 2542 1507 2609 ceteris

177 2645 286 2700 auctor
316 2635 354 2701 ad
384 2646 414 2700 te
442 2635 668 2709 adiuvandum,
704 2636 749 2701 sic
776 2657 826 2700 me
854 2656 936 2700 nunc
963 2636 1103 2721 Pompeii
1136 2636 1269 2721 dignitas
1292 2636 1507 2702 vehementer

178 2739 290 2794 movet.
343 2729 470 2814 Aliquot
491 2729 574 2793 enim
596 2737 667 2794 sunt
687 2729 777 2803 anni,
815 2749 886 2793 cuns
909 2749 964 2793 vos
985 2729 1049 2794 duo
1071 2729 1186 2815 delegi,
1223 2750 1301 2815 quos
1323 2731 1506 2816 praecipue

140 2838 168 2880 os
177 2822 313 2886 colerem
344 2831 375 2886 et
402 2822 515 2908 quibus
550 2842 665 2897 essem,
702 2821 781 2887 sicut
816 2843 901 2897 sum,
941 2822 1156 2888 amicissimus.
1212 2828 1242 2888 3.
1279 2823 1505 2900 Quamobrem

177 2937 194 2979 a
240 2927 269 2981 te
307 2925 380 3001 peto
421 2916 470 2981 vel
511 2916 614 3000 potius
657 2915 801 2980 omnibus
844 2925 873 2980 te
917 2914 1062 3001 precibus
1106 2938 1164 2981 oro
1202 2931 1233 2983 et
1264 2916 1427 2992 obtestor,
1467 2927 1505 2984 ut

176 3012 209 3075 in
243 3011 303 3075 tuis
332 3009 476 3074 maximis
504 3009 587 3074 curis
618 3009 735 3096 aliquid
761 3010 921 3095 impertias
950 3010 1101 3095 temporis
1130 3011 1201 3075 hnic
1229 3031 1354 3097 quoqne
1377 3012 1506 3096 cogita-

178 3104 272 3176 tioni,
302 3113 337 3168 ut
357 3113 411 3168 tuo
433 3102 585 3168 beneficio
607 3102 709 3168 bonus
731 3103 795 3177 vir,
817 3113 941 3188 gratus,
971 3105 1041 3190 pius
1064 3104 1198 3191 deniqne
1221 3125 1289 3169 esse
1311 3104 1342 3168 in
1363 3105 1504 3170 maximi

176 3195 319 3262 beneficii
352 3198 505 3262 memoria
532 3197 659 3282 possim.
717 3200 806 3274 Quae
827 3199 853 3263 si
877 3208 995 3262 tantum
1017 3198 1055 3262 ad
1077 3219 1127 3262 me
1153 3199 1254 3283 ipsum
1278 3203 1502 3283 pertinerent,

141 3307 337 3377 ³⁰sperarem
358 3311 408 3354 me
431 3313 448 3355 a
471 3301 501 3356 te
523 3300 625 3355 tamen
647 3291 899 3376 impetraturum3
936 3291 1010 3365 sed,
1047 3301 1081 3356 ut
1103 3290 1258 3365 arbitror.
1296 3301 1327 3355 et
1348 3292 1388 3355 ad
1412 3301 1503 3357 tuam

178 3383 269 3447 fidem
292 3394 324 3447 et
344 3383 383 3448 ad
405 3384 649 3471 rempublicam
671 3385 821 3471 pertinet,
845 3407 895 3450 me
917 3407 934 3450 e
956 3386 1062 3470 paucis
1078 3395 1109 3449 et
1123 3386 1161 3450 ad
1176 3387 1339 3471 utriusque
1354 3390 1502 3450 vestrum

178 3486 209 3542 et
238 3475 276 3540 ad
305 3477 419 3543 civium
448 3479 646 3544 concordiam
675 3500 734 3565 per
762 3489 791 3543 te
814 3502 906 3565 quam
929 3480 1280 3545 accommodatissimum
1303 3480 1502 3544 conservari.

178 3569 260 3649 Ego,
293 3590 364 3634 cum
394 3581 483 3636 antea
512 3571 569 3636 tibi
604 3572 643 3636 de
674 3572 805 3636 Lentulo
833 3574 947 3658 gratias
970 3573 1117 3657 egissem,
1157 3594 1228 3637 enm
1252 3573 1281 3637 ei
1304 3573 1413 3646 soluti,
1443 3573 1504 3659 qui

179 3660 255 3724 mibi
277 3661 392 3738 luerat,
420 3664 547 3739 luisses,
577 3674 694 3738 tamem
730 3665 816 3730 lectis
838 3666 906 3730 eius
928 3667 1053 3740 litteris,
1084 3689 1161 3752 quas
1183 3667 1222 3731 ad
1244 3688 1294 3730 uae
1316 3666 1503 3750 gratissimo

145 3754 283 3820 ssanimo
319 3756 359 3821 de
388 3767 440 3822 tua
468 3758 653 3823 liberalitate
675 3757 891 3846 beneficioque
920 3762 1019 3834 misit,
1050 3762 1179 3827 eandem
1201 3783 1251 3825 me
1273 3762 1402 3826 salutem
1426 3782 1445 3824 a
1469 3769 1502 3824 te

250 3984 276 4031 1.
297 3980 386 4046 Gnaei]
404 3998 448 4034 nea
465 3984 516 4035 ΜΙ.
539 4009 567 4020 -
604 3985 630 4035 3.
650 3989 674 4033 et
691 3985 922 4050 Μεσοποταμίαν
940 4000 995 4036 om.
1015 3987 1089 4036 Mlll.
1116 3986 1260 4048 (lusertum
1280 4001 1295 4036 a
1314 3986 1398 4036 Codd.
1422 3987 1500 4037 Boali

181 4062 206 4103 et
235 4068 289 4115 mg.
315 4053 400 4115 Crat.)
429 4080 459 4090 -
507 4067 562 4118 cop.
590 4055 619 4102 in
642 4055 800 4116 Hispaniam
826 4055 864 4105 Μ.
892 4082 921 4094 -
959 4057 985 4106 3.
1012 4058 1121 4119 prodita
1150 4071 1230 4120 supra
1256 4071 1363 4107 versum
1390 4057 1430 4106 Μ.
1464 4082 1499 4094 -

180 4126 206 4174 5.
225 4132 343 4174 nostram
361 4121 460 4188 aarum]
486 4124 560 4174 «Alii
579 4123 672 4186 legunt
689 4131 868 4173 nostrarum-s
887 4125 959 4178 Paos.
995 4129 1049 4176 iam
1073 4133 1177 4176 tantiam
1195 4141 1283 4176 earam
1301 4128 1419 4176 malebat
1437 4128 1502 4177 blu-

181 4200 262 4244 retns.
290 4218 320 4229 -
356 4196 383 4245 3.
402 4195 435 4244 ab
453 4195 476 4244 l.
509 4219 540 4230 -
577 4195 620 4244 14.
647 4194 817 4243 aestimabam
840 4195 872 4244 n.
905 4222 931 4232 -
971 4197 1014 4246 15.
1042 4204 1066 4246 st
1085 4204 1147 4246 ante
1170 4205 1295 4247 naturam
1319 4210 1373 4247 om.
1395 4197 1442 4245 lll.
1463 4219 1501 4232 -

181 4265 224 4314 13.
250 4273 355 4314 anctore
383 4272 412 4314 sat
438 4279 483 4314 aaa
508 4279 548 4328 ps·
580 4265 616 4315 Μ.
649 4287 676 4297 ·-
714 4264 814 4313 nullam
839 4263 875 4314 Μ.
915 4291 943 4302 -
981 4267 1024 4316 30.
1045 4272 1069 4316 te
1086 4281 1115 4315 eo
1133 4267 1197 4316 ballo
1218 4267 1238 4316 l.
1261 4293 1288 4303 -
1328 4268 1372 4318 2¹2.
1390 4262 1500 4330 [autor]

181 4343 275 4384 auctor
292 4335 366 4385 bllll.
416 4335 491 4385 Corr.
512 4350 527 4385 e
546 4335 629 4386 Codd.
649 4335 742 4390 Booti.)
761 4360 792 4371 -
829 4335 873 4385 24.
892 4336 956 4384 daos
973 4336 1022 4399 lapi
1040 4350 1109 4387 corr.
1130 4337 1178 4391 Μ,
1207 4337 1271 4384 dssos
1289 4337 1369 4400 detegi
1388 4337 1409 4384 1.
1432 4335 1501 4399 (duo

181 4405 263 4468 delegi
289 4420 328 4467 pr.
353 4406 404 4464 Μ.)
433 4431 466 4439 -
502 4420 552 4469 quo
578 4420 617 4468 ps.
642 4405 680 4454 Μ.
710 4429 739 4440 -
776 4403 819 4454 23.
837 4407 925 4467 potins
944 4407 1059 4455 omnibns
1078 4414 1101 4454 te
1124 4408 1242 4468 praeibas
1260 4407 1405 4455 Lambinus
1425 4410 1497 4470 (mg.

183 4474 291 4531 iddio:
314 4478 402 4538 potius
428 4477 544 4526 omnibus
569 4484 594 4525 et
618 4475 735 4538 precibus
752 4475 798 4532 Μ,
827 4478 915 4538 patius
939 4478 1056 4538 precibus
1079 4477 1197 4526 omnibns
1216 4477 1246 4534 l,
1271 4479 1360 4538 potius
1378 4477 1501 4526 omnibus

180 4545 298 4607 precibus
316 4546 346 4595 tt.
373 4546 474 4610 (patius
491 4548 557 4596 votis
574 4546 692 4596 omnibus
709 4551 733 4594 et
748 4545 866 4609 precibus
884 4552 908 4595 et
926 4560 973 4594 ora
991 4547 1033 4598 tt.)
1064 4572 1096 4581 -
1133 4547 1175 4596 28.
1203 4543 1242 4608 at]
1260 4555 1285 4596 st
1305 4547 1325 4594 l.
1359 4572 1389 4583 -
1422 4543 1497 4610 pins]

182 4614 242 4677 ptus
269 4628 309 4676 pr.
337 4615 374 4665 Μ.
403 4640 433 4651 -
470 4629 546 4666 essem
571 4618 683 4666 mamma
706 4630 747 4678 pr.
775 4617 813 4668 Μ.
842 4641 875 4652 -
910 4615 953 4665 31.
973 4619 1106 4678 pertinent
1124 4630 1164 4677 pr.
1185 4615 1221 4666 Μ.
1243 4642 1271 4652 -
1307 4630 1347 4666 ms
1373 4620 1396 4666 et
1420 4618 1500 4679 pacis

183 4690 207 4734 et
236 4687 368 4748 utriusque
392 4686 467 4735 Mlll.
506 4683 592 4748 (corr.
620 4699 651 4736 er
677 4686 722 4743 Y.)
743 4711 773 4721 -
809 4686 852 4736 32.
876 4688 1025 4736 casemari
1048 4686 1084 4736 Μ.
1114 4685 1273 4748 (conservari
1301 4700 1355 4750 mg.
1385 4686 1437 4747 Μ.)
1466 4712 1496 4723 -

184 4755 227 4804 33.
246 4769 304 4805 essm
321 4757 375 4804 etas
394 4756 422 4813 Ι,
441 4757 510 4818 qaod
527 4759 550 4804 a·
568 4770 620 4819 mg.
643 4757 745 4819 Repatt.
766 4754 859 4804 Lamb.
881 4779 911 4790 -
947 4755 991 4805 :ll-
1012 4757 1066 4806 otas
1084 4755 1177 4805 litteris
1194 4757 1265 4806 laetis
1283 4757 1305 4806 l.
