3256 5400
182 215 245 279 eae
683 187 1011 282 manavncun

182 372 268 437 xima
293 368 501 456 navigandum
529 378 585 435 est.
642 372 709 454 Age
728 369 805 446 iam,
836 389 907 435 eum
939 370 1051 446 fratre,
1078 390 1119 436 au
1137 368 1230 438 siuet
1263 390 1341 438 oum
1364 366 1440 435 lilio
1461 375 1522 435 aut

182 486 247 551 quo
269 464 383 532 modo?
414 468 451 530 ln
476 470 611 549 utraque
640 462 724 528 enim
751 483 788 529 re
809 484 931 529 summa
953 462 1116 530 dillicultas
1137 465 1213 541 erit,
1242 484 1393 532 summm
1414 466 1520 529 animi

183 558 284 626 dolor.
327 557 390 638 Qui
417 564 523 623 autem
550 557 685 644 impetus
711 556 795 625 illius
823 558 884 623 erit
904 557 937 623 iu
964 578 1023 624 uos
1049 555 1196 626 absentes
1216 557 1436 646 fortunasque
1459 576 1521 623 uo-

183 658 285 717 stras‘i
317 651 429 718 aanor
456 672 550 739 quam
577 650 610 716 iu
639 659 835 731 ceterorum;
865 650 951 739 quod
971 648 1093 738 putabit
1112 651 1245 719 fortasse
1266 653 1302 720 iu
1322 651 1424 720 nobis
1446 651 1520 719 vio·

159 745 281 811 alaudis
302 745 419 831 aliquid
441 766 475 811 se
496 743 614 811 habere
635 745 798 831 populare.
838 748 905 831 age
925 745 1004 821 iam,
1027 744 1084 811 has
1104 745 1289 833 compedes,
1311 746 1437 820 fasces,
1468 746 1521 810 iu-

146 873 149 880 ·
182 860 290 926 quam
324 839 383 905 hos
410 840 567 906 laureatos
594 837 709 904 efferre
737 858 778 903 ex
798 838 886 904 ltalia
906 860 1001 923 quam
1023 838 1191 906 molestum
1211 844 1279 907 esti
1310 840 1380 921 Qui
1402 848 1517 905 autem

180 931 268 997 loeus
289 932 349 997 erit
369 930 460 998 nobis
481 940 568 997 tutus
588 967 630 980 —
651 941 686 999 ut
706 931 769 998 iam
789 933 917 1019 placatis
937 942 1064 999 utamur
1083 932 1230 1002 ductibus
1250 971 1310 1010 -,
1332 943 1515 1022 autequam

180 1022 218 1088 ad
239 1023 328 1090 illum
349 1025 550 1091 venerimus?
577 1026 647 1102 Qua
668 1033 774 1091 aulem
795 1035 848 1092 aut
869 1047 954 1113 quo,
985 1026 1062 1093 nihil
1090 1028 1216 1094 scimus.
1258 1033 1291 1095 6.
1320 1033 1364 1096 At
1393 1029 1424 1095 si
1460 1049 1515 1094 re-

180 1117 290 1184 stitero
313 1130 345 1185 et
365 1118 459 1185 suerit
480 1117 571 1184 nohis
595 1119 629 1184 iu
650 1118 709 1183 hac
729 1128 816 1204 parte
837 1119 942 1196 locus,
971 1119 1056 1186 idem
1078 1121 1201 1198 fecero,
1223 1122 1309 1208 quod
1330 1124 1367 1190 iu
1391 1123 1518 1191 Cinnae

146 1210 392 1277 indominatione
413 1216 448 1277 L.
469 1211 644 1298 Philippus,
673 1212 760 1299 qnod
791 1218 828 1280 1..
852 1214 995 1289 Flaccus,
1025 1215 1112 1302 quod
1134 1217 1174 1293 Q.
1195 1217 1332 1294 Mucius,
1370 1237 1514 1304 quoquo

180 1305 277 1371 modo
304 1327 341 1372 ea
368 1326 421 1372 res
448 1305 522 1373 huic
544 1305 671 1392 quidem
691 1307 820 1385 cecidit;
851 1307 906 1394 qui
926 1316 1030 1374 tamen
1051 1309 1094 1374 ita
1115 1308 1221 1375 dicere
1242 1310 1383 1387 solebat,
1414 1332 1454 1376 se
1479 1309 1515 1374 id

179 1397 251 1464 l'ore
278 1398 403 1473 videre,
440 1399 526 1485 quod
553 1399 670 1466 lactum
699 1410 758 1474 est,
796 1400 853 1467 sed
880 1402 971 1466 malle
999 1423 1094 1489 quam
1129 1412 1283 1469 armatum
1312 1405 1354 1470 ad
1383 1402 1515 1492 patriae

105 1561 108 1575 Ι
180 1493 306 1560 moenia
327 1493 485 1560 accedere.
527 1494 627 1560 Aliter
648 1493 878 1583 Thrasybulus,
902 1505 933 1560 et
953 1494 1087 1561 fortasse
1108 1496 1230 1563 melius.
1273 1497 1336 1564 Sed
1353 1508 1405 1564 est
1418 1507 1515 1564 certa

181 1586 333 1674 quaedam
355 1587 408 1653 illa
427 1587 524 1653 Mucii
545 1587 626 1654 ratio
648 1597 741 1675 atque
764 1588 935 1665 sententia;
973 1597 1021 1655 est
1042 1588 1094 1655 illa
1115 1589 1209 1655 etiam
1233 1588 1417 1679 [Philippi],
1459 1598 1514 1665 et,

144 1700 250 1748 tecum
272 1681 313 1748 sit
333 1702 475 1757 necesse,
515 1683 635 1748 servire
657 1682 793 1769 tempori
815 1694 847 1749 et
866 1703 930 1748 non
951 1683 1093 1749 amittere
1115 1693 1254 1769 tempus,
1289 1706 1364 1751 cum
1387 1686 1432 1752 sit
1455 1684 1517 1751 da-

180 1783 256 1843 tum.
299 1774 412 1861 Sed-in
434 1775 494 1842 hoc
515 1777 584 1862 ipso
607 1776 722 1842 habent
744 1785 847 1841 tamen
867 1776 963 1841 iidem
991 1775 1091 1843 fasces
1113 1776 1299 1845 molestiam.
1344 1780 1395 1846 Sit
1417 1779 1516 1845 euim

179 1866 271 1935 nobis
298 1869 431 1944 amicus,
465 1871 550 1955 quod
571 1871 726 1937 incertum
756 1879 821 1936 est:
853 1869 909 1935 sed
940 1870 996 1949 sit;
1026 1869 1147 1936 deseret
1173 1872 1380 1959 triumphum.
1439 1877 1517 1938 Non

179 1963 335 2047 accipere,
364 1965 434 2044 ine
462 1964 675 2048 periculosum
703 1965 757 2040 sit,
780 1963 970 2030 invidiosum
992 1964 1032 2030 ad
1053 1964 1164 2035 bonos.
1215 1969 1241 2031 Ο
1263 1986 1350 2043 rem,
1383 1966 1515 2054 inquis,

179 2054 335 2122 difficilem
365 2065 397 2121 et
423 2056 690 2143 inexplicabilem!
733 2057 829 2144 Atqui
862 2058 1045 2144 explicanda
1074 2069 1133 2125 cst.
1184 2061 1246 2136 Qut
1280 2061 1407 2141 †euim
1437 2059 1516 2126 lieri

143 2154 302 2235 npoustt
333 2153 379 2215 dc
405 2172 518 2216 neme
540 2151 729 2219 existimaris
750 2151 791 2217 ad
812 2151 1002 2217 manendum
1030 2171 1101 2215 esse
1121 2152 1380 2238 propensiorem,
1420 2152 1514 2241 quod

179 2243 269 2329 plura
296 2244 329 2309 iu
358 2265 428 2310 eam
455 2257 574 2332 partem
601 2245 698 2312 verba
731 2246 875 2312 fecerim:
906 2254 1010 2331 potest
1041 2243 1125 2320 lieri,
1161 2246 1247 2330 quod
1275 2246 1310 2312 lit
1329 2246 1363 2312 iu
1385 2246 1502 2312 multis

179 2337 431 2424 quaestiouibus,
467 2348 502 2405 ut
522 2361 575 2405 res
594 2337 762 2405 verbosior
782 2338 860 2404 haec
884 2337 994 2413 fuerit,
1027 2338 1080 2404 illa
1107 2343 1224 2405 verior.
1277 2338 1506 2419 Quamobrem

178 2439 215 2497 ut
234 2432 370 2497 maxima
391 2433 431 2498 de
452 2454 488 2498 re
510 2453 612 2521 aequo
633 2433 738 2499 animo
759 2432 960 2509 deliberanti,
982 2434 1025 2498 ita
1043 2432 1120 2497 mihi
1134 2432 1189 2499 des
1211 2433 1377 2500 consilium
1399 2433 1511 2500 velim.

178 2524 271 2590 Navis
302 2534 334 2589 et
362 2525 396 2591 iu
427 2526 531 2592 Caieta
565 2536 613 2592 cst
641 2536 749 2612 parata
769 2527 862 2593 uobis
884 2536 915 2594 et
937 2525 1105 2593 Brundisii.
1148 2531 1179 2592 7.
1201 2527 1264 2594 Sed
1285 2549 1359 2593 ecce
1382 2527 1507 2603 nuntii,

133 2633 170 2681 'aa
180 2617 335 2684 scribente
361 2639 412 2682 me
439 2618 515 2683 haec
543 2617 612 2704 ipsa
639 2629 735 2685 noctu
761 2625 794 2687 in
821 2620 952 2694 Caleno.
986 2640 1058 2687 ecco
1087 2619 1226 2696 litterae,
1257 2625 1428 2687 Caesarem
1466 2621 1509 2688 ad

181 2710 368 2785 Corfinium,
400 2711 571 2777 Domitium
594 2711 723 2779 Corfinii
755 2735 826 2780 cum
848 2714 940 2779 firmo
962 2714 1104 2779 exercitu
1126 2723 1157 2779 et
1178 2733 1318 2800 pugnare
1340 2707 1506 2800 cupiente.

178 2808 248 2869 Non
267 2812 344 2890 puto
365 2804 458 2868 etiam
479 2804 539 2870 hoc
561 2809 698 2871 Gnaeum
722 2818 864 2874 uestrum
885 2812 1141 2882 commissurum,
1163 2818 1198 2873 ul
1215 2808 1391 2874 Domitium
1405 2809 1507 2874 relin-

179 2909 269 2983 quat;
306 2897 364 2962 etsi
398 2898 599 2964 Brundisium
629 2901 806 2987 Scipionem
834 2924 905 2968 cum
927 2902 1109 2968 cohortibus
1135 2901 1256 2969 duabus
1276 2901 1505 2987 praemiserat,

179 2992 335 3078 legionem
357 2996 470 3058 Fausto
492 2995 699 3081 conscriptam
720 2995 753 3060 iu
775 2996 910 3061 Siciliam
934 2995 994 3061 sibi
1015 2997 1139 3081 placere
1156 3019 1174 3060 a
1190 2996 1318 3062 consule
1334 2996 1407 3060 duci
1423 2997 1506 3062 scri·

143 3096 283 3171 sopseral
303 3086 342 3152 ad
363 3087 516 3153 consules.
559 3088 621 3154 Sed
654 3097 745 3174 turpe
773 3089 942 3155 Domitium
973 3089 1076 3154 deseri
1107 3091 1324 3176 implorantem
1354 3089 1423 3156 eius
1445 3112 1505 3155 au-

178 3181 303 3246 xiliuml
346 3186 400 3247 Est
429 3183 580 3269 quaedam
610 3204 697 3268 spes,
732 3183 808 3248 mihi
831 3183 957 3269 quidem
979 3205 1042 3249 non
1064 3204 1191 3268 magna,
1222 3184 1329 3249 sedin
1354 3183 1505 3249 hislocis

178 3272 286 3349 firma,
322 3276 484 3342 Afranium
514 3282 545 3341 in
573 3281 733 3364 Pyrenaeo
756 3298 826 3341 cum
849 3277 1007 3342 Trebonio
1029 3299 1198 3364 pugnasse,
1230 3279 1354 3364 pulsum
1377 3275 1505 3343 Trebo-

178 3367 285 3444 nium,
323 3370 416 3434 etiam
449 3370 578 3435 Fadium
606 3381 694 3435 tuum
721 3371 867 3436 transisse
896 3393 969 3436 cum
996 3371 1196 3449 cohortibus;
1234 3392 1355 3436 summa
1374 3379 1503 3446 autem,

229 3569 254 3617 1.
273 3570 348 3618 sins?
376 3566 443 3632 cum]
471 3573 556 3621 sines
573 3585 630 3620 cum
650 3585 689 3634 pr.
710 3572 754 3632 M,
781 3573 856 3622 sina?
882 3580 906 3622 et
925 3588 981 3621 cum
1000 3573 1012 3621 1
1031 3577 1056 3620 et
1075 3586 1145 3621 corr.
1165 3571 1203 3620 11.
1222 3595 1257 3606 -
1292 3566 1350 3632 urit]
1370 3586 1407 3619 un
1422 3572 1501 3620 Mlti.

177 3637 345 3694 (Correotum
363 3653 393 3689 er
413 3641 522 3697 1111-
543 3641 569 3689 2.
589 3654 640 3704 quo
657 3641 734 3690 modo
753 3643 818 3691 xt:
838 3645 965 3705 quomedo
979 3643 1009 3691 11.
1029 3640 1080 3704 (De
1099 3641 1165 3691 Mat
1184 3656 1256 3691 nuuc
1268 3656 1322 3691 non
1342 3641 1452 3703 liquet.)
1467 3667 1502 3677 -

176 3708 201 3759 t.
223 3716 370 3759 esterorarm
389 3711 410 3758 1.
440 3734 471 3745 -
506 3713 611 3772 putavit
630 3711 689 3760 Mil.
721 3734 749 3745 -
786 3713 814 3760 iu
836 3713 910 3761 nobis
935 3715 1047 3775 fortusse
1066 3712 1098 3761 R.
1131 3735 1161 3747 -
1198 3713 1224 3761 6.
1253 3707 1351 3777 efferre]
1369 3713 1414 3760 hee
1430 3713 1503 3774 [erre

175 3778 214 3832 tid
235 3785 293 3838 est,
314 3778 417 3844 nesure)
437 3779 483 3839 M,
504 3781 546 3829 bec
563 3781 659 3844 {errem
677 3780 742 3845 (sic)
761 3780 799 3841 h,
818 3782 879 3831 hoec
896 3783 964 3845 serre
982 3781 1005 3830 l.
1026 3808 1056 3818 -
1094 3782 1121 3831 8.
1140 3784 1245 3831 sciemus
1263 3783 1314 3830 111.
1335 3804 1365 3816 -
1386 3783 1429 3830 10.
1450 3782 1502 3830 du-

175 3852 310 3899 mnotiona
329 3849 350 3897 l.
371 3847 411 3911 (in
429 3851 457 3900 C.
477 3850 655 3900 dominatione
674 3850 787 3901 ellarii
805 3852 944 3914 tyrannide
964 3853 1010 3900 Ph.
1030 3851 1116 3913 Pius.)
1149 3876 1179 3887 -
1215 3853 1245 3900 L.
1266 3852 1401 3912 Philippus
1420 3851 1504 3899 Laru-

176 3919 268 3968 binus:
297 3920 431 3981 Philippus
452 3918 550 3969 Mttttt.
576 3945 607 3954 —·
647 3922 689 3969 11.
715 3921 804 3970 cecidit
832 3922 933 3983 quidem
953 3936 992 3983 pr.
1013 3921 1049 3970 M.
1084 3946 1113 3957 -
1149 3921 1193 3970 12.
1213 3922 1320 3969 sedhoc
1339 3920 1502 3971 vitaliacum

175 3988 224 4038 Pio
249 3989 389 4039 Graevius.
423 4016 452 4027 -
491 3992 535 4038 13.
559 3997 626 4040 cerie
653 3990 703 4039 Ml·
736 4016 765 4026 -
805 3990 848 4040 lb.
877 3993 957 4040 etium
980 3991 1028 4039 illo
1054 3992 1074 4040 Ι.
1112 3993 1183 4041 Fort.
1210 3991 1444 4041 elicuimus.
1467 4016 1498 4027 -

176 4056 301 4122 Philippi]
333 4059 486 4121 Thrasybuli
504 4059 654 4122 Malaspiua
673 4066 783 4109 auctore
801 4059 832 4109 Ε.
872 4062 927 4110 Nos
945 4062 1117 4110 seclusimus.
1149 4087 1180 4098 -
1217 4060 1260 4109 17.
1287 4062 1344 4110 h'ou
1362 4062 1500 4122 occipere,

175 4143 207 4179 ne
223 4130 394 4191 periculosum
411 4132 462 4178 sit:
481 4131 636 4179 invidiosum
654 4130 721 4179 MR:
741 4130 799 4178 Non
817 4133 963 4193 occiperene
978 4133 1149 4193 periculosum
1167 4133 1219 4188 sit:
1245 4145 1282 4179 un
1299 4131 1413 4192 occipere
1430 4133 1502 4180 inui-

174 4200 275 4249 diosum
294 4200 338 4248 lli.
375 4199 511 4249 Sententia
532 4199 582 4249 hoc
601 4199 658 4249 tere
677 4200 804 4262 requirit:
823 4201 882 4251 Non
899 4204 1013 4263 occipere
1031 4216 1080 4258 me,
1097 4200 1270 4263 periculosum
1289 4207 1343 4251 est:
1363 4202 1500 4261 occipere,

175 4269 341 4319 inuidiosum.
361 4269 411 4320 On.
443 4293 470 4305 ··
507 4271 551 4319 26.
577 4277 661 4332 potest
680 4270 780 4319 aliter?
806 4272 842 4320 Ac
863 4278 1008 4333 praeeunte
1032 4272 1178 4320 wielando
1196 4271 1362 4320 Schuetzius.
1381 4271 1500 4321 Malims

176 4338 228 4401 Qui·
245 4347 333 4389 eutem
350 4341 407 4405 fieri
422 4342 528 4401 potest?
559 4340 613 4390 Cir.
635 4340 756 4388 Wunder
777 4341 839 4390 Var.
859 4341 933 4392 Lect.
955 4356 981 4404 p.
1000 4342 1147 4391 xxxviii.
1167 4342 1218 4392 On.
1242 4364 1269 4374 -
1289 4355 1322 4390 ns
1338 4354 1393 4389 om.
1412 4341 1445 4389 tt.
1465 4365 1500 4378 -

175 4407 219 4457 21.
238 4410 267 4458 in
285 4424 342 4458 eum
358 4406 470 4471 purtem]
489 4425 547 4458 mea
564 4412 593 4458 in
609 4418 685 4472 purte
705 4425 745 4472 pr.
765 4411 811 4471 11,
842 4426 900 4461 naso
916 4419 994 4474 porte
1012 4426 1082 4461 corr.
1103 4412 1149 4467 M,
1176 4413 1206 4460 in
1223 4425 1254 4461 eu
1269 4419 1348 4472 ports
1366 4411 1410 4459 lii.
1451 4409 1502 4471 (Ut

176 4491 244 4540 nos,
262 4479 325 4529 Pius
344 4486 371 4529 et
390 4480 473 4529 C3dd.
495 4479 620 4542 Malasp.)
647 4507 675 4516 -
714 4481 756 4529 25.
776 4482 909 4531 scribentis
927 4483 958 4530 ll·
986 4506 1017 4517 -
1055 4482 1272 4532 0111111011-
1308 4481 1500 4542 Thespiensis

176 4548 208 4598 ll.
233 4573 263 4585 -
300 4551 342 4600 22.
371 4550 494 4614 lepionem
526 4567 544 4599 a
572 4551 670 4600 Fausto
697 4550 843 4600 Manutius.
875 4574 908 4587 -
952 4566 970 4602 u
994 4553 1140 4601 consulibus
1157 4552 1204 4609 Μ,
1235 4566 1267 4601 oc
1285 4551 1430 4600 consulibus
1449 4552 1497 4600 lit.

177 4615 309 4681 (Correxit
326 4621 463 4669 Manutius
483 4634 513 4669 ex
534 4622 581 4682 Ep.
602 4621 644 4670 12.
665 4621 711 4680 h.)
733 4647 761 4657 -
799 4621 987 4672 (1111111.-
1026 4623 1069 4672 30.
1088 4623 1170 4672 deseri
1183 4622 1320 4671 Orethus:
1339 4622 1434 4669 deserit
1454 4635 1497 4683 pr.

174 4689 218 4750 M,
236 4691 418 4741 deserereerit
437 4691 494 4739 11111
512 4697 539 4740 et
557 4705 626 4740 corr.
646 4690 683 4740 M.
714 4716 749 4726 -
784 4691 827 4741 31.
851 4689 1040 4753 1111111111.
1063 4718 1090 4729 -
1130 4692 1174 4741 32.
1193 4689 1409 4757 Affruniumbl,
1430 4690 1498 4742 item

176 4760 256 4812 iutra.
281 4787 312 4796 -
358 4758 494 4822 Trebonio]
522 4762 646 4811 Petronio
668 4760 720 4810 Ml.
753 4785 783 4796 -
820 4762 863 4810 33.
889 4763 1001 4812 Pedium
1027 4763 1163 4814 Orellius:
1196 4763 1306 4813 Fabium
1331 4760 1429 4812 1111111.
1463 4785 1496 4798 -·

175 4828 285 4896 summo]
310 4845 385 4882 soum
402 4831 454 4884 111.
491 4829 536 4895 (Ut
554 4845 621 4895 uos,
641 4832 705 4883 [tet
723 4845 779 4893 mg.
798 4830 854 4895 11.)
