3256 5400
182 239 246 304 420
673 237 730 302 ΕΡ.
751 238 804 300 ΑΒ
825 237 996 302 amedu

183 393 210 465 si
239 400 379 465 homines
409 396 570 461 transitum
598 394 789 480 tempestatis
818 403 1000 479 exspectare
1027 394 1222 480 potuissent,
1258 396 1312 462 sed
1341 417 1416 464 cnm
1451 397 1509 464 din

184 493 305 558 occulte
337 491 568 576 suspirassent,
604 499 711 574 postea
744 490 805 553 iam
837 509 983 573 gemere,
1020 488 1058 553 ad
1091 499 1267 554 extremum
1303 513 1381 558 vero
1415 493 1508 579 loqui

186 607 294 652 omnes
321 594 352 650 et
373 584 506 649 clamare
527 593 707 668 coeperunt.
750 589 780 647 3.
803 588 908 667 ltaque
930 583 982 647 illc
1002 583 1121 647 amicus
1141 593 1265 658 noster,
1296 585 1436 652 insolens
1460 587 1509 651 in-

186 678 315 752 famiae,
344 698 468 763 semper
493 676 525 741 in
551 676 644 741 laude
664 685 821 749 versatus,
844 676 1060 741 circumfluens
1080 676 1196 761 gloria,
1218 676 1411 746 deformatus
1433 701 1508 746 cor

160 788 278 858 spore,
308 770 424 835 fractus
452 768 574 843 animo,
601 790 664 854 quo
686 789 720 832 se
741 768 882 833 conserat
908 769 1021 843 nescit;
1055 790 1256 854 progressum
1283 774 1505 859 praecipitem,

184 867 408 931 inconstantem
435 863 571 929 reditum
593 861 691 940 videt;
724 860 825 927 honos
845 862 988 928 inimicos
1010 862 1117 937 hahet,
1146 863 1309 950 improbos
1330 870 1415 951 ipsos
1440 889 1506 933 uon

183 958 308 1024 amicos.
350 962 394 1023 dc
414 956 487 1021 ride
508 957 669 1022 mollitiem
690 955 794 1021 animi.
836 962 903 1021 Non
925 957 1011 1022 tenui
1032 957 1194 1032 lacrimas,
1216 979 1285 1022 cum
1308 959 1397 1025 illum
1418 983 1450 1025 a.
1473 961 1504 1026 d.

184 1071 260 1118 vul.
287 1051 354 1117 ltal.
377 1055 462 1116 Sext.
490 1050 554 1117 vidi
583 1050 622 1115 de
649 1049 756 1115 edictis
782 1049 884 1115 Bibuli
912 1050 1151 1115 contionantem.
1194 1052 1257 1129 Qui
1278 1063 1369 1118 antea
1389 1056 1505 1120 solitus

183 1153 266 1211 esset
293 1145 407 1210 iactare
436 1165 470 1209 se
498 1143 798 1229 magnificentissime
826 1143 880 1208 illo
908 1143 941 1207 in
961 1142 1049 1217 loco,
1076 1165 1199 1210 summo
1220 1166 1290 1211 cum
1312 1169 1422 1214 amore
1446 1171 1504 1236 po-

146 1239 266 1326 topuli,
295 1238 413 1305 cunctis
434 1238 625 1313 laventibus,
653 1250 690 1303 ut
711 1238 763 1303 ille
785 1245 850 1300 tum
870 1235 1010 1309 humilis,
1037 1246 1074 1301 ut
1094 1237 1247 1304 demissus
1269 1251 1351 1315 erat,
1374 1252 1409 1307 ut
1432 1244 1504 1329 ipsc

183 1333 276 1398 etiam
304 1331 379 1410 sihi,
408 1353 472 1397 uon
499 1332 538 1396 iis
559 1333 675 1406 solum,
709 1331 763 1417 qui
782 1330 926 1404 aderaut,
954 1329 1150 1417 displicebat!
1185 1337 1216 1397 1.
1239 1335 1266 1399 Ο
1288 1338 1502 1420 spectaculum

183 1426 237 1492 uni
258 1430 369 1492 Crasso
389 1425 572 1499 iucundum,
594 1425 707 1490 ceteris
735 1444 798 1488 non
824 1422 915 1487 iteml
949 1446 1034 1497 nam,
1057 1424 1130 1510 quia
1150 1424 1308 1491 deciderat
1329 1449 1370 1493 ex
1391 1431 1502 1502 astris,

182 1521 287 1607 lapsus
314 1541 407 1607 quam
436 1540 621 1606 progressus
649 1518 753 1605 potius
781 1516 963 1593 videbatur;
993 1528 1039 1594 et,
1060 1528 1097 1584 ut
1117 1519 1256 1605 Apelles,
1278 1520 1304 1585 si
1326 1527 1501 1596 Venerem,

182 1624 237 1679 aut
263 1613 290 1678 si
318 1619 508 1700 Protogenes
529 1613 662 1700 Ialysum
683 1611 770 1676 illum
791 1633 883 1676 suum
904 1632 1000 1677 caeno
1021 1612 1153 1679 ohlitum
1173 1613 1308 1687 videret,
1331 1638 1501 1703 magnum.

147 1708 291 1783 sacredo,
320 1709 475 1795 acciperet
502 1706 660 1783 dolorem,
688 1709 731 1769 sic
756 1725 817 1789 ego
845 1705 928 1771 hunc
949 1706 1094 1772 omnihus
1115 1727 1134 1770 a
1155 1727 1206 1771 me
1227 1708 1342 1792 pictum
1366 1721 1396 1775 et
1418 1711 1502 1795 poli·

182 1810 247 1866 tum
279 1802 354 1867 artis
384 1800 541 1867 coloribus
573 1798 675 1865 suhito
707 1797 914 1865 deformatum
948 1821 1011 1865 non
1040 1800 1106 1864 sine
1138 1821 1251 1884 magno
1277 1801 1388 1866 dolore
1422 1803 1501 1868 vidi.

182 1898 376 1981 Quamquam
402 1915 494 1959 nemo
519 1892 661 1981 putabat,
688 1903 819 1978 propter
848 1893 1031 1958 Clodianum
1058 1893 1235 1979 negotium.
1266 1916 1317 1959 me
1345 1895 1392 1971 illi
1421 1896 1502 1960 ami-

181 2009 251 2053 cum
273 2008 341 2052 esse
363 1986 495 2062 dehere;
522 1995 625 2052 umen
646 1994 748 2050 tantus
769 1985 828 2050 luit
849 2006 954 2061 amor,
979 1995 1016 2051 ut
1036 1986 1198 2052 exhauriri
1219 1988 1302 2052 nulla
1323 1999 1430 2075 posset
1453 1992 1500 2055 in-

180 2081 272 2147 iuria.
313 2084 421 2167 ltaque
442 2079 637 2145 Archilochia
657 2077 690 2141 in
710 2077 798 2144 illum
819 2078 918 2144 edicta
940 2079 1043 2146 Bibuli
1064 2080 1181 2165 populo
1203 2080 1245 2145 ita
1266 2091 1337 2146 sunt
1350 2084 1499 2157 incunda,

143 2185 215 2240 ιιιιι
242 2194 313 2239 eum
335 2174 454 2248 locum,
482 2172 537 2238 uhi
565 2181 799 2259 proponuntur,
827 2193 902 2258 prae
923 2173 1119 2238 multitudine
1140 2194 1267 2248 eorum,
1296 2177 1349 2261 qui
1372 2177 1497 2262 legunt,

181 2269 313 2334 transire
341 2287 508 2354 nequeam
536 2266 596 2352 ipsi
624 2266 667 2330 ita
694 2264 820 2339 acerha,
849 2274 884 2331 ut
905 2264 1041 2333 tahescat
1061 2266 1188 2344 dolore;
1220 2267 1296 2333 mihi
1318 2270 1499 2338 mehercule

180 2362 328 2437 molesta,
356 2361 441 2449 quod
470 2369 501 2425 et
532 2380 619 2433 eum,
650 2379 744 2443 quem
771 2379 895 2445 semper
924 2361 1036 2435 dilexi,
1066 2360 1158 2426 nimis
1180 2363 1376 2440 excruciant,
1405 2377 1439 2432 et
1458 2366 1498 2432 ti-

181 2476 268 2530 mco,
298 2463 360 2519 tam
380 2455 548 2519 vehemens
568 2452 618 2518 vir
640 2462 764 2536 tamque
787 2472 859 2517 acer
880 2453 1020 2519 inferro
1041 2462 1072 2518 et
1093 2463 1154 2519 tam
1175 2455 1315 2521 insuetus
1335 2468 1498 2525 coutume-

181 2549 255 2621 liae,
282 2570 322 2613 ne
351 2548 436 2614 omui
465 2546 560 2612 animi
580 2546 700 2631 impetu
721 2545 824 2610 dolori
853 2556 884 2610 et
905 2546 1083 2612 iracundiae
1104 2557 1221 2633 pareat.
1264 2555 1295 2614 5.
1316 2550 1418 2618 Bihuli
1441 2555 1497 2640 qui

145 2642 222 2706 usit
249 2642 351 2707 exitus
371 2640 515 2714 iuturus,
548 2640 664 2704 nescio.
707 2643 744 2704 Ut
765 2659 847 2704 nunc
867 2660 918 2704 res
940 2662 973 2706 se
994 2639 1101 2716 habet,
1122 2641 1295 2708 admirabili
1316 2645 1416 2729 gloria
1438 2656 1495 2713 est.

182 2736 265 2812 Quin
294 2756 365 2800 cum
392 2734 518 2800 comitia
543 2733 577 2798 iu
604 2754 742 2798 mensem
764 2732 932 2799 Octobrem
958 2734 1142 2809 distulisset,
1172 2737 1257 2823 quod
1283 2739 1362 2803 solet
1383 2760 1420 2803 ea
1443 2761 1496 2804 res

180 2829 289 2914 populi
316 2828 505 2894 voluntatem
532 2826 708 2902 offendere,
737 2836 861 2913 putarat
889 2831 1003 2893 Caesar
1024 2833 1166 2893 oratione
1186 2852 1242 2895 sua
1262 2852 1355 2916 posse
1376 2833 1495 2920 impelli

180 2922 371 2995 contionem,
398 2932 433 2987 ut
461 2923 522 2986 iret
549 2920 587 2985 ad
608 2920 770 2998 Bibulum3
799 2920 894 2986 multa
922 2941 992 2985 cum
1020 2922 1252 2988 seditiosissime
1274 2924 1407 2999 diceret,
1439 2948 1494 2991 vo-

180 3038 248 3082 cem
277 3017 454 3104 exprimere
481 3037 544 3080 non
571 3008 682 3100 potuitss
736 3015 819 3092 Quid
841 3018 988 3100 quaeris?
1025 3017 1168 3081 sentiunt
1195 3038 1227 3081 se
1255 3020 1369 3084 nullam
1400 3020 1495 3085 ullius

142 3111 275 3198 repertis
308 3110 498 3176 voluntatem
530 3121 656 3187 tenere;
695 3129 734 3173 co
763 3109 861 3193 magis
889 3109 936 3172 vis
964 3108 1054 3174 nobis
1083 3123 1130 3176 est
1159 3109 1304 3174 timenda.
1364 3117 1394 3175 6.
1424 3113 1496 3178 Clo-

180 3208 248 3272 dius
276 3203 419 3270 inimicus
446 3213 493 3269 est
519 3202 619 3268 nobis.
675 3202 841 3288 Pompeius
867 3201 1029 3268 confirmat
1058 3224 1130 3268 eum
1151 3203 1227 3266 nihil
1250 3224 1316 3268 esse
1338 3203 1494 3270 iacturum

180 3311 289 3368 contra
315 3320 376 3365 me.
431 3297 508 3363 Mihi
535 3297 745 3382 periculosum
773 3306 820 3361 est
846 3296 991 3374 credere;
1020 3296 1059 3362 ad
1087 3296 1292 3362 resistendum
1321 3318 1371 3361 me
1402 3318 1494 3383 paro.

180 3394 286 3460 Studia
318 3413 412 3479 spero
445 3412 495 3457 me
525 3411 644 3456 summa
676 3389 856 3456 habiturum
883 3390 1023 3455 omnium
1049 3390 1205 3457 ordinum.
1262 3396 1305 3455 Te
1333 3412 1402 3456 cum
1431 3413 1494 3476 ego

180 3487 341 3562 desidero,
377 3497 443 3552 tum
475 3504 553 3549 vero
585 3505 637 3548 res
670 3483 709 3548 ad
736 3495 858 3570 tempus
889 3483 966 3548 illud
995 3494 1093 3552 vocat.
1150 3484 1320 3550 Plurimum
1353 3488 1492 3561 consilii,

142 3583 294 3655 usnimi,
330 3581 477 3667 praesidii
509 3579 642 3663 denique
673 3578 770 3650 mihi,
806 3578 833 3643 si
864 3588 895 3644 te
927 3577 967 3643 ad
999 3587 1119 3666 tempus
1151 3579 1279 3654 videro,
1316 3581 1493 3647 accesserit.

182 3683 281 3743 Varro
314 3675 389 3740 mihi
420 3672 586 3750 satisfaciu
622 3673 787 3758 Pompeius
822 3671 961 3757 loquitur
996 3672 1153 3739 divinitus.
1210 3677 1310 3759 Spero
1345 3694 1403 3738 uos
1438 3685 1494 3740 aut

179 3772 300 3851 †certe
329 3789 399 3833 cum
427 3786 546 3831 summa
572 3765 671 3850 gloria
698 3775 751 3831 aut
778 3767 845 3830 sine
871 3767 1012 3831 molestia
1041 3773 1133 3833 etiam
1166 3767 1368 3834 discessuros.
1425 3773 1491 3842 Τιι,

180 3863 254 3950 qnid
279 3883 368 3947 agas,
396 3858 657 3946 quemadmodum
683 3870 713 3926 te
741 3859 894 3933 ohlectes,
922 3859 1000 3946 quid
1027 3882 1098 3928 cum
1125 3861 1277 3950 Sicyoniis
1307 3862 1425 3947 egeris,
1456 3872 1492 3927 ιιι

178 3978 287 4029 seram,
310 3975 395 4021 cura.

245 4176 272 4227 3.
290 4181 378 4226 aottsr
395 4176 493 4225 amima
511 4173 533 4224 1.
554 4198 582 4210 ·-
612 4173 639 4223 ’1.
658 4188 685 4224 ιι.
704 4175 731 4224 d.
752 4188 812 4224 νιιι.
832 4173 964 4226 Orelltnst
984 4180 1045 4227 ants
1063 4188 1124 4225 vrrs.
1143 4173 1238 4227 hsstlll.
1258 4197 1290 4210 -
1325 4174 1352 4224 8.
1371 4182 1433 4225 unte
1449 4188 1489 4223 rn-

176 4247 216 4296 lus
234 4246 255 4295 l.
288 4269 316 4280 -
353 4246 379 4295 9.
396 4241 497 4307 populi]
516 4244 588 4307 puhll
607 4243 829 4307 pampulum
845 4246 869 4295 1.
897 4272 926 4283 -
964 4247 1008 4297 11.
1026 4246 1066 4296 hta
1082 4246 1106 4295 1.
1127 4270 1154 4280 -
1192 4245 1321 4306 speculum
1339 4259 1379 4308 pr.
1398 4245 1435 4294 Μ.
1456 4270 1489 4280 -

177 4317 220 4365 12.
239 4317 306 4365 wem
322 4313 372 4365 att.
391 4340 423 4350 -
458 4317 520 4378 qaia
538 4327 600 4364 cum
618 4313 692 4363 libris
711 4313 761 4363 111:
781 4316 825 4378 put
842 4315 989 4366 Ernestinr.
1011 4341 1040 4353 -
1077 4314 1121 4366 13.
1140 4314 1229 4378 lapsus
1244 4316 1333 4375 possus
1350 4328 1428 4379 quom
1443 4327 1487 4376 pr.

176 4401 202 4436 c.
224 4386 245 4435 t.
279 4408 307 4418 -
346 4383 388 4433 11.
407 4386 430 4433 sl
447 4385 602 4448 Protopenes
618 4386 641 4434 si
659 4384 773 4447 Ialysum
792 4385 823 4434 a.
855 4411 884 4421 -
921 4385 964 4435 21.
984 4399 1108 4448 nequeam
1125 4385 1169 4436 hl:
1196 4398 1350 4448 moueantur
1370 4385 1420 4444 ut,
1445 4396 1489 4432 as·

177 4462 271 4521 queunt
294 4468 355 4503 cum
379 4453 496 4504 Victoria
520 4454 549 4504 c.
579 4478 608 4490 -
645 4454 688 4504 22.
708 4454 862 4503 dileximus:
889 4458 1038 4506 metunt
1055 4455 1116 4507 MR.
1164 4454 1342 4503 Emendatum
1360 4459 1400 4503 est
1418 4455 1444 4501 tn
1466 4452 1487 4502 l.

176 4526 272 4576 -ea
290 4520 448 4588 {mollero
467 4525 488 4574 l.
509 4550 541 4560 -
576 4531 702 4574 tamam.
722 4524 754 4573 u.
775 4549 804 4561 ·-
842 4525 945 4576 aum
960 4521 1114 4587 ulsuslt.
1134 4550 1165 4559 -
1197 4524 1241 4574 26.
1261 4520 1340 4586 Quiad
1360 4523 1488 4585 parua.

177 4596 355 4647 Emendatum
382 4599 421 4643 est
443 4607 473 4643 er
498 4593 554 4644 XY.
582 4619 614 4628 -
651 4593 766 4644 Octohrh
785 4594 807 4643 l.
838 4621 871 4630 -
906 4595 951 4646 28.
973 4597 1002 4644 tn
1023 4595 1144 4646 Bibulum
1166 4601 1276 4645 auctore
1303 4595 1350 4643 Pio
1374 4594 1487 4642 ascens.

177 4667 265 4718 tertis.
288 4689 315 4702 -
353 4665 395 4714 29·
415 4663 535 4713 Scatiunt
552 4664 596 4715 sed
612 4677 638 4713 ss
657 4664 679 4714 l.
699 4688 732 4697 -
767 4663 896 4726 chuadi,
914 4665 1011 4714 nulllus
1027 4679 1083 4728 mg.
1103 4665 1140 4716 Μ.
1167 4688 1198 4700 -
1234 4665 1277 4715 32.
1294 4663 1437 4726 periculum
1454 4662 1487 4713 u.

180 4762 209 4774 -
240 4736 284 4786 33.
311 4735 347 4783 od
372 4734 457 4784 aaut:
484 4746 515 4783 uc
541 4734 688 4784 Ernestins.
719 4758 753 4768 -
799 4733 843 4784 33.
870 4737 936 4786 mat·
959 4735 1024 4786 mat
1047 4737 1111 4801 suut
1137 4735 1159 4784 1.
1187 4760 1221 4770 -
1263 4733 1308 4784 37.
1334 4738 1381 4782 aut
1408 4734 1490 4782 ettam

176 4809 230 4857 stas
254 4804 372 4855 moestu
399 4804 443 4854 ul.
481 4803 545 4866 (cut
566 4818 623 4854 cum
645 4811 746 4855 meanto
767 4803 857 4868 ploriu
880 4813 928 4857 aut
951 4812 1018 4858 rsrts
1040 4806 1096 4858 susc
1118 4805 1237 4857 molsstiu
1262 4803 1489 4877 medicantum

175 4870 341 4939 Manutius.)
