3256 5400
190 227 250 292 tts
610 225 885 292 astsrobttatttt
905 226 958 290 Ab
979 224 1070 290 Fati.

658 387 725 448 ss.
769 383 816 466 (A.
843 387 874 449 u
896 386 927 450 e.
950 382 1035 466 πο.)

638 515 780 580 CICERO
803 515 999 580 TREBATIO
1022 515 1053 578 S.

272 642 300 704 1.
321 633 494 702 Amabilior
514 634 591 700 mibi
607 634 695 701 Velia
715 634 790 708 luit,
812 634 897 722 quod
919 643 950 699 te
971 632 1010 700 ab
1032 655 1070 699 ea
1089 633 1173 700 sensi
1191 633 1301 702 amari.
1344 631 1408 701 Sed
1427 633 1504 722 quid

187 751 246 817 ego
272 730 371 796 dicam
388 739 434 804 te,
456 750 550 816 quem
567 729 637 815 quis
658 750 721 795 non
740 734 842 793 amat?
873 727 981 803 liuiio,
1003 728 1235 805 mediusfidius,
1256 739 1328 796 tuus
1352 730 1397 798 ita
1422 729 1505 795 desi·

163 824 372 896 sderabatur,
400 831 435 887 ut
455 823 481 887 si
505 832 587 887 esset
606 843 687 887 unus
712 843 730 887 e
757 820 858 887 nobis.
901 821 964 887 Sed
988 832 1019 888 te
1044 844 1187 908 egenen
1209 825 1426 910 reprebendo,
1449 822 1504 910 qui

184 918 271 984 illum
302 917 341 982 ad
373 916 619 982 aedificationem
645 926 730 981 tuam
754 914 944 982 traduxeris.
998 920 1194 1004 Quamquam
1225 919 1308 984 enim
1329 920 1418 987 Velia
1439 940 1503 987 non

184 1022 232 1078 est
250 1012 344 1078 vilior
364 1033 457 1097 quam
482 1009 654 1097 Lupercal,
683 1019 788 1074 tanmn
811 1008 891 1074 istuc
913 1009 1107 1097 malequam
1126 1009 1204 1076 baec
1229 1011 1343 1078 omnia.
1385 1019 1453 1086 Tu,
1476 1012 1504 1078 si

184 1128 235 1173 me
255 1105 379 1181 audies,
402 1126 496 1191 quem
516 1105 614 1178 soles,
637 1103 692 1167 bas
706 1112 850 1187 paternas
869 1102 1084 1187 possessiones
1099 1104 1220 1170 tenebis
1242 1140 1282 1151 -
1303 1106 1411 1172 neseio
1426 1105 1503 1193 quid

184 1200 267 1265 enim
283 1200 442 1267 Velienses
459 1196 649 1263 verebantur
664 1232 719 1269 -,
735 1216 837 1283 neque
858 1197 1009 1270 Haletem,
1030 1196 1167 1263 nobilem
1190 1219 1322 1274 amnem,
1343 1199 1503 1286 relinques

148 1315 241 1358 innoc
258 1293 453 1378 Papirianam
471 1291 599 1356 domum
620 1290 762 1355 deseres:
785 1310 974 1376 quamquam
998 1289 1051 1355 illa
1077 1290 1204 1377 quidem
1232 1288 1324 1357 babet
1345 1291 1460 1366 lotum,
1483 1313 1502 1357 a

183 1408 248 1474 qno
267 1387 360 1451 etiam
383 1386 520 1450 advenae
539 1384 639 1449 teneri
659 1383 773 1461 solent;
796 1403 890 1470 quem
909 1391 1011 1447 tamen
1033 1383 1060 1449 si
1079 1384 1255 1458 excideris,
1277 1386 1408 1452 multum
1428 1406 1502 1472 pro·

183 1481 336 1567 spexeris.
378 1484 408 1544 2.
431 1478 493 1544 Sed
515 1479 547 1542 in
568 1477 677 1564 primis
694 1485 906 1563 opportunum
925 1475 1066 1553 videtur,
1089 1477 1137 1542 bis
1151 1478 1336 1563 praesertim
1352 1478 1501 1564 tempori·

183 1574 258 1648 bus,
280 1571 397 1638 babere
414 1571 608 1658 perfugium,
631 1571 768 1657 primum
784 1590 895 1634 eorum
915 1568 1043 1644 urbem,
1065 1569 1179 1657 quibus
1194 1571 1365 1644 amussis,
1389 1570 1503 1636 deinde

184 1678 267 1733 tuam
287 1666 414 1732 domum
430 1675 561 1750 tuosque
576 1683 688 1748 agros;
717 1683 817 1748 eaque
832 1669 971 1734 remoto,
995 1662 1128 1738 salubri,
1150 1665 1383 1743 amoenoloeo;
1405 1664 1503 1753 idque

150 1760 276 1826 raetiam
296 1780 364 1823 mea
384 1759 548 1830 interesse,
571 1756 614 1821 mi
636 1754 778 1831 Trebati,
800 1754 949 1820 arbitror.
993 1756 1056 1822 Sed
1076 1757 1195 1823 valebis
1220 1779 1353 1844 meaque
1377 1759 1503 1843 negotia

184 1852 303 1919 videbis
323 1872 436 1939 meque
458 1851 506 1916 dis
529 1848 707 1916 iuvantibus
729 1859 801 1914 ante
828 1849 973 1915 brumam
996 1850 1203 1938 exspectabis.
1245 1856 1276 1916 3.
1298 1855 1365 1936 Ego
1388 1873 1405 1917 a
1427 1856 1501 1917 Sex.

183 1947 295 2021 Fadio,
329 1946 455 2011 Niconis
477 1944 644 2031 discipulo,
674 1943 790 2008 librum
812 1942 925 2008 abstuli
946 1946 1094 2022 Νίκωνος
1115 1957 1189 2029 περὶ
1211 1952 1429 2029 πολυφαγίας.
1474 1947 1501 2011 0

183 2041 337 2107 medicum
356 2062 485 2106 suavem
506 2058 618 2124 meque
640 2036 772 2102 docilem
793 2036 832 2101 ad
854 2037 934 2102 banc
948 2037 1156 2125 disciplinam!
1185 2037 1247 2105 Sed
1264 2043 1377 2104 Bassus
1395 2048 1502 2104 noster

184 2155 233 2198 me
257 2134 296 2199 de
318 2134 378 2199 boc
398 2132 480 2199 libro
499 2132 626 2209 celavit;
659 2130 842 2217 tequidem
871 2151 935 2197 non
959 2130 1094 2200 videtur.
1146 2137 1264 2199 Ventus
1288 2131 1500 2199 increbrescit·

147 2247 173 2289 eo
183 2233 264 2294 Cura
286 2237 320 2292 ut
341 2228 456 2295 valeas.
497 2246 577 2292 xnr.
598 2224 666 2292 Kal.
689 2225 798 2290 Sextii.
820 2224 919 2291 Velia.

643 2395 726 2459 sxa
770 2335 818 2478 (l.
845 2396 876 2460 u
899 2395 931 2458 c
953 2390 1039 2477 rto.)

603 2525 745 2590 CICERO
771 2525 967 2588 TREBA'l'lO
990 2527 1082 2591 SD.

267 2645 334 2711 Silii
355 2667 481 2710 causam
503 2654 533 2710 te
557 2644 662 2710 docui.
716 2649 746 2710 ls
770 2652 879 2730 postea
906 2643 967 2709 luit
990 2644 1076 2731 apud
1100 2664 1162 2710 me.
1216 2648 1294 2711 Cum
1311 2644 1340 2710 ei
1362 2644 1501 2710 dicerem

147 2739 239 2804 esebi
272 2739 373 2805 videri
401 2738 601 2824 sponsionem
624 2738 709 2803 illam
741 2757 799 2802 nos
821 2737 888 2802 sine
909 2737 1050 2823 periculo
1071 2737 1178 2804 lacere
1200 2758 1313 2824 posse,
1336 2742 1371 2805 Si
1393 2757 1501 2804 aoso·

183 2852 255 2898 nvu
277 2838 461 2898 Tvarrama
484 2850 733 2897 nossessiones
755 2833 794 2908 Q.
816 2833 941 2896 enarro
965 2850 1119 2896 raasson
1133 2851 1180 2898 ax
1195 2851 1321 2898 antero
1337 2851 1402 2900 svo
1420 2849 1500 2897 urar

182 2945 304 3000 naurs,
341 2947 455 3011 negare
482 2924 583 2990 aiebat
605 2925 749 2990 Serrium
767 2922 887 2990 tabulas
909 2923 1086 2989 testamenti
1111 2945 1180 2990 esse
1206 2945 1280 3000 eas,
1316 2943 1394 3012 quas
1413 2923 1500 2989 insti·

183 3019 292 3085 tuisset
312 3020 360 3093 is,
402 3019 458 3106 qui
493 3019 660 3084 factionem
696 3017 870 3083 testamenti
898 3038 962 3082 non
986 3015 1148 3095 babuerit;
1181 3017 1241 3084 boc
1265 3017 1350 3083 idem
1374 3016 1500 3082 Ofilium

183 3113 303 3192 dicere;
343 3123 445 3180 tecum
479 3135 513 3178 se
542 3113 680 3179 locutum
705 3110 855 3197 negabat,
891 3132 1005 3199 meque
1032 3112 1171 3197 rogavit,
1206 3121 1242 3179 ut
1263 3133 1296 3177 se
1316 3121 1347 3176 et
1375 3129 1501 3176 causam

146 3224 272 3272 usuam
301 3205 356 3272 tibi
381 3207 643 3273 commendarem.
685 3211 749 3271 Nec
772 3206 821 3270 vir
841 3204 973 3280 melior,
996 3204 1039 3271 mi
1061 3209 1170 3282 Testa,
1192 3226 1252 3271 nee
1272 3203 1348 3270 mibi
1369 3203 1501 3269 amicior

182 3305 215 3366 P.
239 3301 315 3367 Silio
334 3300 499 3388 quisquam
520 3309 582 3373 est,
605 3308 635 3364 te
657 3307 762 3364 tamen
785 3308 928 3385 excepto.
973 3298 1189 3365 Gratissimum
1204 3298 1281 3365 mibi
1302 3297 1399 3384 igitur
1418 3298 1501 3363 lece·

182 3392 248 3467 ris,
280 3393 308 3458 si
330 3393 368 3458 ad
391 3415 462 3459 eum
484 3392 569 3458 ultm
594 3391 718 3457 veneris
744 3391 838 3479 eique
865 3391 1022 3478 pollicitus
1052 3391 1132 3470 eris;
1162 3391 1235 3468 sed,
1271 3391 1298 3457 si
1320 3413 1372 3458 me
1395 3413 1500 3467 amas,

183 3487 445 3576 quamprimum.
487 3490 555 3552 lloc
580 3494 611 3552 te
632 3486 833 3551 vehementer
855 3485 948 3552 etiam
970 3494 1064 3573 atque
1085 3485 1179 3552 etiam
1199 3504 1290 3572 rogo.

641 3657 742 3719 XXII.
785 3652 883 3739 (Anno
904 3652 1042 3729 incerto.)

147 3803 173 3844 aa
635 3785 778 3851 CICERO
800 3784 996 3850 TREBATIO
1019 3787 1050 3850 S.

266 3906 413 3972 llluseras
429 3905 499 3971 beri
516 3904 598 3970 inter
616 3904 765 3993 scyphos,
789 3904 875 3990 quod
889 3904 1031 3969 dixeram
1048 3904 1297 3971 controversiam
1316 3924 1407 3980 esse,
1428 3924 1503 3990 pos·

184 4007 271 4064 setne
291 3999 398 4074 beres,
420 3998 506 4086 quod
526 3999 645 4064 lurtum
669 4007 760 4063 antea
783 3999 899 4063 laetum
921 4006 1022 4074 esset,
1044 3997 1119 4064 furti
1133 4009 1218 4064 recte
1235 4018 1339 4084 agere.
1381 4001 1501 4084 Itaque,

185 4093 242 4157 etsi
262 4093 391 4157 domum
408 4092 488 4157 bene
505 4103 597 4178 potus
613 4112 749 4178 seroque
772 4092 946 4166 redieram,
969 4102 1073 4157 umen
1090 4091 1121 4156 id
1134 4100 1241 4178 caput,
1263 4091 1319 4157 ubi
1335 4090 1412 4156 baec
1425 4110 1502 4156 een·

185 4187 337 4253 troversia
359 4196 423 4262 est,
459 4187 563 4253 notavi
583 4196 614 4253 et
633 4185 823 4270 descriptum
846 4183 903 4250 tibi
922 4184 1009 4258 misi,
1038 4194 1074 4250 nt
1097 4184 1193 4250 scires
1211 4183 1261 4258 id,
1284 4182 1370 4271 qnod
1389 4193 1424 4249 tu
1445 4202 1501 4248 ne·

148 4282 300 4346 *andnam
320 4282 452 4346 sensisse
474 4279 614 4354 dicebas,
636 4283 710 4344 Sex.
727 4280 866 4352 Aelium,
888 4283 938 4344 Μ’.
954 4278 1132 4354 Manilium,
1152 4282 1195 4344 11.
1208 4284 1341 4346 Brutum
1356 4277 1500 4345 sensisse.

186 4381 252 4459 Ego
273 4385 377 4440 nmen
399 4374 567 4440 Scaevolae
588 4381 620 4437 et
640 4378 749 4437 Testae
770 4371 935 4437 assentior.

253 4575 281 4625 5.
307 4582 331 4625 te
349 4588 395 4639 epo
412 4573 457 4623 M:
495 4586 540 4637 epo
559 4579 583 4624 te
601 4572 632 4623 E.
661 4593 693 4608 -
727 4572 755 4622 S.
787 4569 902 4622 Haletem
919 4570 977 4632 Vb,
1007 4569 1144 4621 stretton
1161 4571 1193 4621 li.
1221 4593 1252 4606 -
1289 4569 1333 4621 17.
1360 4571 1500 4633 νείκωνος

185 4645 274 4694 11-
311 4646 353 4694 tii.
380 4644 541 4692 increbrescit
567 4643 611 4693 il:
638 4641 785 4691 webacit
803 4640 834 4690 11.
855 4664 887 4676 -
921 4639 966 4690 Sd.
993 4640 1089 4690 viderit
1105 4640 1143 4690 11.
1163 4666 1195 4679 -
1220 4638 1316 4691 siit:
1336 4639 1423 4690 11111.
1442 4637 1498 4689 etr.

186 4714 312 4764 llnseblre
330 4714 451 4764 Studien.
472 4710 557 4762 Bresl.
577 4711 654 4762 1830.
674 4712 696 4761 1.
716 4726 742 4774 p.
763 4712 778 4761 1
802 4723 880 4774 seqq.
912 4735 941 4747 -
978 4709 1023 4761 27.
1042 4709 1154 4760 DEDI?
1169 4710 1198 4760 11
1207 4723 1215 4759 a
1241 4708 1399 4759 babent?
1415 4706 1446 4758 ll.
1468 4731 1499 4745 -

185 4785 229 4835 ss.
249 4781 360 4850 Ofilium]
382 4783 500 4849 Officium
518 4782 555 4832 Μ.
593 4780 768 4844 Ciciligest.
789 4779 926 4841 1,1,14.
959 4803 989 4816 -
1027 4778 1154 4831 3111111
1170 4781 1253 4846 ipitttr
1269 4779 1312 4830 M:
1337 4780 1421 4845 (σίων
1436 4777 1501 4829 mibi

187 4856 216 4904 11.
238 4878 268 4891 -
304 4855 348 4904 to.
367 4854 405 4905 11.
424 4853 565 4905 Manilium
583 4851 620 4903 11.
