3256 5400
181 268 241 330 136
612 259 887 325 EPlSTOLARUbl
907 261 960 323 All
982 260 1073 323 FAM.

179 425 290 499 sciam,
319 421 375 489 sed
397 419 481 508 quod
504 419 580 483 mibi
602 417 874 504 persuasissimum
896 426 943 481 est
965 415 1116 502 Lepidum
1139 428 1222 481 recte
1245 415 1400 482 iacturum
1422 438 1502 481 nun·

178 540 286 606 quam,
309 517 337 582 si
358 515 439 581 lorte
462 512 552 579 vobis
573 512 606 578 id
629 513 668 578 de
689 512 749 578 hoc
771 510 901 576 dubium
921 521 977 576 est.
1021 511 1167 575 Plancum
1188 531 1315 596 quoque
1336 510 1503 576 confirmo·

179 613 218 677 tis
240 632 316 685 oro,
353 630 448 697 quem
470 627 565 693 spero
587 607 677 692 pulso
699 606 835 672 Antonio
856 607 905 671 rei
926 604 1070 692 publicae
1092 628 1154 671 uon
1176 606 1368 671 delaturum.
1411 603 1445 669 si
1467 625 1502 669 se

178 704 271 791 Alpes
291 702 443 770 Antonius
464 701 637 775 traiecerit,
659 700 806 767 constitui
823 700 1013 786 praesidium
1034 699 1068 764 in
1088 699 1217 787 Alpibus
1240 699 1396 765 collocare
1417 706 1449 762 et
1470 709 1502 762 te

156 798 218 865 ade
240 797 326 866 omni
347 817 383 862 re
404 795 508 861 lacere
529 795 706 860 certiorem.
751 813 802 859 111.
825 795 893 859 Kal.
915 799 1029 869 Maias,
1052 815 1093 858 ex
1114 793 1237 869 eastris,
1261 792 1358 877 liegii.

662 938 701 998 x.
743 933 792 1017 (A.
818 937 851 999 a.
873 937 905 999 c.
928 938 1013 1005 711.)

536 1053 574 1115 u.
595 1050 742 1112 ananus
765 1051 797 1111 s.
819 1051 856 1110 o.
879 1050 920 1111 u.
942 1048 1137 1112 cicnnoru.

265 1176 293 1238 l.
315 1176 383 1237 Non
398 1169 476 1235 mibi
489 1189 557 1234 rem
578 1168 733 1255 publicam
752 1167 821 1253 plus
843 1165 961 1231 debere
983 1166 1124 1232 arbitror
1144 1189 1237 1254 quam
1261 1189 1311 1232 me
1332 1167 1399 1234 tibi.
1423 1173 1501 1234 Gra·

178 1267 291 1334 tiorem
312 1285 362 1330 me
384 1284 452 1329 esse
474 1263 506 1326 in
528 1270 558 1326 te
579 1281 692 1347 posse,
715 1281 809 1347 quam
831 1260 881 1325 isti
903 1261 1047 1347 perversi
1068 1261 1130 1326 siut
1151 1261 1183 1326 in
1205 1282 1272 1338 me,
1296 1263 1501 1349 exploratum

143 1359 290 1437 ¹⁰bebes3
313 1357 389 1439 †sit
410 1378 449 1421 an
471 1356 531 1420 boc
552 1363 693 1440 tempore
714 1354 742 1418 is
764 1352 929 1419 videantur
950 1354 1012 1419 dici
1033 1376 1146 1428 causa,
1169 1355 1293 1420 mallem
1315 1367 1403 1423 tuum
1418 1359 1502 1423 iudi-

177 1454 276 1528 cium,
299 1473 393 1539 quam
415 1472 456 1514 ex
478 1449 575 1514 altera
596 1458 684 1534 parte
706 1447 846 1512 omnium
869 1448 1011 1513 istorum.
1054 1453 1101 1513 Tu
1122 1449 1205 1515 enim
1229 1459 1338 1534 aperto
1353 1472 1447 1516 sensu
1470 1459 1500 1515 et

177 1568 255 1614 vero
286 1544 404 1611 iudicas
432 1542 471 1607 de
505 1541 614 1618 nobis;
649 1539 734 1626 quod
761 1541 814 1606 isti
846 1563 884 1606 ne
917 1541 1045 1615 iaciant,
1079 1564 1199 1606 summa
1230 1543 1446 1608 malevolentia
1470 1556 1501 1610 et

176 1640 276 1707 livore
297 1636 520 1724 impediuntur.
562 1634 764 1720 Interpelleut
785 1656 851 1708 me,
874 1656 937 1721 quo
961 1635 1062 1699 miuus
1084 1635 1256 1700 honoratus
1273 1636 1348 1709 sim,
1371 1637 1445 1703 dum
1461 1658 1501 1701 ne

176 1732 389 1819 interpellent,
422 1751 485 1817 qno
513 1729 616 1794 minus
640 1726 837 1812 respublica
859 1749 877 1792 a
899 1749 950 1792 me
971 1728 1135 1792 commode
1157 1727 1367 1795 administrari
1390 1730 1499 1816 possit.

144 1830 268 1906 ¹³Quae
289 1834 405 1913 quanto
426 1824 520 1889 sitin
541 1822 704 1909 periculo,
726 1842 820 1908 quam
842 1832 955 1906 potero
977 1820 1161 1886 brevissime
1184 1843 1350 1908 exponam.
1379 1831 1409 1890 2.
1433 1831 1503 1890 Pri-

176 1942 263 1986 mum
285 1923 441 1994 omnium,
464 1926 611 2004 quantam
633 1914 901 2002 perturbationem
919 1936 1025 1981 rerum
1047 1914 1237 1980 urbanarum
1263 1917 1373 1983 allerat
1394 1918 1500 1983 obitus

176 2012 339 2079 consulum
372 2021 581 2098 quantamque
612 2008 813 2095 cupiditatem
846 2006 1026 2073 homiuibus
1058 2008 1175 2072 iniiciat
1196 2010 1350 2083 vacuitas,
1383 2033 1445 2076 non
1468 2021 1499 2075 te

176 2106 266 2191 fugit.
309 2105 390 2170 Satis
412 2126 463 2169 me
484 2104 580 2169 multa
602 2101 780 2186 scripsisse,
804 2122 884 2187 quae
905 2100 1016 2167 litteris
1031 2102 1242 2166 commendari
1257 2104 1392 2188 possint,
1416 2104 1502 2168 arbi-

177 2203 262 2276 tror;
295 2198 362 2263 scio
384 2197 483 2270 euim,
520 2196 571 2262 cui
592 2194 737 2261 scribam.
780 2200 810 2260 3.
833 2201 987 2261 Revertor
1007 2215 1090 2259 nunc
1110 2194 1149 2260 ad
1170 2197 1356 2272 Antonium,
1383 2198 1499 2282 quiex

140 2291 250 2377 ²⁰lupa
277 2311 349 2356 cum
380 2290 541 2377 parvulam
569 2310 695 2353 manum
727 2285 866 2374 peditum
895 2288 1024 2353 baberet
1044 2288 1227 2365 inermium,
1263 2291 1415 2375 ergastula
1438 2293 1502 2357 sol-

177 2385 281 2451 vendo
304 2405 458 2471 omneque
480 2403 578 2468 genus
608 2381 770 2448 bominum
798 2381 980 2468 arripiendo
1001 2382 1077 2448 satis
1097 2404 1245 2468 magnum
1267 2406 1431 2451 numerum
1454 2386 1502 2450 vi-

177 2479 270 2545 detur
299 2477 450 2543 olfecisse.
500 2480 569 2541 Huc
596 2475 725 2541 accessit
751 2497 860 2541 manus
889 2475 1042 2553 ventidii,
1079 2498 1159 2564 quae
1188 2485 1273 2543 trans
1303 2481 1500 2566 Apenninum

177 2572 291 2638 itinere
323 2571 404 2636 lacto
437 2570 618 2636 difficillimo
647 2568 686 2634 ad
715 2569 802 2636 Vada
830 2570 975 2655 pervenit
1003 2579 1096 2656 atque
1124 2570 1168 2635 ibi
1197 2592 1232 2636 se
1260 2594 1331 2638 cum
1364 2576 1501 2640 Antonio

177 2663 350 2731 coniunxit.
393 2668 447 2729 Est
475 2684 625 2729 numerus
653 2671 874 2727 veteranorum
896 2672 927 2726 et
948 2672 1139 2728 armatorum
1162 2669 1237 2729 satis
1257 2665 1406 2753 frequens
1428 2688 1499 2732 cum

140 2758 334 2825 ”Ventidio
376 2762 407 2822 4.
440 2756 573 2824 Consilia
595 2756 719 2821 Antonii
743 2756 820 2821 baec
840 2756 901 2820 sint
922 2777 1050 2821 necesse
1072 2767 1135 2823 est:
1156 2767 1210 2823 aut
1231 2758 1269 2823 ad
1291 2758 1443 2845 Lepidum
1466 2769 1501 2826 ut

177 2872 211 2917 se
232 2850 386 2927 conserat,
422 2851 449 2917 si
477 2851 642 2938 recipitur;
675 2858 729 2914 aut
756 2851 920 2936 Apennino
941 2849 1133 2937 Alpibusque
1156 2872 1189 2915 se
1213 2862 1314 2919 teneat
1336 2864 1368 2919 et
1388 2854 1501 2919 decur-

177 2944 318 3011 sionibus
340 2964 399 3030 per
421 2945 559 3032 equites,
582 2965 660 3030 quos
683 2942 778 3009 babet
798 2944 930 3016 multos,
952 2952 1054 3010 vastet
1074 2965 1112 3009 ea
1132 2944 1219 3019 loca,
1240 2945 1273 3010 in
1295 2968 1375 3033 quae
1396 2948 1501 3012 incur·

176 3038 271 3115 rerit;
294 3048 347 3103 aut
367 3059 479 3102 rursus
500 3038 587 3103 sein
609 3038 765 3103 Etruriam
786 3036 921 3112 referat,
943 3037 1029 3125 quod
1050 3058 1087 3102 ea
1101 3058 1176 3124 pars
1198 3038 1304 3104 ltaliae
1325 3045 1392 3106 sine
1408 3063 1501 3105 exer-

176 3132 240 3197 citu
268 3140 325 3196 est.
379 3129 501 3208 Quodsi
529 3151 580 3194 me
613 3135 727 3196 Caesar
755 3131 894 3196 audisset
921 3140 1014 3217 atquc
1040 3131 1236 3217 Apenninum
1258 3135 1433 3208 transisset,
1468 3135 1500 3200 in

139 3235 275 3290 lltantas
305 3223 461 3309 angustias
487 3223 654 3288 Antonium
687 3225 924 3311 compulissem,
959 3233 994 3289 nt
1020 3224 1127 3310 inopia
1155 3225 1260 3310 potius
1288 3248 1381 3313 qnam
1412 3228 1500 3293 lerro

177 3319 393 3385 conficeretur.
451 3316 514 3382 Sed
541 3339 642 3403 neque
671 3319 795 3384 Caesari
824 3318 974 3404 imperari
1001 3327 1104 3404 potest
1133 3339 1190 3383 nec
1211 3323 1325 3385 Caesar
1346 3322 1500 3387 exercitui

178 3434 253 3491 suo;
288 3409 373 3498 quod
395 3418 564 3495 utrumque
586 3409 756 3495 pessimum
778 3422 835 3477 est.
893 3416 971 3479 Cum
993 3412 1069 3478 baec
1092 3412 1165 3477 talia
1186 3413 1262 3488 sint,
1292 3415 1498 3500 quominus,

178 3505 262 3594 quod
284 3504 323 3568 ad
345 3524 396 3567 me
418 3500 599 3589 pertinebit,
637 3502 778 3568 bomines
800 3505 1015 3591 interpellent,
1047 3514 1083 3570 ut
1104 3507 1339 3593 suprascripsi,
1363 3529 1425 3571 non
1442 3508 1502 3571 im-

179 3599 285 3686 pedi03
307 3597 385 3662 baec
405 3594 668 3682 quemadmodum
691 3597 841 3682 explicari
862 3599 997 3684 possint,
1020 3607 1089 3673 aut,
1111 3620 1130 3663 a
1152 3609 1182 3663 te
1203 3619 1274 3665 cum
1298 3598 1500 3685 explicabun-

141 3707 244 3769 ³³tur,
281 3713 321 3757 ne
349 3691 573 3776 impediantur,
605 3689 711 3755 timeo.
769 3696 798 3755 5.
821 3691 913 3757 Alere
935 3692 996 3757 iam
1018 3692 1133 3757 milites
1156 3714 1219 3758 non
1240 3713 1378 3780 possum.
1421 3696 1499 3758 Cum

177 3787 216 3854 ad
238 3808 304 3852 rom
337 3783 493 3873 publicam
523 3782 713 3847 liberandam
735 3785 869 3861 accessi,
907 3788 977 3850 HS.
1001 3786 1077 3850 mibi
1099 3786 1159 3851 luit
1179 3788 1330 3872 pecuniae
1352 3786 1501 3873 quadrin-

177 3881 295 3966 genties
316 3879 460 3964 amplius.
503 3883 635 3942 Tantum
657 3875 758 3952 abest,
780 3886 815 3942 ut
836 3899 925 3943 meae
946 3879 993 3942 rei
1015 3878 1179 3945 familiaris
1201 3881 1331 3945 liberum
1356 3881 1395 3945 sit
1410 3880 1501 3966 quid-

177 3995 287 4062 quam,
319 3982 354 4038 ut
381 3993 490 4037 omnes
518 3971 581 4035 iarn
610 3990 697 4036 meos
725 3972 843 4037 amicos
870 3993 945 4037 aere
966 3972 1070 4038 alieno
1093 3973 1329 4039 obstrinxerim.
1373 3978 1499 4059 Septem

176 4088 309 4134 numero
344 4086 427 4132 nunc
460 4064 599 4149 legiones
634 4064 701 4141 alo;
734 4085 796 4152 qua
827 4064 1020 4139 difficultate,
1054 4075 1087 4130 tu
1119 4066 1283 4133 arbitrare.
1341 4073 1432 4140 Non,
1472 4066 1500 4131 si

247 4269 273 4317 1.
291 4263 338 4330 est]
360 4265 440 4316 etbl.
462 4289 491 4301 -
529 4264 556 4314 2.
575 4264 754 4316 aoblsidblz
773 4265 893 4316 onbirll.
916 4293 944 4304 -
982 4267 1009 4317 5.
1029 4267 1122 4317 Malim
1142 4269 1230 4332 llepio.
1251 4267 1302 4319 On.
1325 4292 1352 4303 -
1392 4269 1434 4318 13.
1454 4269 1501 4317 liu-

176 4338 236 4395 ba:
266 4339 301 4386 eit
319 4351 356 4386 on
373 4338 421 4385 boc
438 4341 551 4397 tempore
569 4334 592 4381 ie
611 4335 750 4383 uideantur
767 4336 819 4384 dici
839 4350 919 4387 cnuto
936 4337 1042 4386 mallem
1060 4345 1132 4387 tuam
1149 4338 1194 4387 bl:
1214 4339 1237 4386 si
1255 4345 1342 4388 tomen
1360 4339 1421 4388 llaec
1439 4346 1501 4387 tem·

172 4409 248 4471 poris
265 4408 405 4456 uideuatur
422 4406 474 4454 diei
492 4417 588 4462 cumo,
617 4406 695 4454 made
711 4418 751 4454 ms
768 4412 843 4454 tunm
863 4406 918 4466 Vb,
952 4408 976 4456 ai
995 4413 1083 4458 tomen
1100 4409 1147 4456 boc
1166 4411 1291 4470 temporis
1308 4409 1430 4458 uideatur
1448 4409 1501 4457 dici

176 4491 270 4537 roasa,
290 4477 367 4526 molle
385 4489 424 4524 me
444 4481 516 4522 tuum
537 4472 568 4522 li.
605 4471 743 4523 Excidisse
762 4475 895 4525 nonnulla
914 4477 1040 4527 videntur
1057 4483 1120 4527 ante
1139 4477 1219 4526 verbu
1238 4480 1290 4538 sit,
1318 4492 1354 4528 ou
1372 4480 1420 4527 Aoo
1439 4486 1501 4527 tem·

174 4549 249 4610 poris
274 4549 394 4596 aidemm
412 4546 465 4594 dici
483 4556 580 4598 causo,
612 4545 689 4594 molle
705 4558 745 4594 me
764 4552 847 4595 tuum.
880 4544 930 4596 On.
950 4573 985 4581 -
1021 4548 1063 4597 11.
1084 4555 1176 4609 operm
1196 4546 1326 4599 Orellius:
1346 4555 1436 4599 emta
1454 4548 1499 4606 bl,

175 4631 193 4666 a
211 4622 280 4666 certo
299 4616 330 4666 ll.
367 4614 407 4665 Cf.
428 4614 517 4662 lland.
537 4613 616 4663 Turn.
636 4614 658 4663 l.
680 4628 706 4676 p.
727 4615 770 4665 33.
802 4639 833 4650 -
871 4616 913 4665 13.
934 4617 1029 4666 leuiore
1047 4617 1164 4667 Ernestii
1183 4630 1294 4680 operae.
1317 4641 1352 4656 -
1388 4619 1430 4668 17.
1450 4632 1501 4667 ua·

175 4699 225 4735 eac
243 4688 336 4736 duitor
353 4684 515 4745 Madvigius.
552 4683 625 4733 fort.
644 4685 746 4734 indiciot
766 4685 796 4733 ll.
818 4685 848 4735 P.
868 4688 996 4736 vacuitas.
1016 4687 1067 4737 On.
1090 4713 1117 4723 -
1158 4687 1201 4737 18.
1221 4691 1391 4738 commentari
1408 4689 1446 4740 Μ.
1466 4712 1500 4722 -

174 4757 220 4806 33.
237 4757 353 4818 peditum
372 4755 415 4804 M:
434 4754 548 4802 militam
565 4752 597 4802 ll.
630 4777 662 4790 -
698 4754 743 4804 33.
770 4767 846 4804 rum
870 4755 909 4806 Μ.
938 4782 965 4794 ·-
1006 4757 1049 4806 33.
1067 4758 1118 4821 [uit
1136 4761 1260 4820 pausiae
1277 4758 1323 4808 ll:
1343 4759 1394 4822 fuit
1414 4758 1445 4808 li.
1465 4783 1500 4793 -

175 4824 220 4876 38.
238 4825 339 4888 Septem
361 4838 468 4874 numero
485 4837 554 4872 nune
572 4822 682 4886 lapiones
700 4823 835 4874 Orellius=
874 4826 976 4889 Septem
992 4841 1128 4878 numerum
1145 4841 1215 4877 nunc
1234 4827 1363 4892 lupianum
1381 4828 1428 4890 bl,
1456 4829 1500 4881 Sc·

173 4902 281 4959 pteuam
299 4908 433 4945 numerum
457 4889 546 4956 [nuru]
565 4894 694 4957 lspionam
711 4893 742 4944 ll.
