<?xml version="1.0" encoding="UTF-8"?>
<!DOCTYPE html PUBLIC "-//W3C//DTD XHTML 1.0 Transitional//EN"
    "http://www.w3.org/TR/xhtml1/DTD/xhtml1-transitional.dtd">
<html xmlns="http://www.w3.org/1999/xhtml" xml:lang="en" lang="en">
 <head>
  <title>
</title>
<meta http-equiv="Content-Type" content="text/html;charset=utf-8" />
  <meta name='ocr-system' content='tesseract 3.04.00' />
  <meta name='ocr-capabilities' content='ocr_page ocr_carea ocr_par ocr_line ocrx_word'/>
</head>
<body>
  <div class='ocr_page' id='page_1' title='image "./operaquaesupers06halmgoog_0366.png"; bbox 0 0 3256 5400; ppageno 0'>
   <div class='ocr_carea' id='block_1_1' title="bbox 181 201 1064 270">
    <p class='ocr_par' dir='ltr' id='par_1_1' title="bbox 181 201 1064 270">
     <span class='ocr_line' id='line_1_1' title="bbox 181 201 1064 270; baseline -0.005 -2"><span class='ocrx_word' id='word_1_1' title='bbox 181 207 243 270; x_wconf 78' lang='lat'>296</span> <span class='ocrx_word' id='word_1_2' title='bbox 606 201 879 268; x_wconf 83' lang='lat' dir='ltr'><strong>EPISTOLARUM</strong></span> <span class='ocrx_word' id='word_1_3' title='bbox 899 203 950 264; x_wconf 82' lang='grc' dir='ltr'>ΑΙ)</span> <span class='ocrx_word' id='word_1_4' title='bbox 972 202 1064 265; x_wconf 78' lang='lat' dir='ltr'>Fau.</span> 
     </span>
    </p>
   </div>
   <div class='ocr_carea' id='block_1_2' title="bbox 158 357 1502 913">
    <p class='ocr_par' dir='ltr' id='par_1_2' title="bbox 158 357 1502 913">
     <span class='ocr_line' id='line_1_2' title="bbox 181 357 1502 442; baseline -0.002 -15"><span class='ocrx_word' id='word_1_5' title='bbox 181 373 247 427; x_wconf 89' lang='lat' dir='ltr'>stus</span> <span class='ocrx_word' id='word_1_6' title='bbox 279 361 329 426; x_wconf 91' lang='lat' dir='ltr'>sui</span> <span class='ocrx_word' id='word_1_7' title='bbox 361 380 463 424; x_wconf 89' lang='lat' dir='ltr'>causa.</span> <span class='ocrx_word' id='word_1_8' title='bbox 507 361 619 423; x_wconf 85' lang='lat' dir='ltr'>Cautus</span> <span class='ocrx_word' id='word_1_9' title='bbox 649 359 707 432; x_wconf 92' lang='lat' dir='ltr'>sis,</span> <span class='ocrx_word' id='word_1_10' title='bbox 744 357 786 422; x_wconf 91' lang='lat' dir='ltr'>mi</span> <span class='ocrx_word' id='word_1_11' title='bbox 816 357 900 422; x_wconf 89' lang='lat' dir='ltr'>Tiro.</span> <span class='ocrx_word' id='word_1_12' title='bbox 942 361 1029 425; x_wconf 87' lang='lat' dir='ltr'>Mare</span> <span class='ocrx_word' id='word_1_13' title='bbox 1059 377 1204 442; x_wconf 90' lang='lat' dir='ltr'>magnum</span> <span class='ocrx_word' id='word_1_14' title='bbox 1233 367 1263 423; x_wconf 91' lang='lat' dir='ltr'>et</span> <span class='ocrx_word' id='word_1_15' title='bbox 1290 359 1418 424; x_wconf 83' lang='lat' dir='ltr'>difficile</span> <span class='ocrx_word' id='word_1_16' title='bbox 1440 357 1502 424; x_wconf 89' lang='lat' dir='ltr'>tibi</span> 
     </span>
     <span class='ocr_line' id='line_1_3' title="bbox 182 449 1500 539; baseline -0.002 -19"><span class='ocrx_word' id='word_1_17' title='bbox 182 463 286 520; x_wconf 88' lang='lat' dir='ltr'>restat.</span> <span class='ocrx_word' id='word_1_18' title='bbox 336 453 368 518; x_wconf 84' lang='lat' dir='ltr'>si</span> <span class='ocrx_word' id='word_1_19' title='bbox 398 451 532 539; x_wconf 87' lang='lat' dir='ltr'>poteris,</span> <span class='ocrx_word' id='word_1_20' title='bbox 565 473 636 514; x_wconf 90' lang='lat' dir='ltr'>cum</span> <span class='ocrx_word' id='word_1_21' title='bbox 657 451 820 526; x_wconf 84' lang='lat' dir='ltr'>blescinio;</span> <span class='ocrx_word' id='word_1_22' title='bbox 857 458 944 515; x_wconf 90' lang='lat' dir='ltr'>caute</span> <span class='ocrx_word' id='word_1_23' title='bbox 966 449 994 514; x_wconf 92' lang='lat' dir='ltr'>is</span> <span class='ocrx_word' id='word_1_24' title='bbox 1021 450 1101 516; x_wconf 91' lang='lat' dir='ltr'>solet</span> <span class='ocrx_word' id='word_1_25' title='bbox 1121 455 1288 536; x_wconf 89' lang='lat' dir='ltr'>navigare:</span> <span class='ocrx_word' id='word_1_26' title='bbox 1325 451 1500 525; x_wconf 85' lang='lat' dir='ltr'>siminus,</span> 
     </span>
     <span class='ocr_line' id='line_1_4' title="bbox 181 543 1502 631; baseline -0.002 -18"><span class='ocrx_word' id='word_1_27' title='bbox 181 571 252 613; x_wconf 89' lang='lat' dir='ltr'>cum</span> <span class='ocrx_word' id='word_1_28' title='bbox 273 548 403 613; x_wconf 87' lang='lat' dir='ltr'>honesto</span> <span class='ocrx_word' id='word_1_29' title='bbox 424 545 528 631; x_wconf 91' lang='lat' dir='ltr'>aliquo</span> <span class='ocrx_word' id='word_1_30' title='bbox 551 543 691 618; x_wconf 91' lang='lat' dir='ltr'>bomine,</span> <span class='ocrx_word' id='word_1_31' title='bbox 714 544 803 609; x_wconf 90' lang='lat' dir='ltr'>cuius</span> <span class='ocrx_word' id='word_1_32' title='bbox 823 543 1007 609; x_wconf 89' lang='lat' dir='ltr'>auctoritate</span> <span class='ocrx_word' id='word_1_33' title='bbox 1027 544 1234 610; x_wconf 82' lang='lat' dir='ltr'><strong>navicularius</strong></span> <span class='ocrx_word' id='word_1_34' title='bbox 1256 554 1433 611; x_wconf 92' lang='lat' dir='ltr'>moveatur.</span> <span class='ocrx_word' id='word_1_35' title='bbox 1463 549 1502 610; x_wconf 91' lang='lat' dir='ltr'>ln</span> 
     </span>
     <span class='ocr_line' id='line_1_5' title="bbox 181 636 1501 723; baseline -0.002 -18"><span class='ocrx_word' id='word_1_36' title='bbox 181 641 241 706; x_wconf 93' lang='lat' dir='ltr'>hoc</span> <span class='ocrx_word' id='word_1_37' title='bbox 271 659 395 705; x_wconf 89' lang='lat' dir='ltr'>omnem</span> <span class='ocrx_word' id='word_1_38' title='bbox 422 637 611 721; x_wconf 73' lang='lat' dir='ltr'>diligentiam</span> <span class='ocrx_word' id='word_1_39' title='bbox 640 637 666 702; x_wconf 94' lang='lat' dir='ltr'>si</span> <span class='ocrx_word' id='word_1_40' title='bbox 695 636 874 702; x_wconf 82' lang='lat' dir='ltr'>adhibueris</span> <span class='ocrx_word' id='word_1_41' title='bbox 902 645 995 723; x_wconf 89' lang='lat' dir='ltr'>teque</span> <span class='ocrx_word' id='word_1_42' title='bbox 1024 636 1114 702; x_wconf 93' lang='lat' dir='ltr'>nobis</span> <span class='ocrx_word' id='word_1_43' title='bbox 1142 637 1329 704; x_wconf 88' lang='lat' dir='ltr'>ineolumem</span> <span class='ocrx_word' id='word_1_44' title='bbox 1358 639 1501 713; x_wconf 87' lang='lat' dir='ltr'>stiteris,</span> 
     </span>
     <span class='ocr_line' id='line_1_6' title="bbox 158 729 1500 814; baseline -0.002 -14"><span class='ocrx_word' id='word_1_45' title='bbox 158 731 376 800; x_wconf 82' lang='lat' dir='ltr'>somniante</span> <span class='ocrx_word' id='word_1_46' title='bbox 398 729 531 797; x_wconf 88' lang='lat' dir='ltr'>habebo.</span> <span class='ocrx_word' id='word_1_47' title='bbox 588 731 689 796; x_wconf 87' lang='lat' dir='ltr'>Etiam</span> <span class='ocrx_word' id='word_1_48' title='bbox 710 739 802 814; x_wconf 87' lang='lat' dir='ltr'>atque</span> <span class='ocrx_word' id='word_1_49' title='bbox 824 730 933 804; x_wconf 85' lang='lat' dir='ltr'>etiam,</span> <span class='ocrx_word' id='word_1_50' title='bbox 969 739 1076 796; x_wconf 90' lang='lat' dir='ltr'>noster</span> <span class='ocrx_word' id='word_1_51' title='bbox 1103 731 1194 807; x_wconf 86' lang='lat' dir='ltr'>Tiro,</span> <span class='ocrx_word' id='word_1_52' title='bbox 1215 731 1295 798; x_wconf 85' lang='lat' dir='ltr'>vale.</span> <span class='ocrx_word' id='word_1_53' title='bbox 1350 731 1500 806; x_wconf 84' lang='lat' dir='ltr'>Medico,</span> 
     </span>
     <span class='ocr_line' id='line_1_7' title="bbox 182 823 1194 913; baseline 0.002 -22"><span class='ocrx_word' id='word_1_54' title='bbox 182 830 291 898; x_wconf 89' lang='lat' dir='ltr'>Curio,</span> <span class='ocrx_word' id='word_1_55' title='bbox 315 825 429 913; x_wconf 79' lang='lat' dir='ltr'>Lysoni</span> <span class='ocrx_word' id='word_1_56' title='bbox 450 824 489 890; x_wconf 89' lang='lat' dir='ltr'>de</span> <span class='ocrx_word' id='word_1_57' title='bbox 511 833 541 889; x_wconf 90' lang='lat' dir='ltr'>te</span> <span class='ocrx_word' id='word_1_58' title='bbox 563 824 674 909; x_wconf 86' lang='lat' dir='ltr'>scripsi</span> <span class='ocrx_word' id='word_1_59' title='bbox 696 823 938 909; x_wconf 79' lang='lat' dir='ltr'>diligentissime.</span> <span class='ocrx_word' id='word_1_60' title='bbox 981 825 1077 898; x_wconf 89' lang='lat' dir='ltr'>Vale,</span> <span class='ocrx_word' id='word_1_61' title='bbox 1099 825 1194 895; x_wconf 86' lang='lat' dir='ltr'>salve.</span> 
     </span>
    </p>
   </div>
   <div class='ocr_carea' id='block_1_3' title="bbox 659 991 1007 1077">
    <p class='ocr_par' dir='ltr' id='par_1_3' title="bbox 659 991 1007 1077">
     <span class='ocr_line' id='line_1_8' title="bbox 659 991 1007 1077; baseline 0 -21"><span class='ocrx_word' id='word_1_62' title='bbox 659 991 1007 1077; x_wconf 60' lang='lat' dir='ltr'>emnem)</span> 
     </span>
    </p>
   </div>
   <div class='ocr_carea' id='block_1_4' title="bbox 653 1115 1021 1180">
    <p class='ocr_par' dir='ltr' id='par_1_4' title="bbox 653 1115 1021 1180">
     <span class='ocr_line' id='line_1_9' title="bbox 653 1115 1021 1180; baseline -0.003 0"><span class='ocrx_word' id='word_1_63' title='bbox 653 1117 814 1180; x_wconf 87' lang='lat' dir='ltr'>TULLIUS</span> <span class='ocrx_word' id='word_1_64' title='bbox 835 1115 969 1179; x_wconf 85' lang='lat' dir='ltr'><strong>TIRONI</strong></span> <span class='ocrx_word' id='word_1_65' title='bbox 990 1118 1021 1179; x_wconf 87' lang='lat' dir='ltr'>S.</span> 
     </span>
    </p>
   </div>
   <div class='ocr_carea' id='block_1_5' title="bbox 145 1225 1499 2344">
    <p class='ocr_par' dir='ltr' id='par_1_5' title="bbox 145 1225 1499 2344">
     <span class='ocr_line' id='line_1_10' title="bbox 266 1225 1498 1312; baseline -0.002 -18"><span class='ocrx_word' id='word_1_66' title='bbox 266 1233 296 1294; x_wconf 87' lang='lat'>1.</span> <span class='ocrx_word' id='word_1_67' title='bbox 327 1232 394 1312; x_wconf 86' lang='lat' dir='ltr'>Ego</span> <span class='ocrx_word' id='word_1_68' title='bbox 415 1247 492 1292; x_wconf 88' lang='lat' dir='ltr'>vero</span> <span class='ocrx_word' id='word_1_69' title='bbox 514 1227 606 1312; x_wconf 92' lang='lat' dir='ltr'>cupio</span> <span class='ocrx_word' id='word_1_70' title='bbox 628 1237 658 1291; x_wconf 91' lang='lat' dir='ltr'>te</span> <span class='ocrx_word' id='word_1_71' title='bbox 679 1226 789 1290; x_wconf 89' lang='lat' dir='ltr'>adme</span> <span class='ocrx_word' id='word_1_72' title='bbox 812 1225 938 1304; x_wconf 89' lang='lat' dir='ltr'>venire;</span> <span class='ocrx_word' id='word_1_73' title='bbox 973 1226 1027 1291; x_wconf 91' lang='lat' dir='ltr'>sed</span> <span class='ocrx_word' id='word_1_74' title='bbox 1049 1226 1132 1292; x_wconf 77' lang='lat' dir='ltr'>mam</span> <span class='ocrx_word' id='word_1_75' title='bbox 1153 1227 1260 1293; x_wconf 89' lang='lat' dir='ltr'>timeo.</span> <span class='ocrx_word' id='word_1_76' title='bbox 1304 1227 1498 1293; x_wconf 84' lang='lat' dir='ltr'>Gravissime</span> 
     </span>
     <span class='ocr_line' id='line_1_11' title="bbox 148 1318 1498 1408; baseline -0.005 -16"><span class='ocrx_word' id='word_1_77' title='bbox 148 1323 364 1408; x_wconf 74' lang='lat' dir='ltr'>roaegrotasti,</span> <span class='ocrx_word' id='word_1_78' title='bbox 401 1319 504 1385; x_wconf 87' lang='lat' dir='ltr'>inedia</span> <span class='ocrx_word' id='word_1_79' title='bbox 535 1329 565 1385; x_wconf 87' lang='lat' dir='ltr'>et</span> <span class='ocrx_word' id='word_1_80' title='bbox 596 1318 832 1406; x_wconf 73' lang='lat' dir='ltr'>purgationibus</span> <span class='ocrx_word' id='word_1_81' title='bbox 861 1328 892 1383; x_wconf 89' lang='lat' dir='ltr'>et</span> <span class='ocrx_word' id='word_1_82' title='bbox 920 1319 950 1384; x_wconf 91' lang='lat' dir='ltr'>vi</span> <span class='ocrx_word' id='word_1_83' title='bbox 981 1319 1080 1404; x_wconf 92' lang='lat' dir='ltr'>ipsius</span> <span class='ocrx_word' id='word_1_84' title='bbox 1103 1319 1203 1385; x_wconf 93' lang='lat' dir='ltr'>morbi</span> <span class='ocrx_word' id='word_1_85' title='bbox 1226 1331 1428 1407; x_wconf 88' lang='lat' dir='ltr'>consumptus</span> <span class='ocrx_word' id='word_1_86' title='bbox 1451 1342 1498 1386; x_wconf 89' lang='lat' dir='ltr'>cs.</span> 
     </span>
     <span class='ocr_line' id='line_1_12' title="bbox 183 1413 1499 1500; baseline -0.004 -18"><span class='ocrx_word' id='word_1_87' title='bbox 183 1420 299 1482; x_wconf 87' lang='lat' dir='ltr'>Graves</span> <span class='ocrx_word' id='word_1_88' title='bbox 321 1415 421 1480; x_wconf 88' lang='lat' dir='ltr'>solent</span> <span class='ocrx_word' id='word_1_89' title='bbox 442 1413 630 1478; x_wconf 80' lang='lat' dir='ltr'>offensiones</span> <span class='ocrx_word' id='word_1_90' title='bbox 652 1435 720 1478; x_wconf 91' lang='lat' dir='ltr'>esse</span> <span class='ocrx_word' id='word_1_91' title='bbox 741 1435 781 1478; x_wconf 83' lang='lat' dir='ltr'>ex</span> <span class='ocrx_word' id='word_1_92' title='bbox 803 1413 951 1498; x_wconf 89' lang='lat' dir='ltr'>gravibus</span> <span class='ocrx_word' id='word_1_93' title='bbox 973 1413 1111 1488; x_wconf 81' lang='lat' dir='ltr'>morbis,</span> <span class='ocrx_word' id='word_1_94' title='bbox 1148 1414 1174 1479; x_wconf 92' lang='lat' dir='ltr'>si</span> <span class='ocrx_word' id='word_1_95' title='bbox 1196 1436 1275 1500; x_wconf 90' lang='lat' dir='ltr'>quac</span> <span class='ocrx_word' id='word_1_96' title='bbox 1297 1413 1388 1498; x_wconf 87' lang='lat' dir='ltr'>culpa</span> <span class='ocrx_word' id='word_1_97' title='bbox 1410 1434 1499 1479; x_wconf 91' lang='lat' dir='ltr'>com-</span> 
     </span>
     <span class='ocr_line' id='line_1_13' title="bbox 183 1505 1498 1592; baseline -0.002 -18"><span class='ocrx_word' id='word_1_98' title='bbox 183 1509 275 1574; x_wconf 88' lang='lat' dir='ltr'>missa</span> <span class='ocrx_word' id='word_1_99' title='bbox 301 1516 356 1573; x_wconf 91' lang='lat' dir='ltr'>est.</span> <span class='ocrx_word' id='word_1_100' title='bbox 406 1513 470 1573; x_wconf 91' lang='lat' dir='ltr'>lam</span> <span class='ocrx_word' id='word_1_101' title='bbox 493 1507 531 1572; x_wconf 90' lang='lat' dir='ltr'>ad</span> <span class='ocrx_word' id='word_1_102' title='bbox 553 1507 585 1572; x_wconf 93' lang='lat' dir='ltr'>id</span> <span class='ocrx_word' id='word_1_103' title='bbox 606 1506 755 1580; x_wconf 90' lang='lat' dir='ltr'>biduum,</span> <span class='ocrx_word' id='word_1_104' title='bbox 789 1506 873 1592; x_wconf 92' lang='lat' dir='ltr'>quod</span> <span class='ocrx_word' id='word_1_105' title='bbox 895 1505 993 1572; x_wconf 86' lang='lat' dir='ltr'>lucris</span> <span class='ocrx_word' id='word_1_106' title='bbox 1014 1507 1046 1571; x_wconf 92' lang='lat' dir='ltr'>in</span> <span class='ocrx_word' id='word_1_107' title='bbox 1067 1506 1135 1583; x_wconf 89' lang='lat' dir='ltr'>via,</span> <span class='ocrx_word' id='word_1_108' title='bbox 1172 1506 1245 1572; x_wconf 93' lang='lat' dir='ltr'>dum</span> <span class='ocrx_word' id='word_1_109' title='bbox 1269 1512 1299 1571; x_wconf 93' lang='lat' dir='ltr'>in</span> <span class='ocrx_word' id='word_1_110' title='bbox 1322 1511 1498 1571; x_wconf 89' lang='lat' dir='ltr'>Cumanum</span> 
     </span>
     <span class='ocr_line' id='line_1_14' title="bbox 182 1599 1497 1687; baseline -0.005 -19"><span class='ocrx_word' id='word_1_111' title='bbox 182 1604 287 1676; x_wconf 89' lang='lat' dir='ltr'>venis,</span> <span class='ocrx_word' id='word_1_112' title='bbox 310 1601 456 1668; x_wconf 85' lang='lat' dir='ltr'>accedent</span> <span class='ocrx_word' id='word_1_113' title='bbox 477 1602 624 1667; x_wconf 88' lang='lat' dir='ltr'>continuo</span> <span class='ocrx_word' id='word_1_114' title='bbox 646 1601 685 1664; x_wconf 93' lang='lat' dir='ltr'>ad</span> <span class='ocrx_word' id='word_1_115' title='bbox 706 1601 842 1664; x_wconf 92' lang='lat' dir='ltr'>reditum</span> <span class='ocrx_word' id='word_1_116' title='bbox 864 1599 930 1664; x_wconf 91' lang='lat' dir='ltr'>dies</span> <span class='ocrx_word' id='word_1_117' title='bbox 952 1601 1099 1687; x_wconf 87' lang='lat' dir='ltr'>quinquo.</span> <span class='ocrx_word' id='word_1_118' title='bbox 1140 1604 1207 1684; x_wconf 89' lang='lat' dir='ltr'>Ego</span> <span class='ocrx_word' id='word_1_119' title='bbox 1229 1600 1259 1665; x_wconf 95' lang='lat' dir='ltr'>in</span> <span class='ocrx_word' id='word_1_120' title='bbox 1282 1599 1450 1664; x_wconf 92' lang='lat' dir='ltr'>Formiano</span> <span class='ocrx_word' id='word_1_121' title='bbox 1468 1620 1497 1663; x_wconf 86' lang='lat' dir='ltr'>a.</span> 
     </span>
     <span class='ocr_line' id='line_1_15' title="bbox 183 1692 1497 1766; baseline -0.004 -5"><span class='ocrx_word' id='word_1_122' title='bbox 183 1696 213 1761; x_wconf 96' lang='lat' dir='ltr'>d.</span> <span class='ocrx_word' id='word_1_123' title='bbox 244 1716 294 1764; x_wconf 93' lang='grc' dir='ltr'>ιιι.</span> <span class='ocrx_word' id='word_1_124' title='bbox 319 1696 386 1761; x_wconf 80' lang='lat' dir='ltr'>ltal.</span> <span class='ocrx_word' id='word_1_125' title='bbox 415 1717 482 1760; x_wconf 88' lang='lat' dir='ltr'>esse</span> <span class='ocrx_word' id='word_1_126' title='bbox 509 1696 591 1760; x_wconf 92' lang='lat' dir='ltr'>volo.</span> <span class='ocrx_word' id='word_1_127' title='bbox 648 1693 695 1758; x_wconf 93' lang='lat' dir='ltr'>lbi</span> <span class='ocrx_word' id='word_1_128' title='bbox 723 1704 753 1757; x_wconf 92' lang='lat' dir='ltr'>to</span> <span class='ocrx_word' id='word_1_129' title='bbox 780 1702 814 1759; x_wconf 93' lang='lat' dir='ltr'>ut</span> <span class='ocrx_word' id='word_1_130' title='bbox 842 1693 966 1759; x_wconf 89' lang='lat' dir='ltr'>lirmum</span> <span class='ocrx_word' id='word_1_131' title='bbox 989 1692 1162 1766; x_wconf 82' lang='lat' dir='ltr'>offendam,</span> <span class='ocrx_word' id='word_1_132' title='bbox 1199 1694 1241 1757; x_wconf 95' lang='lat' dir='ltr'>mi</span> <span class='ocrx_word' id='word_1_133' title='bbox 1264 1695 1358 1765; x_wconf 88' lang='lat' dir='ltr'>Tiro,</span> <span class='ocrx_word' id='word_1_134' title='bbox 1395 1692 1497 1756; x_wconf 85' lang='lat' dir='ltr'>effice.</span> 
     </span>
     <span class='ocr_line' id='line_1_16' title="bbox 148 1785 1498 1871; baseline -0.005 -14"><span class='ocrx_word' id='word_1_135' title='bbox 148 1795 211 1857; x_wconf 69' lang='lat' dir='ltr'>ssi.</span> <span class='ocrx_word' id='word_1_136' title='bbox 234 1790 401 1855; x_wconf 90' lang='lat' dir='ltr'>Litterulae</span> <span class='ocrx_word' id='word_1_137' title='bbox 423 1812 511 1854; x_wconf 87' lang='lat' dir='ltr'>meac</span> <span class='ocrx_word' id='word_1_138' title='bbox 533 1790 599 1853; x_wconf 89' lang='lat' dir='ltr'>sive</span> <span class='ocrx_word' id='word_1_139' title='bbox 620 1799 744 1852; x_wconf 88' lang='lat' dir='ltr'>nostrae</span> <span class='ocrx_word' id='word_1_140' title='bbox 765 1787 811 1852; x_wconf 85' lang='lat' dir='ltr'>tui</span> <span class='ocrx_word' id='word_1_141' title='bbox 835 1785 992 1852; x_wconf 88' lang='lat' dir='ltr'>desiderio</span> <span class='ocrx_word' id='word_1_142' title='bbox 1014 1785 1251 1871; x_wconf 89' lang='lat' dir='ltr'>oblanguerunt.</span> <span class='ocrx_word' id='word_1_143' title='bbox 1304 1791 1369 1850; x_wconf 90' lang='lat' dir='ltr'>llac</span> <span class='ocrx_word' id='word_1_144' title='bbox 1390 1795 1498 1850; x_wconf 88' lang='lat' dir='ltr'>tamen</span> 
     </span>
     <span class='ocr_line' id='line_1_17' title="bbox 183 1880 1498 1968; baseline -0.002 -21"><span class='ocrx_word' id='word_1_145' title='bbox 183 1883 331 1967; x_wconf 88' lang='lat' dir='ltr'>epistola,</span> <span class='ocrx_word' id='word_1_146' title='bbox 368 1905 461 1968; x_wconf 90' lang='lat' dir='ltr'>quam</span> <span class='ocrx_word' id='word_1_147' title='bbox 482 1889 609 1948; x_wconf 79' lang='lat' dir='ltr'>Acastus</span> <span class='ocrx_word' id='word_1_148' title='bbox 630 1881 745 1953; x_wconf 88' lang='lat' dir='ltr'>attulit,</span> <span class='ocrx_word' id='word_1_149' title='bbox 783 1880 890 1945; x_wconf 92' lang='lat' dir='ltr'>oculos</span> <span class='ocrx_word' id='word_1_150' title='bbox 920 1880 1057 1965; x_wconf 85' lang='lat' dir='ltr'>paullum</span> <span class='ocrx_word' id='word_1_151' title='bbox 1078 1880 1277 1944; x_wconf 88' lang='lat' dir='ltr'>sustulerunt.</span> <span class='ocrx_word' id='word_1_152' title='bbox 1327 1880 1498 1964; x_wconf 89' lang='lat' dir='ltr'>Pompeius</span> 
     </span>
     <span class='ocr_line' id='line_1_18' title="bbox 182 1972 1497 2061; baseline -0.002 -21"><span class='ocrx_word' id='word_1_153' title='bbox 182 1986 249 2041; x_wconf 88' lang='lat' dir='ltr'>erat</span> <span class='ocrx_word' id='word_1_154' title='bbox 275 1977 357 2061; x_wconf 90' lang='lat' dir='ltr'>apud</span> <span class='ocrx_word' id='word_1_155' title='bbox 391 1999 456 2051; x_wconf 91' lang='lat' dir='ltr'>mc,</span> <span class='ocrx_word' id='word_1_156' title='bbox 489 1998 559 2042; x_wconf 92' lang='lat' dir='ltr'>cum</span> <span class='ocrx_word' id='word_1_157' title='bbox 589 1976 664 2041; x_wconf 89' lang='lat' dir='ltr'>baec</span> <span class='ocrx_word' id='word_1_158' title='bbox 690 1973 881 2048; x_wconf 85' lang='lat' dir='ltr'>scribebam,</span> <span class='ocrx_word' id='word_1_159' title='bbox 915 1973 1013 2038; x_wconf 89' lang='lat' dir='ltr'>hilare</span> <span class='ocrx_word' id='word_1_160' title='bbox 1041 1982 1073 2038; x_wconf 91' lang='lat' dir='ltr'>et</span> <span class='ocrx_word' id='word_1_161' title='bbox 1091 1972 1245 2038; x_wconf 81' lang='lat' dir='ltr'>lubenter.</span> <span class='ocrx_word' id='word_1_162' title='bbox 1297 1973 1334 2038; x_wconf 91' lang='lat' dir='ltr'>Ei</span> <span class='ocrx_word' id='word_1_163' title='bbox 1356 1973 1497 2059; x_wconf 91' lang='lat' dir='ltr'>cupienti</span> 
     </span>
     <span class='ocr_line' id='line_1_19' title="bbox 182 2066 1498 2150; baseline -0.003 -17"><span class='ocrx_word' id='word_1_164' title='bbox 182 2069 291 2135; x_wconf 90' lang='lat' dir='ltr'>audire</span> <span class='ocrx_word' id='word_1_165' title='bbox 314 2080 418 2134; x_wconf 87' lang='lat' dir='ltr'>nostra</span> <span class='ocrx_word' id='word_1_166' title='bbox 440 2068 505 2133; x_wconf 83' lang='lat' dir='ltr'>dixi</span> <span class='ocrx_word' id='word_1_167' title='bbox 528 2070 594 2134; x_wconf 89' lang='lat' dir='ltr'>siue</span> <span class='ocrx_word' id='word_1_168' title='bbox 617 2077 646 2132; x_wconf 88' lang='lat' dir='ltr'>te</span> <span class='ocrx_word' id='word_1_169' title='bbox 668 2069 772 2134; x_wconf 90' lang='lat' dir='ltr'>omnia</span> <span class='ocrx_word' id='word_1_170' title='bbox 792 2090 861 2132; x_wconf 92' lang='lat' dir='ltr'>mea</span> <span class='ocrx_word' id='word_1_171' title='bbox 883 2078 968 2133; x_wconf 87' lang='lat' dir='ltr'>muta</span> <span class='ocrx_word' id='word_1_172' title='bbox 990 2089 1068 2133; x_wconf 88' lang='lat' dir='ltr'>csse.</span> <span class='ocrx_word' id='word_1_173' title='bbox 1111 2074 1158 2132; x_wconf 90' lang='lat' dir='ltr'>Tu</span> <span class='ocrx_word' id='word_1_174' title='bbox 1178 2068 1274 2132; x_wconf 89' lang='lat' dir='ltr'>Musis</span> <span class='ocrx_word' id='word_1_175' title='bbox 1288 2066 1403 2130; x_wconf 89' lang='lat' dir='ltr'>nostris</span> <span class='ocrx_word' id='word_1_176' title='bbox 1418 2087 1498 2150; x_wconf 88' lang='lat' dir='ltr'>para</span> 
     </span>
     <span class='ocr_line' id='line_1_20' title="bbox 182 2159 1498 2249; baseline -0.003 -21"><span class='ocrx_word' id='word_1_177' title='bbox 182 2172 217 2228; x_wconf 91' lang='lat' dir='ltr'>ut</span> <span class='ocrx_word' id='word_1_178' title='bbox 247 2183 360 2249; x_wconf 85' lang='lat' dir='ltr'>operas</span> <span class='ocrx_word' id='word_1_179' title='bbox 392 2163 517 2239; x_wconf 81' lang='lat' dir='ltr'>reddas3</span> <span class='ocrx_word' id='word_1_180' title='bbox 550 2172 656 2227; x_wconf 85' lang='lat' dir='ltr'>nostra</span> <span class='ocrx_word' id='word_1_181' title='bbox 684 2162 722 2226; x_wconf 93' lang='lat' dir='ltr'>ad</span> <span class='ocrx_word' id='word_1_182' title='bbox 752 2161 836 2226; x_wconf 88' lang='lat' dir='ltr'>diem</span> <span class='ocrx_word' id='word_1_183' title='bbox 858 2162 968 2228; x_wconf 90' lang='lat' dir='ltr'>dictam</span> <span class='ocrx_word' id='word_1_184' title='bbox 995 2161 1078 2227; x_wconf 86' lang='lat' dir='ltr'>[ient.</span> <span class='ocrx_word' id='word_1_185' title='bbox 1120 2162 1221 2226; x_wconf 88' lang='lat' dir='ltr'>Docui</span> <span class='ocrx_word' id='word_1_186' title='bbox 1242 2160 1324 2226; x_wconf 90' lang='lat' dir='ltr'>euim</span> <span class='ocrx_word' id='word_1_187' title='bbox 1347 2172 1393 2234; x_wconf 92' lang='lat' dir='ltr'>tc,</span> <span class='ocrx_word' id='word_1_188' title='bbox 1418 2159 1498 2224; x_wconf 88' lang='lat' dir='ltr'>iides</span> 
     </span>
     <span class='ocr_line' id='line_1_21' title="bbox 145 2253 1496 2344; baseline -0.004 -20"><span class='ocrx_word' id='word_1_189' title='bbox 145 2284 173 2320; x_wconf 78' lang='lat' dir='ltr'>ro</span> <span class='ocrx_word' id='word_1_190' title='bbox 183 2260 299 2342; x_wconf 80' lang='grc' dir='ltr'><em>ἔτυμον</em></span> <span class='ocrx_word' id='word_1_191' title='bbox 315 2256 398 2344; x_wconf 90' lang='lat' dir='ltr'>quod</span> <span class='ocrx_word' id='word_1_192' title='bbox 413 2256 551 2322; x_wconf 86' lang='lat' dir='ltr'>haberet.</span> <span class='ocrx_word' id='word_1_193' title='bbox 581 2262 641 2322; x_wconf 90' lang='lat' dir='ltr'>Fac</span> <span class='ocrx_word' id='word_1_194' title='bbox 657 2256 748 2341; x_wconf 88' lang='lat' dir='ltr'>plane</span> <span class='ocrx_word' id='word_1_195' title='bbox 762 2265 797 2322; x_wconf 88' lang='lat' dir='ltr'>ut</span> <span class='ocrx_word' id='word_1_196' title='bbox 810 2256 923 2322; x_wconf 89' lang='lat' dir='ltr'>valeas.</span> <span class='ocrx_word' id='word_1_197' title='bbox 952 2262 1014 2322; x_wconf 90' lang='lat' dir='ltr'>Nos</span> <span class='ocrx_word' id='word_1_198' title='bbox 1029 2255 1185 2322; x_wconf 88' lang='lat' dir='ltr'>adsumus.</span> <span class='ocrx_word' id='word_1_199' title='bbox 1207 2256 1292 2321; x_wconf 90' lang='lat' dir='ltr'>Vale.</span> <span class='ocrx_word' id='word_1_200' title='bbox 1315 2275 1407 2320; x_wconf 87' lang='grc' dir='ltr'><strong>ιιιιιι.</strong></span> <span class='ocrx_word' id='word_1_201' title='bbox 1426 2253 1496 2319; x_wconf 88' lang='lat' dir='ltr'>Kal.</span> 
     </span>
    </p>
   </div>
   <div class='ocr_carea' id='block_1_6' title="bbox 289 2426 1393 2623">
    <p class='ocr_par' dir='ltr' id='par_1_6' title="bbox 289 2426 1393 2623">
     <span class='ocr_line' id='line_1_22' title="bbox 656 2426 1021 2496; baseline 0.019 -7"><span class='ocrx_word' id='word_1_202' title='bbox 656 2426 1021 2496; x_wconf 59' lang='lat' dir='ltr'>minemo</span> 
     </span>
     <span class='ocr_line' id='line_1_23' title="bbox 289 2426 1393 2623; baseline -0.004 -11"><span class='ocrx_word' id='word_1_203' title='bbox 289 2550 449 2613; x_wconf 79' lang='lat' dir='ltr'>sumtus</span> <span class='ocrx_word' id='word_1_204' title='bbox 471 2551 522 2611; x_wconf 84' lang='lat' dir='ltr'>nr</span> <span class='ocrx_word' id='word_1_205' title='bbox 543 2548 700 2619; x_wconf 79' lang='lat' dir='ltr'>crosno,</span> <span class='ocrx_word' id='word_1_206' title='bbox 724 2426 934 2620; x_wconf 71' lang='lat' dir='ltr'>eburnus,</span> <span class='ocrx_word' id='word_1_207' title='bbox 957 2549 1111 2618; x_wconf 80' lang='lat' dir='ltr'>sumu,</span> <span class='ocrx_word' id='word_1_208' title='bbox 1136 2547 1174 2623; x_wconf 87' lang='lat' dir='ltr'>Q.</span> <span class='ocrx_word' id='word_1_209' title='bbox 1197 2545 1236 2621; x_wconf 87' lang='lat' dir='ltr'>o.</span> <span class='ocrx_word' id='word_1_210' title='bbox 1258 2525 1393 2609; x_wconf 71' lang='lat' dir='ltr'>emolu</span> 
     </span>
    </p>
   </div>
   <div class='ocr_carea' id='block_1_7' title="bbox 705 2653 964 2716">
    <p class='ocr_par' dir='ltr' id='par_1_7' title="bbox 705 2653 964 2716">
     <span class='ocr_line' id='line_1_24' title="bbox 705 2653 964 2716; baseline 0 -2"><span class='ocrx_word' id='word_1_211' title='bbox 705 2653 736 2714; x_wconf 88' lang='lat' dir='ltr'>S.</span> <span class='ocrx_word' id='word_1_212' title='bbox 758 2653 867 2714; x_wconf 85' lang='lat' dir='ltr'>PLUR.</span> <span class='ocrx_word' id='word_1_213' title='bbox 888 2654 964 2716; x_wconf 89' lang='lat' dir='ltr'>DlC.</span> 
     </span>
    </p>
   </div>
   <div class='ocr_carea' id='block_1_8' title="bbox 141 2759 1496 4348">
    <p class='ocr_par' dir='ltr' id='par_1_8' title="bbox 268 2759 1496 2848">
     <span class='ocr_line' id='line_1_25' title="bbox 268 2759 1496 2848; baseline 0.002 -23"><span class='ocrx_word' id='word_1_214' title='bbox 268 2767 295 2826; x_wconf 93' lang='grc'>1.</span> <span class='ocrx_word' id='word_1_215' title='bbox 331 2762 396 2826; x_wconf 88' lang='lat' dir='ltr'>Etsi</span> <span class='ocrx_word' id='word_1_216' title='bbox 417 2763 680 2848; x_wconf 88' lang='lat' dir='ltr'>opportunitatem</span> <span class='ocrx_word' id='word_1_217' title='bbox 704 2781 820 2846; x_wconf 84' lang='lat' dir='ltr'>operae</span> <span class='ocrx_word' id='word_1_218' title='bbox 846 2769 916 2825; x_wconf 87' lang='lat' dir='ltr'>tuae</span> <span class='ocrx_word' id='word_1_219' title='bbox 942 2759 1087 2825; x_wconf 90' lang='lat' dir='ltr'>omnibus</span> <span class='ocrx_word' id='word_1_220' title='bbox 1108 2761 1185 2827; x_wconf 90' lang='lat' dir='ltr'>loeis</span> <span class='ocrx_word' id='word_1_221' title='bbox 1207 2762 1366 2838; x_wconf 86' lang='lat' dir='ltr'>desidero,</span> <span class='ocrx_word' id='word_1_222' title='bbox 1388 2773 1496 2828; x_wconf 84' lang='lat' dir='ltr'>tamen</span> 
     </span>
    </p>

    <p class='ocr_par' dir='ltr' id='par_1_9' title="bbox 141 2853 1495 4348">
     <span class='ocr_line' id='line_1_26' title="bbox 144 2853 1495 2945; baseline 0.003 -27"><span class='ocrx_word' id='word_1_223' title='bbox 144 2876 244 2921; x_wconf 79' lang='lat' dir='ltr'>esnon</span> <span class='ocrx_word' id='word_1_224' title='bbox 274 2865 336 2920; x_wconf 87' lang='lat' dir='ltr'>tam</span> <span class='ocrx_word' id='word_1_225' title='bbox 362 2876 431 2919; x_wconf 88' lang='lat' dir='ltr'>mea</span> <span class='ocrx_word' id='word_1_226' title='bbox 464 2876 557 2942; x_wconf 87' lang='lat' dir='ltr'>quam</span> <span class='ocrx_word' id='word_1_227' title='bbox 585 2866 637 2921; x_wconf 86' lang='lat' dir='ltr'>tua</span> <span class='ocrx_word' id='word_1_228' title='bbox 665 2876 756 2919; x_wconf 85' lang='lat' dir='ltr'>causa</span> <span class='ocrx_word' id='word_1_229' title='bbox 785 2853 877 2919; x_wconf 88' lang='lat' dir='ltr'>doleo</span> <span class='ocrx_word' id='word_1_230' title='bbox 899 2863 929 2918; x_wconf 91' lang='lat' dir='ltr'>te</span> <span class='ocrx_word' id='word_1_231' title='bbox 952 2876 1014 2919; x_wconf 92' lang='lat' dir='ltr'>non</span> <span class='ocrx_word' id='word_1_232' title='bbox 1035 2854 1150 2923; x_wconf 85' lang='lat' dir='ltr'>valere.</span> <span class='ocrx_word' id='word_1_233' title='bbox 1205 2857 1267 2921; x_wconf 87' lang='lat' dir='ltr'>Sed</span> <span class='ocrx_word' id='word_1_234' title='bbox 1288 2857 1439 2945; x_wconf 87' lang='lat' dir='ltr'>quoniam</span> <span class='ocrx_word' id='word_1_235' title='bbox 1460 2858 1495 2922; x_wconf 93' lang='lat' dir='ltr'>in</span> 
     </span>
     <span class='ocr_line' id='line_1_27' title="bbox 181 2946 1495 3037; baseline 0.004 -26"><span class='ocrx_word' id='word_1_236' title='bbox 181 2957 363 3035; x_wconf 78' lang='lat' dir='ltr'>quartanam</span> <span class='ocrx_word' id='word_1_237' title='bbox 383 2970 535 3013; x_wconf 89' lang='lat' dir='ltr'>conversa</span> <span class='ocrx_word' id='word_1_238' title='bbox 555 2949 603 3013; x_wconf 91' lang='lat' dir='ltr'>vis</span> <span class='ocrx_word' id='word_1_239' title='bbox 625 2957 671 3014; x_wconf 90' lang='lat' dir='ltr'>est</span> <span class='ocrx_word' id='word_1_240' title='bbox 691 2947 793 3012; x_wconf 92' lang='lat' dir='ltr'>morbi</span> <span class='ocrx_word' id='word_1_241' title='bbox 815 2977 854 2990; x_wconf 89' lang='lat'>-</span> <span class='ocrx_word' id='word_1_242' title='bbox 885 2947 929 3011; x_wconf 88' lang='lat' dir='ltr'>sie</span> <span class='ocrx_word' id='word_1_243' title='bbox 951 2949 1032 3012; x_wconf 90' lang='lat' dir='ltr'>enim</span> <span class='ocrx_word' id='word_1_244' title='bbox 1054 2946 1161 3013; x_wconf 88' lang='lat' dir='ltr'>scribit</span> <span class='ocrx_word' id='word_1_245' title='bbox 1183 2951 1295 3016; x_wconf 89' lang='lat' dir='ltr'>Curius</span> <span class='ocrx_word' id='word_1_246' title='bbox 1316 2988 1374 3026; x_wconf 93' lang='lat'>-‚</span> <span class='ocrx_word' id='word_1_247' title='bbox 1397 2972 1495 3037; x_wconf 90' lang='lat' dir='ltr'>spero</span> 
     </span>
     <span class='ocr_line' id='line_1_28' title="bbox 178 3041 1495 3131; baseline 0.001 -23"><span class='ocrx_word' id='word_1_248' title='bbox 178 3053 210 3108; x_wconf 89' lang='lat' dir='ltr'>te</span> <span class='ocrx_word' id='word_1_249' title='bbox 233 3041 391 3126; x_wconf 88' lang='lat' dir='ltr'>diligentia</span> <span class='ocrx_word' id='word_1_250' title='bbox 412 3041 548 3107; x_wconf 89' lang='lat' dir='ltr'>adbibita</span> <span class='ocrx_word' id='word_1_251' title='bbox 571 3043 664 3107; x_wconf 88' lang='lat' dir='ltr'>etiam</span> <span class='ocrx_word' id='word_1_252' title='bbox 685 3041 856 3106; x_wconf 85' lang='lat' dir='ltr'>firmiorem</span> <span class='ocrx_word' id='word_1_253' title='bbox 877 3041 955 3110; x_wconf 86' lang='lat' dir='ltr'>lore.</span> <span class='ocrx_word' id='word_1_254' title='bbox 997 3041 1091 3107; x_wconf 90' lang='lat' dir='ltr'>ltlodo</span> <span class='ocrx_word' id='word_1_255' title='bbox 1115 3041 1179 3117; x_wconf 86' lang='lat' dir='ltr'>sae,</span> <span class='ocrx_word' id='word_1_256' title='bbox 1208 3044 1240 3109; x_wconf 95' lang='lat' dir='ltr'>id</span> <span class='ocrx_word' id='word_1_257' title='bbox 1261 3044 1346 3131; x_wconf 92' lang='lat' dir='ltr'>quod</span> <span class='ocrx_word' id='word_1_258' title='bbox 1368 3053 1415 3109; x_wconf 88' lang='lat' dir='ltr'>est</span> <span class='ocrx_word' id='word_1_259' title='bbox 1436 3044 1495 3109; x_wconf 93' lang='lat' dir='ltr'>hu-</span> 
     </span>
     <span class='ocr_line' id='line_1_29' title="bbox 180 3134 1495 3225; baseline 0.001 -25"><span class='ocrx_word' id='word_1_260' title='bbox 180 3136 444 3209; x_wconf 84' lang='lat' dir='ltr'>manitatis-tuae,</span> <span class='ocrx_word' id='word_1_261' title='bbox 466 3136 602 3223; x_wconf 91' lang='lat' dir='ltr'>nequid</span> <span class='ocrx_word' id='word_1_262' title='bbox 624 3135 707 3201; x_wconf 85' lang='lat' dir='ltr'>aliud</span> <span class='ocrx_word' id='word_1_263' title='bbox 730 3156 820 3200; x_wconf 91' lang='lat' dir='ltr'>cures</span> <span class='ocrx_word' id='word_1_264' title='bbox 842 3134 901 3200; x_wconf 90' lang='lat' dir='ltr'>boc</span> <span class='ocrx_word' id='word_1_265' title='bbox 923 3144 1079 3221; x_wconf 89' lang='lat' dir='ltr'>tempore,</span> <span class='ocrx_word' id='word_1_266' title='bbox 1102 3137 1161 3200; x_wconf 92' lang='lat' dir='ltr'>nisi</span> <span class='ocrx_word' id='word_1_267' title='bbox 1184 3150 1333 3225; x_wconf 89' lang='lat' dir='ltr'>utquam</span> <span class='ocrx_word' id='word_1_268' title='bbox 1354 3156 1495 3201; x_wconf 90' lang='lat' dir='ltr'>commo-</span> 
     </span>
     <span class='ocr_line' id='line_1_30' title="bbox 181 3228 1495 3314; baseline -0.002 -20"><span class='ocrx_word' id='word_1_269' title='bbox 181 3229 306 3295; x_wconf 88' lang='lat' dir='ltr'>dissime</span> <span class='ocrx_word' id='word_1_270' title='bbox 338 3229 544 3294; x_wconf 88' lang='lat' dir='ltr'>convalescas.</span> <span class='ocrx_word' id='word_1_271' title='bbox 597 3235 666 3296; x_wconf 90' lang='lat' dir='ltr'>Non</span> <span class='ocrx_word' id='word_1_272' title='bbox 690 3229 824 3314; x_wconf 89' lang='lat' dir='ltr'>ignoro,</span> <span class='ocrx_word' id='word_1_273' title='bbox 853 3238 1003 3314; x_wconf 88' lang='lat' dir='ltr'>quantum</span> <span class='ocrx_word' id='word_1_274' title='bbox 1024 3250 1064 3293; x_wconf 85' lang='lat' dir='ltr'>ex</span> <span class='ocrx_word' id='word_1_275' title='bbox 1086 3228 1242 3295; x_wconf 91' lang='lat' dir='ltr'>desiderio</span> <span class='ocrx_word' id='word_1_276' title='bbox 1264 3230 1407 3308; x_wconf 87' lang='lat' dir='ltr'>labores;</span> <span class='ocrx_word' id='word_1_277' title='bbox 1437 3228 1495 3293; x_wconf 92' lang='lat' dir='ltr'>scd</span> 
     </span>
     <span class='ocr_line' id='line_1_31' title="bbox 143 3321 1495 3399; baseline 0.001 -14"><span class='ocrx_word' id='word_1_278' title='bbox 143 3331 272 3388; x_wconf 77' lang='lat' dir='ltr'>suerunt</span> <span class='ocrx_word' id='word_1_279' title='bbox 303 3322 407 3388; x_wconf 91' lang='lat' dir='ltr'>omnia</span> <span class='ocrx_word' id='word_1_280' title='bbox 434 3321 551 3399; x_wconf 84' lang='lat' dir='ltr'>facilia,</span> <span class='ocrx_word' id='word_1_281' title='bbox 588 3328 614 3388; x_wconf 89' lang='lat' dir='ltr'>si</span> <span class='ocrx_word' id='word_1_282' title='bbox 637 3321 765 3388; x_wconf 82' lang='lat' dir='ltr'>valebis.</span> <span class='ocrx_word' id='word_1_283' title='bbox 817 3321 974 3386; x_wconf 86' lang='lat' dir='ltr'>Festinare</span> <span class='ocrx_word' id='word_1_284' title='bbox 996 3330 1026 3386; x_wconf 91' lang='lat' dir='ltr'>te</span> <span class='ocrx_word' id='word_1_285' title='bbox 1054 3322 1143 3399; x_wconf 91' lang='lat' dir='ltr'>nolo,</span> <span class='ocrx_word' id='word_1_286' title='bbox 1180 3345 1219 3388; x_wconf 88' lang='lat' dir='ltr'>nc</span> <span class='ocrx_word' id='word_1_287' title='bbox 1240 3346 1374 3390; x_wconf 85' lang='lat' dir='ltr'>nauseae</span> <span class='ocrx_word' id='word_1_288' title='bbox 1396 3322 1495 3389; x_wconf 90' lang='lat' dir='ltr'>mole·</span> 
     </span>
     <span class='ocr_line' id='line_1_32' title="bbox 180 3414 1494 3502; baseline -0.001 -21"><span class='ocrx_word' id='word_1_289' title='bbox 180 3416 269 3481; x_wconf 88' lang='lat' dir='ltr'>stiam</span> <span class='ocrx_word' id='word_1_290' title='bbox 302 3415 452 3501; x_wconf 89' lang='lat' dir='ltr'>suscipias</span> <span class='ocrx_word' id='word_1_291' title='bbox 485 3437 579 3501; x_wconf 91' lang='lat' dir='ltr'>aeger</span> <span class='ocrx_word' id='word_1_292' title='bbox 607 3426 637 3482; x_wconf 91' lang='lat' dir='ltr'>et</span> <span class='ocrx_word' id='word_1_293' title='bbox 665 3414 841 3501; x_wconf 89' lang='lat' dir='ltr'>periculose</span> <span class='ocrx_word' id='word_1_294' title='bbox 864 3414 964 3480; x_wconf 89' lang='lat' dir='ltr'>bieme</span> <span class='ocrx_word' id='word_1_295' title='bbox 986 3417 1123 3501; x_wconf 86' lang='lat' dir='ltr'>naviges.</span> <span class='ocrx_word' id='word_1_296' title='bbox 1181 3421 1211 3482; x_wconf 79' lang='lat'>2.</span> <span class='ocrx_word' id='word_1_297' title='bbox 1233 3423 1300 3502; x_wconf 88' lang='lat' dir='ltr'>Ego</span> <span class='ocrx_word' id='word_1_298' title='bbox 1321 3418 1360 3482; x_wconf 92' lang='lat' dir='ltr'>ad</span> <span class='ocrx_word' id='word_1_299' title='bbox 1380 3415 1494 3482; x_wconf 90' lang='lat' dir='ltr'>urbem</span> 
     </span>
     <span class='ocr_line' id='line_1_33' title="bbox 180 3508 1493 3596; baseline 0.002 -24"><span class='ocrx_word' id='word_1_300' title='bbox 180 3509 295 3573; x_wconf 85' lang='lat' dir='ltr'>accessi</span> <span class='ocrx_word' id='word_1_301' title='bbox 326 3510 427 3594; x_wconf 93' lang='lat' dir='ltr'>pridie</span> <span class='ocrx_word' id='word_1_302' title='bbox 457 3515 559 3576; x_wconf 89' lang='lat' dir='ltr'>Nonas</span> <span class='ocrx_word' id='word_1_303' title='bbox 594 3514 715 3575; x_wconf 92' lang='lat' dir='ltr'>Ianuar.</span> <span class='ocrx_word' id='word_1_304' title='bbox 771 3508 901 3574; x_wconf 89' lang='lat' dir='ltr'>Obviam</span> <span class='ocrx_word' id='word_1_305' title='bbox 923 3510 999 3575; x_wconf 89' lang='lat' dir='ltr'>mibi</span> <span class='ocrx_word' id='word_1_306' title='bbox 1021 3511 1065 3575; x_wconf 91' lang='lat' dir='ltr'>sic</span> <span class='ocrx_word' id='word_1_307' title='bbox 1087 3518 1133 3575; x_wconf 91' lang='lat' dir='ltr'>cst</span> <span class='ocrx_word' id='word_1_308' title='bbox 1154 3512 1328 3596; x_wconf 88' lang='lat' dir='ltr'>proditum,</span> <span class='ocrx_word' id='word_1_309' title='bbox 1361 3521 1395 3577; x_wconf 88' lang='lat' dir='ltr'>ut</span> <span class='ocrx_word' id='word_1_310' title='bbox 1415 3510 1493 3576; x_wconf 89' lang='lat' dir='ltr'>nihil</span> 
     </span>
     <span class='ocr_line' id='line_1_34' title="bbox 180 3601 1493 3688; baseline 0.002 -21"><span class='ocrx_word' id='word_1_311' title='bbox 180 3603 277 3686; x_wconf 88' lang='lat' dir='ltr'>possit</span> <span class='ocrx_word' id='word_1_312' title='bbox 299 3601 366 3666; x_wconf 87' lang='lat' dir='ltr'>lieri</span> <span class='ocrx_word' id='word_1_313' title='bbox 388 3605 538 3670; x_wconf 91' lang='lat' dir='ltr'>ornatius.</span> <span class='ocrx_word' id='word_1_314' title='bbox 581 3604 643 3668; x_wconf 88' lang='lat' dir='ltr'>Sed</span> <span class='ocrx_word' id='word_1_315' title='bbox 663 3602 758 3668; x_wconf 92' lang='lat' dir='ltr'>incidi</span> <span class='ocrx_word' id='word_1_316' title='bbox 782 3603 814 3667; x_wconf 94' lang='lat' dir='ltr'>in</span> <span class='ocrx_word' id='word_1_317' title='bbox 837 3603 936 3688; x_wconf 83' lang='lat' dir='ltr'>ipsain</span> <span class='ocrx_word' id='word_1_318' title='bbox 949 3603 1106 3669; x_wconf 87' lang='lat' dir='ltr'>flammam</span> <span class='ocrx_word' id='word_1_319' title='bbox 1127 3605 1227 3670; x_wconf 92' lang='lat' dir='ltr'>civilis</span> <span class='ocrx_word' id='word_1_320' title='bbox 1249 3605 1421 3670; x_wconf 88' lang='lat' dir='ltr'>discordiae</span> <span class='ocrx_word' id='word_1_321' title='bbox 1442 3604 1493 3669; x_wconf 95' lang='lat' dir='ltr'>vel</span> 
     </span>
     <span class='ocr_line' id='line_1_35' title="bbox 180 3694 1494 3786; baseline 0.002 -27"><span class='ocrx_word' id='word_1_322' title='bbox 180 3696 283 3781; x_wconf 89' lang='lat' dir='ltr'>potius</span> <span class='ocrx_word' id='word_1_323' title='bbox 305 3694 395 3774; x_wconf 91' lang='lat' dir='ltr'>belli;</span> <span class='ocrx_word' id='word_1_324' title='bbox 430 3698 480 3761; x_wconf 92' lang='lat' dir='ltr'>eui</span> <span class='ocrx_word' id='word_1_325' title='bbox 510 3719 581 3762; x_wconf 92' lang='lat' dir='ltr'>cum</span> <span class='ocrx_word' id='word_1_326' title='bbox 609 3718 757 3783; x_wconf 88' lang='lat' dir='ltr'>euperem</span> <span class='ocrx_word' id='word_1_327' title='bbox 782 3695 903 3762; x_wconf 90' lang='lat' dir='ltr'>mederi</span> <span class='ocrx_word' id='word_1_328' title='bbox 924 3707 971 3772; x_wconf 89' lang='lat' dir='ltr'>et,</span> <span class='ocrx_word' id='word_1_329' title='bbox 1005 3707 1040 3762; x_wconf 89' lang='lat' dir='ltr'>ut</span> <span class='ocrx_word' id='word_1_330' title='bbox 1060 3697 1214 3775; x_wconf 84' lang='lat' dir='ltr'>arbitror,</span> <span class='ocrx_word' id='word_1_331' title='bbox 1240 3721 1384 3786; x_wconf 88' lang='lat' dir='ltr'>possem,</span> <span class='ocrx_word' id='word_1_332' title='bbox 1406 3697 1494 3783; x_wconf 90' lang='lat' dir='ltr'>cupi-</span> 
     </span>
     <span class='ocr_line' id='line_1_36' title="bbox 143 3789 1492 3879; baseline 0.003 -28"><span class='ocrx_word' id='word_1_333' title='bbox 143 3789 289 3854; x_wconf 65' lang='lat' dir='ltr'>nuditates</span> <span class='ocrx_word' id='word_1_334' title='bbox 311 3798 468 3854; x_wconf 88' lang='lat' dir='ltr'>certorum</span> <span class='ocrx_word' id='word_1_335' title='bbox 500 3790 662 3855; x_wconf 92' lang='lat' dir='ltr'>bominum</span> <span class='ocrx_word' id='word_1_336' title='bbox 683 3825 724 3835; x_wconf 95' lang='lat'>—</span> <span class='ocrx_word' id='word_1_337' title='bbox 746 3810 817 3853; x_wconf 85' lang='lat' dir='ltr'>nam</span> <span class='ocrx_word' id='word_1_338' title='bbox 839 3811 880 3854; x_wconf 78' lang='lat' dir='ltr'>cx</span> <span class='ocrx_word' id='word_1_339' title='bbox 901 3799 1032 3877; x_wconf 87' lang='lat' dir='ltr'>utraque</span> <span class='ocrx_word' id='word_1_340' title='bbox 1054 3802 1141 3877; x_wconf 87' lang='lat' dir='ltr'>parte</span> <span class='ocrx_word' id='word_1_341' title='bbox 1163 3802 1246 3867; x_wconf 92' lang='lat' dir='ltr'>sunt,</span> <span class='ocrx_word' id='word_1_342' title='bbox 1277 3792 1331 3879; x_wconf 90' lang='lat' dir='ltr'>qui</span> <span class='ocrx_word' id='word_1_343' title='bbox 1352 3812 1492 3879; x_wconf 90' lang='lat' dir='ltr'>pugnare</span> 
     </span>
     <span class='ocr_line' id='line_1_37' title="bbox 178 3881 1493 3972; baseline 0.002 -26"><span class='ocrx_word' id='word_1_344' title='bbox 178 3884 303 3969; x_wconf 92' lang='lat' dir='ltr'>cupiant</span> <span class='ocrx_word' id='word_1_345' title='bbox 333 3921 374 3930; x_wconf 96' lang='lat'><strong>—</strong></span> <span class='ocrx_word' id='word_1_346' title='bbox 403 3883 625 3969; x_wconf 85' lang='lat' dir='ltr'>impedimento</span> <span class='ocrx_word' id='word_1_347' title='bbox 647 3881 724 3946; x_wconf 92' lang='lat' dir='ltr'>mihi</span> <span class='ocrx_word' id='word_1_348' title='bbox 744 3881 880 3951; x_wconf 84' lang='lat' dir='ltr'>fuerunt.</span> <span class='ocrx_word' id='word_1_349' title='bbox 924 3885 1058 3948; x_wconf 90' lang='lat' dir='ltr'>Omnino</span> <span class='ocrx_word' id='word_1_350' title='bbox 1080 3886 1198 3972; x_wconf 89' lang='lat' dir='ltr'>etipse</span> <span class='ocrx_word' id='word_1_351' title='bbox 1220 3890 1347 3961; x_wconf 88' lang='lat' dir='ltr'>Caesar,</span> <span class='ocrx_word' id='word_1_352' title='bbox 1374 3885 1493 3949; x_wconf 91' lang='lat' dir='ltr'>amicus</span> 
     </span>
     <span class='ocr_line' id='line_1_38' title="bbox 179 3974 1492 4053; baseline 0.002 -15"><span class='ocrx_word' id='word_1_353' title='bbox 179 3986 300 4051; x_wconf 90' lang='lat' dir='ltr'>noster,</span> <span class='ocrx_word' id='word_1_354' title='bbox 336 3976 471 4042; x_wconf 91' lang='lat' dir='ltr'>minaces</span> <span class='ocrx_word' id='word_1_355' title='bbox 492 3976 531 4041; x_wconf 94' lang='lat' dir='ltr'>ad</span> <span class='ocrx_word' id='word_1_356' title='bbox 560 3985 701 4042; x_wconf 85' lang='lat' dir='ltr'>senatum</span> <span class='ocrx_word' id='word_1_357' title='bbox 722 3984 754 4039; x_wconf 87' lang='lat' dir='ltr'>ct</span> <span class='ocrx_word' id='word_1_358' title='bbox 775 3974 902 4040; x_wconf 86' lang='lat' dir='ltr'>acerbas</span> <span class='ocrx_word' id='word_1_359' title='bbox 923 3976 1040 4042; x_wconf 87' lang='lat' dir='ltr'>litteras</span> <span class='ocrx_word' id='word_1_360' title='bbox 1062 3979 1209 4053; x_wconf 87' lang='lat' dir='ltr'>miserat,</span> <span class='ocrx_word' id='word_1_361' title='bbox 1250 3989 1281 4044; x_wconf 87' lang='lat' dir='ltr'>ct</span> <span class='ocrx_word' id='word_1_362' title='bbox 1303 3989 1370 4045; x_wconf 88' lang='lat' dir='ltr'>crat</span> <span class='ocrx_word' id='word_1_363' title='bbox 1391 3978 1492 4043; x_wconf 89' lang='lat' dir='ltr'>adhuc</span> 
     </span>
     <span class='ocr_line' id='line_1_39' title="bbox 178 4069 1491 4156; baseline -0.001 -20"><span class='ocrx_word' id='word_1_364' title='bbox 178 4069 357 4155; x_wconf 88' lang='lat' dir='ltr'>impudens,</span> <span class='ocrx_word' id='word_1_365' title='bbox 393 4071 447 4156; x_wconf 93' lang='lat' dir='ltr'>qui</span> <span class='ocrx_word' id='word_1_366' title='bbox 469 4071 643 4135; x_wconf 85' lang='lat' dir='ltr'>exercitum</span> <span class='ocrx_word' id='word_1_367' title='bbox 664 4078 696 4134; x_wconf 89' lang='lat' dir='ltr'>ct</span> <span class='ocrx_word' id='word_1_368' title='bbox 716 4069 909 4154; x_wconf 89' lang='lat' dir='ltr'>provinciam</span> <span class='ocrx_word' id='word_1_369' title='bbox 931 4070 1028 4135; x_wconf 92' lang='lat' dir='ltr'>invito</span> <span class='ocrx_word' id='word_1_370' title='bbox 1051 4084 1159 4138; x_wconf 87' lang='lat' dir='ltr'>senatu</span> <span class='ocrx_word' id='word_1_371' title='bbox 1179 4082 1315 4150; x_wconf 84' lang='lat' dir='ltr'>tenerct;</span> <span class='ocrx_word' id='word_1_372' title='bbox 1344 4085 1375 4139; x_wconf 91' lang='lat' dir='ltr'>et</span> <span class='ocrx_word' id='word_1_373' title='bbox 1396 4071 1491 4138; x_wconf 88' lang='lat' dir='ltr'>Curio</span> 
     </span>
     <span class='ocr_line' id='line_1_40' title="bbox 179 4162 1492 4250; baseline 0.002 -24"><span class='ocrx_word' id='word_1_374' title='bbox 179 4184 266 4228; x_wconf 89' lang='lat' dir='ltr'>meus</span> <span class='ocrx_word' id='word_1_375' title='bbox 287 4164 373 4229; x_wconf 93' lang='lat' dir='ltr'>illum</span> <span class='ocrx_word' id='word_1_376' title='bbox 395 4162 551 4228; x_wconf 87' lang='lat' dir='ltr'>incitabat.</span> <span class='ocrx_word' id='word_1_377' title='bbox 607 4163 757 4229; x_wconf 76' lang='lat' dir='ltr'>Antonius</span> <span class='ocrx_word' id='word_1_378' title='bbox 780 4163 905 4250; x_wconf 90' lang='lat' dir='ltr'>quidem</span> <span class='ocrx_word' id='word_1_379' title='bbox 927 4174 1033 4230; x_wconf 91' lang='lat' dir='ltr'>noster</span> <span class='ocrx_word' id='word_1_380' title='bbox 1054 4176 1085 4231; x_wconf 90' lang='lat' dir='ltr'>et</span> <span class='ocrx_word' id='word_1_381' title='bbox 1114 4169 1151 4244; x_wconf 88' lang='lat' dir='ltr'>Q.</span> <span class='ocrx_word' id='word_1_382' title='bbox 1175 4169 1317 4241; x_wconf 87' lang='lat' dir='ltr'>Cassius,</span> <span class='ocrx_word' id='word_1_383' title='bbox 1355 4166 1438 4235; x_wconf 88' lang='lat' dir='ltr'>nulla</span> <span class='ocrx_word' id='word_1_384' title='bbox 1459 4165 1492 4229; x_wconf 89' lang='lat' dir='ltr'>vi</span> 
     </span>
     <span class='ocr_line' id='line_1_41' title="bbox 141 4256 1490 4348; baseline 0.004 -30"><span class='ocrx_word' id='word_1_385' title='bbox 141 4256 319 4342; x_wconf 84' lang='lat' dir='ltr'>merpulsi,</span> <span class='ocrx_word' id='word_1_386' title='bbox 341 4257 380 4321; x_wconf 91' lang='lat' dir='ltr'>ad</span> <span class='ocrx_word' id='word_1_387' title='bbox 403 4261 565 4324; x_wconf 87' lang='lat' dir='ltr'>Caesarem</span> <span class='ocrx_word' id='word_1_388' title='bbox 586 4279 657 4323; x_wconf 90' lang='lat' dir='ltr'>eum</span> <span class='ocrx_word' id='word_1_389' title='bbox 679 4257 814 4323; x_wconf 89' lang='lat' dir='ltr'>Curione</span> <span class='ocrx_word' id='word_1_390' title='bbox 835 4258 969 4343; x_wconf 83' lang='lat' dir='ltr'>profecti</span> <span class='ocrx_word' id='word_1_391' title='bbox 991 4269 1088 4324; x_wconf 85' lang='lat' dir='ltr'>erant.</span> <span class='ocrx_word' id='word_1_392' title='bbox 1130 4266 1161 4326; x_wconf 82' lang='lat'>3.</span> <span class='ocrx_word' id='word_1_393' title='bbox 1181 4266 1387 4348; x_wconf 86' lang='lat' dir='ltr'>Posteaquam</span> <span class='ocrx_word' id='word_1_394' title='bbox 1403 4279 1490 4324; x_wconf 86' lang='lat' dir='ltr'>sena·</span> 
     </span>
    </p>
   </div>
   <div class='ocr_carea' id='block_1_9' title="bbox 178 4481 1492 4898">
    <p class='ocr_par' dir='ltr' id='par_1_10' title="bbox 178 4481 1492 4898">
     <span class='ocr_line' id='line_1_42' title="bbox 246 4481 1491 4548; baseline 0.002 -17"><span class='ocrx_word' id='word_1_395' title='bbox 246 4481 273 4531; x_wconf 80' lang='lat'>2.</span> <span class='ocrx_word' id='word_1_396' title='bbox 299 4484 341 4531; x_wconf 77' lang='lat' dir='ltr'>sto</span> <span class='ocrx_word' id='word_1_397' title='bbox 364 4483 450 4532; x_wconf 78' lang='lat' dir='ltr'>minus</span> <span class='ocrx_word' id='word_1_398' title='bbox 476 4482 571 4533; x_wconf 85' lang='lat' dir='ltr'>Dresd.</span> <span class='ocrx_word' id='word_1_399' title='bbox 599 4484 702 4534; x_wconf 87' lang='lat' dir='ltr'>tertius.</span> <span class='ocrx_word' id='word_1_400' title='bbox 723 4509 754 4521; x_wconf 91' lang='lat'><em>-</em></span> <span class='ocrx_word' id='word_1_401' title='bbox 790 4484 816 4534; x_wconf 72' lang='lat' dir='ltr'>t.</span> <span class='ocrx_word' id='word_1_402' title='bbox 836 4486 933 4534; x_wconf 75' lang='lat' dir='ltr'>niteris</span> <span class='ocrx_word' id='word_1_403' title='bbox 952 4485 1005 4535; x_wconf 83' lang='lat' dir='ltr'>Vb:</span> <span class='ocrx_word' id='word_1_404' title='bbox 1036 4488 1137 4535; x_wconf 72' lang='lat' dir='ltr'>steteris</span> <span class='ocrx_word' id='word_1_405' title='bbox 1154 4486 1200 4546; x_wconf 82' lang='lat' dir='ltr'>bl,</span> <span class='ocrx_word' id='word_1_406' title='bbox 1226 4483 1389 4548; x_wconf 70' lang='lat' dir='ltr'>praestiteris</span> <span class='ocrx_word' id='word_1_407' title='bbox 1406 4484 1437 4534; x_wconf 95' lang='grc' dir='ltr'>Ε.</span> <span class='ocrx_word' id='word_1_408' title='bbox 1457 4505 1491 4521; x_wconf 90' lang='grc'>-</span> 
     </span>
     <span class='ocr_line' id='line_1_43' title="bbox 181 4551 1490 4619; baseline 0.004 -20"><span class='ocrx_word' id='word_1_409' title='bbox 181 4552 222 4600; x_wconf 89' lang='lat' dir='ltr'>tl.</span> <span class='ocrx_word' id='word_1_410' title='bbox 242 4566 307 4614; x_wconf 80' lang='lat' dir='ltr'>quae</span> <span class='ocrx_word' id='word_1_411' title='bbox 324 4552 368 4601; x_wconf 82' lang='lat' dir='ltr'>bl:</span> <span class='ocrx_word' id='word_1_412' title='bbox 389 4566 442 4616; x_wconf 83' lang='lat' dir='ltr'>quo</span> <span class='ocrx_word' id='word_1_413' title='bbox 459 4551 490 4601; x_wconf 85' lang='lat' dir='ltr'>E.</span> <span class='ocrx_word' id='word_1_414' title='bbox 504 4579 536 4588; x_wconf 92' lang='lat'><em>-</em></span> <span class='ocrx_word' id='word_1_415' title='bbox 555 4553 598 4603; x_wconf 75' lang='lat' dir='ltr'>ll.</span> <span class='ocrx_word' id='word_1_416' title='bbox 618 4555 689 4619; x_wconf 79' lang='lat' dir='ltr'>effcce</span> <span class='ocrx_word' id='word_1_417' title='bbox 706 4554 743 4605; x_wconf 79' lang='lat' dir='ltr'>lt.</span> <span class='ocrx_word' id='word_1_418' title='bbox 762 4580 795 4588; x_wconf 91' lang='lat'>-</span> <span class='ocrx_word' id='word_1_419' title='bbox 815 4555 857 4603; x_wconf 81' lang='lat' dir='ltr'>to.</span> <span class='ocrx_word' id='word_1_420' title='bbox 878 4556 964 4604; x_wconf 74' lang='lat' dir='ltr'>ocolus</span> <span class='ocrx_word' id='word_1_421' title='bbox 982 4555 1018 4604; x_wconf 88' lang='lat' dir='ltr'>M.</span> <span class='ocrx_word' id='word_1_422' title='bbox 1035 4578 1065 4588; x_wconf 93' lang='lat'>-</span> <span class='ocrx_word' id='word_1_423' title='bbox 1085 4557 1241 4618; x_wconf 73' lang='lat' dir='ltr'>Pomponius</span> <span class='ocrx_word' id='word_1_424' title='bbox 1258 4555 1438 4618; x_wconf 82' lang='lat' dir='ltr'>ltagazonius.</span> <span class='ocrx_word' id='word_1_425' title='bbox 1459 4578 1490 4590; x_wconf 91' lang='lat'><em>-</em></span> 
     </span>
     <span class='ocr_line' id='line_1_44' title="bbox 179 4620 1492 4688; baseline 0.003 -19"><span class='ocrx_word' id='word_1_426' title='bbox 179 4620 222 4669; x_wconf 69' lang='lat'>20.</span> <span class='ocrx_word' id='word_1_427' title='bbox 248 4622 369 4670; x_wconf 70' lang='lat' dir='ltr'>odeum</span> <span class='ocrx_word' id='word_1_428' title='bbox 388 4622 432 4671; x_wconf 80' lang='lat' dir='ltr'>M:</span> <span class='ocrx_word' id='word_1_429' title='bbox 460 4622 496 4670; x_wconf 87' lang='lat' dir='ltr'>od</span> <span class='ocrx_word' id='word_1_430' title='bbox 511 4636 638 4672; x_wconf 80' lang='lat' dir='ltr'>summum</span> <span class='ocrx_word' id='word_1_431' title='bbox 656 4624 686 4675; x_wconf 85' lang='grc' dir='ltr'>Ε.</span> <span class='ocrx_word' id='word_1_432' title='bbox 708 4648 736 4658; x_wconf 94' lang='grc'>-</span> <span class='ocrx_word' id='word_1_433' title='bbox 773 4625 816 4674; x_wconf 79' lang='lat'>25.</span> <span class='ocrx_word' id='word_1_434' title='bbox 836 4627 959 4688; x_wconf 75' lang='lat' dir='ltr'>quonium</span> <span class='ocrx_word' id='word_1_435' title='bbox 976 4626 1021 4675; x_wconf 83' lang='lat' dir='ltr'>bl:</span> <span class='ocrx_word' id='word_1_436' title='bbox 1041 4639 1119 4687; x_wconf 78' lang='lat' dir='ltr'>guum</span> <span class='ocrx_word' id='word_1_437' title='bbox 1138 4626 1166 4674; x_wconf 87' lang='grc' dir='ltr'>Ε.</span> <span class='ocrx_word' id='word_1_438' title='bbox 1186 4653 1219 4660; x_wconf 95' lang='grc'>-</span> <span class='ocrx_word' id='word_1_439' title='bbox 1254 4627 1298 4675; x_wconf 70' lang='grc'>27.</span> <span class='ocrx_word' id='word_1_440' title='bbox 1319 4632 1355 4676; x_wconf 83' lang='lat' dir='ltr'>est</span> <span class='ocrx_word' id='word_1_441' title='bbox 1373 4626 1492 4673; x_wconf 79' lang='lat' dir='ltr'>tument·</span> 
     </span>
     <span class='ocr_line' id='line_1_45' title="bbox 179 4690 1488 4758; baseline 0.004 -20"><span class='ocrx_word' id='word_1_442' title='bbox 179 4690 243 4740; x_wconf 77' lang='lat' dir='ltr'>totis</span> <span class='ocrx_word' id='word_1_443' title='bbox 254 4697 313 4741; x_wconf 82' lang='lat' dir='ltr'>tuoe</span> <span class='ocrx_word' id='word_1_444' title='bbox 323 4691 369 4742; x_wconf 77' lang='lat' dir='ltr'>M:</span> <span class='ocrx_word' id='word_1_445' title='bbox 388 4692 561 4742; x_wconf 75' lang='lat' dir='ltr'>humanitatis</span> <span class='ocrx_word' id='word_1_446' title='bbox 569 4701 630 4744; x_wconf 82' lang='lat' dir='ltr'>tuoe</span> <span class='ocrx_word' id='word_1_447' title='bbox 641 4701 679 4744; x_wconf 82' lang='lat' dir='ltr'>est</span> <span class='ocrx_word' id='word_1_448' title='bbox 691 4693 722 4743; x_wconf 90' lang='grc' dir='ltr'>Ε.</span> <span class='ocrx_word' id='word_1_449' title='bbox 738 4718 768 4730; x_wconf 95' lang='grc'><strong>-</strong></span> <span class='ocrx_word' id='word_1_450' title='bbox 787 4694 830 4744; x_wconf 86' lang='grc'>33.</span> <span class='ocrx_word' id='word_1_451' title='bbox 848 4697 930 4755; x_wconf 75' lang='lat' dir='ltr'>possit</span> <span class='ocrx_word' id='word_1_452' title='bbox 943 4696 985 4744; x_wconf 84' lang='lat' dir='ltr'>M:</span> <span class='ocrx_word' id='word_1_453' title='bbox 1005 4703 1089 4757; x_wconf 81' lang='lat' dir='ltr'>posset</span> <span class='ocrx_word' id='word_1_454' title='bbox 1103 4694 1192 4746; x_wconf 84' lang='lat' dir='ltr'>Guols.</span> <span class='ocrx_word' id='word_1_455' title='bbox 1208 4708 1265 4758; x_wconf 90' lang='lat' dir='ltr'>pr.,</span> <span class='ocrx_word' id='word_1_456' title='bbox 1284 4697 1399 4758; x_wconf 79' lang='lat' dir='ltr'>potuerit</span> <span class='ocrx_word' id='word_1_457' title='bbox 1410 4694 1440 4744; x_wconf 92' lang='grc' dir='ltr'>Ε.</span> <span class='ocrx_word' id='word_1_458' title='bbox 1460 4717 1488 4727; x_wconf 94' lang='grc'>-</span> 
     </span>
     <span class='ocr_line' id='line_1_46' title="bbox 178 4758 1491 4828; baseline 0.002 -19"><span class='ocrx_word' id='word_1_459' title='bbox 178 4758 222 4809; x_wconf 73' lang='grc'>36.</span> <span class='ocrx_word' id='word_1_460' title='bbox 240 4761 354 4823; x_wconf 69' lang='lat' dir='ltr'>fument.</span> <span class='ocrx_word' id='word_1_461' title='bbox 402 4761 512 4811; x_wconf 69' lang='lat' dir='ltr'>Ornatam</span> <span class='ocrx_word' id='word_1_462' title='bbox 529 4769 553 4812; x_wconf 85' lang='lat' dir='ltr'>et</span> <span class='ocrx_word' id='word_1_463' title='bbox 571 4763 633 4812; x_wconf 75' lang='lat' dir='ltr'>Vbs</span> <span class='ocrx_word' id='word_1_464' title='bbox 658 4765 762 4828; x_wconf 71' lang='lat' dir='ltr'>[penem</span> <span class='ocrx_word' id='word_1_465' title='bbox 789 4766 902 4815; x_wconf 78' lang='lat' dir='ltr'>omnino.</span> <span class='ocrx_word' id='word_1_466' title='bbox 942 4767 972 4814; x_wconf 82' lang='lat' dir='ltr'>Et</span> <span class='ocrx_word' id='word_1_467' title='bbox 995 4765 1025 4814; x_wconf 87' lang='lat' dir='ltr'>E.</span> <span class='ocrx_word' id='word_1_468' title='bbox 1056 4789 1083 4799; x_wconf 92' lang='lat'>-</span> <span class='ocrx_word' id='word_1_469' title='bbox 1133 4765 1176 4816; x_wconf 86' lang='grc'>37.</span> <span class='ocrx_word' id='word_1_470' title='bbox 1196 4767 1231 4816; x_wconf 87' lang='lat' dir='ltr'>ud</span> <span class='ocrx_word' id='word_1_471' title='bbox 1248 4766 1295 4817; x_wconf 79' lang='lat' dir='ltr'>boc</span> <span class='ocrx_word' id='word_1_472' title='bbox 1319 4767 1340 4815; x_wconf 93' lang='lat' dir='ltr'>l.</span> <span class='ocrx_word' id='word_1_473' title='bbox 1361 4766 1404 4814; x_wconf 80' lang='lat' dir='ltr'>Fr·</span> <span class='ocrx_word' id='word_1_474' title='bbox 1425 4763 1491 4814; x_wconf 87' lang='lat' dir='ltr'>Gro-</span> 
     </span>
     <span class='ocr_line' id='line_1_47' title="bbox 178 4829 744 4898; baseline 0.011 -19"><span class='ocrx_word' id='word_1_475' title='bbox 178 4830 282 4881; x_wconf 83' lang='lat' dir='ltr'>novius.</span> <span class='ocrx_word' id='word_1_476' title='bbox 328 4829 382 4883; x_wconf 81' lang='lat' dir='ltr'>Gir.</span> <span class='ocrx_word' id='word_1_477' title='bbox 402 4831 481 4881; x_wconf 76' lang='lat' dir='ltr'>llsnd</span> <span class='ocrx_word' id='word_1_478' title='bbox 499 4831 576 4884; x_wconf 86' lang='lat' dir='ltr'>Turs.</span> <span class='ocrx_word' id='word_1_479' title='bbox 595 4834 618 4884; x_wconf 93' lang='lat'>1.</span> <span class='ocrx_word' id='word_1_480' title='bbox 639 4848 666 4898; x_wconf 89' lang='lat' dir='ltr'>p.</span> <span class='ocrx_word' id='word_1_481' title='bbox 685 4834 744 4885; x_wconf 85' lang='grc'><strong>157.</strong></span> 
     </span>
    </p>
   </div>
   <div class='ocr_carea' id='block_1_10' title="bbox 0 0 1632 5400">
    <p class='ocr_par' dir='ltr' id='par_1_11' title="bbox 0 0 1632 5400">
     <span class='ocr_line' id='line_1_48' title="bbox 0 0 1632 5400; baseline 0 3"><span class='ocrx_word' id='word_1_482' title='bbox 0 0 1632 5400; x_wconf 95' lang='lat' dir='ltr'> </span> 
     </span>
    </p>
   </div>
  </div>
 </body>
</html>
