3256 5400
68 234 221 295 '11ss

229 391 325 460 Haec
346 390 414 459 ille.
456 388 592 458 Abeunt
619 409 702 459 sane
729 390 835 457 verba
855 389 890 455 in
911 389 1146 460 controversia
1167 391 1277 476 positu
1299 409 1321 457 a
1341 388 1418 457 Md.
1437 392 1472 458 ct

144 494 288 564 Victorii
308 495 372 562 Ed.
386 496 535 580 utraque.
579 495 715 562 liabent
736 497 844 561 autem
868 512 911 560 ex
932 492 1019 559 Edd.
1033 493 1111 559 mibi
1132 496 1223 559 notis
1239 491 1473 580 Cratandrina,

144 600 355 668 emoniensis
376 603 556 666 memorata
577 599 742 685 Bengello
764 600 798 663 et
819 597 1039 687 Bengeliana.
1081 597 1166 664 Post
1186 595 1409 666 Cratandrum
1431 616 1473 665 ea

143 722 261 772 rursus
281 704 379 770 eiecit
400 706 481 769 ante
504 701 687 769 victorium
704 703 914 791 llervaglus3
935 699 1093 767 Ascensii
1108 706 1218 768 autem
1233 706 1353 768 neutra
1368 701 1472 768 editio

145 827 186 875 ea
207 806 353 874 exbibet.
396 796 474 896 llgo
496 824 581 873 veru
602 807 637 872 in
658 805 711 873 bis
725 824 856 892 semper
869 808 997 895 agnovi
1011 804 1223 873 Grammatici
1238 807 1380 874 alicuius
1394 805 1474 872 Itali

143 908 222 982 Sec.
235 909 330 978 XIV.
351 910 409 977 vel
430 908 508 977 XV.
529 909 838 997 interpolationem,
860 928 922 996 per
942 909 1030 973 illum
1052 904 1134 975 cdd.
1154 911 1282 996 aliquot
1299 912 1474 977 recentio-

142 1035 214 1082 rum
240 1032 428 1100 numerum,
459 1019 498 1080 ut
524 1013 578 1102 fit,
611 1016 842 1103 propagatam.
886 1013 1116 1098 luterpulator
1140 1017 1250 1079 autem
1271 1013 1412 1100 perinde
1431 1031 1473 1082 ae

142 1117 341 1186 Wunderus
364 1118 607 1204 oppositionem
628 1118 770 1203 aliquam
791 1117 983 1201 requirebat
1004 1117 1093 1182 inter
1114 1118 1219 1183 verba
1239 1119 1392 1206 puudm
1415 1117 1474 1185 di-

141 1227 276 1290 ctarem
298 1224 332 1288 et
355 1219 574 1311 cohortatus,
597 1239 663 1308 qua
684 1225 794 1286 tamen
817 1239 902 1305 opus
924 1218 1012 1285 baud
1034 1222 1103 1305 est,
1123 1223 1153 1287 si
1168 1220 1298 1307 quidem
1312 1239 1386 1289 cum
1399 1221 1474 1307 ipsa
1511 1246 1517 1261 ¹

143 1327 373 1414 gratulatione
394 1323 574 1414 gaudiique
589 1325 795 1407 testimonio,
816 1324 961 1411 urbane,
982 1327 1019 1388 ut
1034 1322 1176 1391 decebat
1190 1322 1386 1392 Ciceronem
1400 1342 1474 1417 cum

143 1448 227 1519 rege
249 1431 511 1515 colloquentem,
539 1430 644 1495 mixta
665 1430 738 1495 erat
760 1427 964 1495 cohortatio:
1003 1445 1088 1514 quae
1108 1446 1275 1517 arrogans
1295 1429 1419 1495 luisset
1439 1432 1475 1496 et

143 1534 332 1618 rusticana,
364 1551 435 1622 eam
456 1533 485 1598 si
508 1533 710 1599 seiunxisset
732 1550 751 1597 a
773 1531 1011 1620 gratulatione.
1052 1529 1238 1598 Praeterea
1258 1532 1329 1597 lieri
1350 1534 1476 1619 potest,

145 1641 184 1704 ut
209 1636 433 1722 interpolator
464 1637 595 1703 veritus
627 1639 690 1721 sit,
722 1638 795 1702 sine
827 1635 895 1700 ulla
923 1637 1042 1700 tarum·
1062 1653 1180 1720 eausa,
1211 1654 1255 1701 ne
1281 1638 1315 1700 in
1341 1637 1475 1705 sincera

137 1740 291 1807 'lectione
305 1738 367 1807 cd.
385 1738 459 1808 Md.
475 1759 510 1806 v.
524 1738 727 1808 cobortutua
739 1739 983 1830 significatione
994 1740 1131 1824 passiva
1142 1738 1370 1825 accipiendum
1383 1741 1476 1805 esset

144 1846 211 1911 sle:
235 1840 553 1911 «Ariobarzanem
565 1862 620 1909 me
638 1841 840 1911 cohortatus
857 1844 1051 1931 disccartt,»
1076 1862 1095 1911 e
1111 1843 1265 1930 Catonis,
1288 1861 1356 1908 nun
1376 1842 1476 1910 'lullii

146 1946 405 2015 consuetudine:
426 1949 475 2013 utl
489 1948 585 2014 simili
599 1966 739 2033 prorsus
752 1948 883 2013 ratione
898 1948 1071 2014 Liuianum
1087 1945 1184 2012 iilud:
1207 1947 1241 2030 l,
1263 1945 1304 2035 8,
1326 1943 1379 2012 3.:
1396 1965 1477 2015 errat

144 2055 302 2118 secutum
330 2069 513 2118 rtumeruru
539 2056 671 2138 putarit
691 2070 713 2118 a
735 2051 904 2118 nonnuliis
929 2054 1120 2136 corruptum
1148 2053 1200 2117 est
1227 2052 1262 2116 in
1288 2056 1477 2137 coemptum.

144 2154 181 2221 la
203 2154 323 2242 igitur,
357 2173 422 2241 quo
445 2155 502 2221 vel
535 2153 686 2236 adesset,
719 2174 814 2242 quam
845 2154 1075 2239 desiderabat,
1108 2155 1293 2239 oppositio,
1325 2155 1382 2220 vel
1411 2173 1477 2239 quo

144 2258 337 2344 tolleretur,
360 2260 415 2345 qul
438 2258 633 2344 videbatur,
653 2260 889 2345 soloecismus,
910 2260 968 2325 illa
989 2260 1189 2348 inculcavit,
1212 2256 1371 2347 languida
1392 2260 1478 2325 satis

143 2363 200 2428 vel
216 2366 355 2446 propter
368 2364 474 2447 ipsam
493 2364 677 2429 iuncturam
692 2363 815 2429 iactam
831 2382 893 2447 per
906 2383 964 2428 vv.
980 2368 1016 2428 ct
1030 2368 1166 2452 tamea,
1188 2380 1261 2428 cum
1277 2380 1359 2427 sane
1374 2361 1478 2451 longa

144 2466 262 2531 melius
283 2464 405 2532 inisset
427 2466 485 2533 vel
505 2467 611 2532 dorcet
633 2464 852 2553 cohortatus,
884 2466 941 2532 vel
967 2470 1071 2555 utque
1096 2466 1215 2531 eodem
1237 2470 1391 2551 tempore
1414 2486 1478 2532 ce-

145 2567 326 2654 bortatua3
359 2570 474 2654 inepta
495 2572 604 2635 autem
627 2573 767 2656 propter
788 2571 893 2653 ipsum
917 2568 1082 2634 delectum
1103 2569 1199 2634 verbi
1221 2568 1478 2637 adolescentem

146 2672 360 2757 contemptim
383 2690 492 2758 paene
514 2670 557 2737 de
580 2668 696 2738 eodem
713 2675 923 2759 usurpatum,
946 2690 1040 2755 quem
1055 2673 1177 2756 ubique
1192 2691 1349 2758 perquam
1366 2672 1479 2740 bono-

145 2774 238 2842 rllice
260 2793 379 2863 regern
400 2778 581 2862 nuncupat.
622 2776 698 2842 Huc
725 2779 835 2841 autem
862 2776 1028 2841 vocabulo
1050 2774 1196 2842 absurdo
1218 2794 1300 2841 sanc
1321 2796 1403 2842 usus
1424 2780 1479 2844 est

145 2880 384 2969 grammaticus
410 2880 483 2968 ille,
516 2898 583 2944 non
612 2880 749 2963 proprio
771 2876 1043 2954 Amatorzuats,
1075 2898 1144 2944 non
1166 2883 1377 2968 pronomine,
1409 2899 1478 2946 nen

146 2984 213 3051 aliu
235 2981 396 3068 denique,
433 2985 509 3068 quia
538 3000 601 3050 uec
630 3001 751 3049 nomen
777 2984 945 3068 proprium
968 2983 1075 3049 locum
1097 2982 1221 3050 babere
1242 2987 1377 3070 poterat
1400 2987 1478 3070 post

147 3084 386 3172 praecedentia
414 3082 530 3174 ,lipom
558 3085 618 3152 tlte
648 3090 775 3174 prime,
814 3104 878 3152 nec
907 3105 1089 3172 pronomen
1117 3089 1232 3153 iterari
1260 3090 1339 3175 post
1362 3107 1424 3177 epo
1445 3091 1479 3157 ei

147 3190 288 3279 elegans
309 3191 396 3255 ratio
416 3188 614 3277 videbatur3
651 3188 772 3256 callide
794 3190 898 3279 igliur
920 3193 954 3256 et
976 3194 1088 3257 tamen
1108 3193 1211 3256 stulte
1232 3193 1391 3276 praetulit
1412 3211 1478 3277 ap-

146 3294 341 3380 pellativum
356 3292 621 3360 adolescentem.
664 3293 734 3362 cir.
752 3291 1109 3380 contrectamur).
1127 3291 1198 3378 17,
1220 3288 1256 3376 S.
1279 3291 1313 3362 7.
1341 3295 1479 3382 Repre-

147 3397 310 3464 hensione
338 3399 516 3483 praeterea
544 3396 647 3484 digna
675 3400 754 3464 sunt
783 3402 923 3482 propter
952 3397 1069 3464 falsam
1101 3398 1353 3466 collocationem
1382 3402 1480 3468 istius

147 3501 305 3567 vocabuli
337 3502 608 3590 adulescentem,
645 3519 718 3568 cum
753 3502 873 3568 saltem
909 3501 1082 3568 dicendum
1117 3503 1253 3569 luisset:
1292 3498 1382 3570 Cum
1417 3524 1478 3593 cpe

147 3605 364 3672 adolescenti
383 3604 586 3693 protelatus
608 3623 752 3670 casem·
766 3609 845 3670 -et
870 3611 989 3671 tamea
1018 3624 1097 3670 earm
1125 3625 1234 3672 esrem
1264 3606 1479 3677 cohortatur.

146 3707 323 3775 Postremo
351 3709 470 3774 merito
500 3706 695 3774 offendimus
719 3709 753 3773 in
779 3711 915 3797 ingrata
935 3710 1137 3790 repetitione
1158 3730 1193 3776 v.
1212 3729 1322 3778 casem
1344 3713 1378 3777 in
1401 3715 1480 3798 epi-

147 3813 237 3879 stola
268 3816 335 3878 iam
368 3812 552 3878 elaborata.
595 3808 762 3893 Quattuor
791 3815 894 3902 igitur
922 3815 1015 3879 vitiis
1044 3813 1174 3880 laborat
1199 3813 1291 3880 istud
1321 3820 1480 3902 quattuor

147 3917 326 3984 verborum
349 3916 528 3998 emblema,
559 3919 700 4002 propter
727 3935 812 4002 quae
834 3920 886 3982 iot
907 3935 948 3985 uc
969 3920 1037 3983 tam
1059 3918 1236 3985 manifesta
1255 3921 1340 3986 vitia
1360 3924 1479 3989 merliu

149 4038 170 4089 u
192 4021 360 4107 plerisque
382 4017 579 4084 Edituribus
599 4020 758 4086 reiectum
781 4024 843 4086 est.

234 4120 327 4190 Sanc
349 4121 391 4188 de
412 4125 486 4188 tutu
511 4122 573 4189 boc
593 4141 721 4210 genere
742 4123 828 4189 idem
850 4125 960 4209 valet,
983 4124 1072 4210 quud
1087 4125 1129 4191 de
1151 4125 1291 4211 quodam
1314 4127 1480 4196 Verrina-

150 4245 221 4292 rum
242 4222 367 4295 cauce
391 4224 472 4292 dicit
495 4226 692 4293 [renuardus
711 4227 847 4294 Bruuus
862 4228 1042 4295 Arretinus
1063 4231 1098 4294 in
1119 4230 1183 4316 Ep.
1205 4228 1266 4297 13.
1288 4224 1407 4321 (Eup.
1426 4235 1480 4302 cd.

149 4324 278 4396 Melius
306 4329 343 4394 Τ.
357 4330 384 4394 l.
405 4348 438 4413 p.
457 4321 559 4410 eal:
595 4330 703 4397 Mitto
738 4332 803 4398 tibi
835 4337 1012 4399 erutiones
1047 4327 1225 4402 Ciceronis
1258 4341 1296 4402 tu
1336 4335 1480 4405 Verrem

150 4438 244 4500 recte
265 4432 402 4517 quidem
416 4437 585 4524 scriptur,
607 4435 686 4525 sed,
707 4440 749 4501 ut
762 4436 911 4526 uidebis,
932 4435 1024 4502 male
1040 4437 1256 4505 emendatur.
1302 4437 1368 4521 cor
1384 4434 1479 4509 cotim

151 4540 323 4622 curatpere
344 4535 471 4626 octoas,
494 4537 682 4619 caepione
704 4544 870 4624 conopia

236 4636 308 4706 Sed
329 4639 408 4706 alibi
431 4658 560 4725 quoque
582 4638 818 4708 eiusdemmodi
832 4642 1109 4728 interpolationes
1123 4643 1248 4711 babent
1262 4639 1321 4714 Cd.
1341 4647 1479 4715 llittor-

143 4746 271 4832 ,planus
301 4744 460 4831 imprimis
487 4746 522 4809 et
553 4741 673 4813 Dresd.
702 4746 841 4832 tertius3
875 4745 1086 4833 eiusdemque
1119 4750 1271 4838 generis,
1303 4752 1345 4819 ab
1380 4752 1479 4820 ltalia

151 4848 311 4920 videlicet
341 4845 585 4922 recentioribus
614 4865 677 4916 suo
709 4848 874 4923 arbitratu
905 4851 1029 4920 talibus
1058 4853 1181 4942 pomula
1210 4858 1339 4948 ornati,
1371 4856 1482 4927 fuisse
