3256 5400
619 247 690 308 tto.
713 249 736 309 1.
780 249 838 310 Er.
863 247 911 308 17.
937 246 984 309 18.
1397 247 1459 311 773

141 426 211 470 eum
234 403 331 489 patris
353 401 469 467 habere
491 401 578 477 loco,
601 405 654 487 qui
677 424 715 468 nc
737 401 827 469 liberi
849 403 976 490 quidem
1000 401 1134 467 bominis
1156 423 1288 468 numero
1310 407 1371 469 sit?
1407 413 1459 471 At-

141 499 194 585 qui
216 518 255 562 eo
277 498 390 572 tendit,
420 497 452 561 id
474 501 552 582 agit,
582 496 620 561 ad
642 518 712 562 cum
736 498 854 562 exitum
877 508 1026 585 properat
1048 498 1100 562 vir
1121 497 1271 582 optimus,
1298 507 1333 561 ut
1353 499 1393 563 sit
1414 499 1457 564 illi

142 591 474 677 Octaviusgspropitius.
516 595 584 676 Ego
606 611 683 655 vero
704 591 766 656 iarn
789 592 827 656 iis
849 590 968 657 artibus
990 592 1066 656 nibil
1089 589 1209 666 tribuo,
1239 589 1352 677 quibus
1375 593 1459 657 Cice·

141 709 252 753 ronem
274 692 338 751 scio
360 685 633 751 instructissimum
649 706 727 750 esso.
765 685 847 762 Quid
867 686 948 751 enim
971 686 1015 750 illi
1030 694 1174 770 prosunt,
1198 707 1277 772 quae
1291 708 1350 772 pro
1366 686 1459 753 liber·

142 792 204 848 tate
230 783 363 868 patriae,
393 780 431 844 de
457 778 621 863 dignitate,
652 801 733 866 quae
762 778 800 842 de
823 789 938 854 morte,
968 780 1096 852 exsilio,
1126 789 1308 864 paupertate
1337 782 1483 867 scripsit³

143 875 379 962 copiosissime?
402 878 526 951 Quanto
548 884 649 938 autem
667 874 763 956 magis
785 873 836 937 illa
858 874 971 938 callere
993 873 1117 938 ridetur
1131 873 1306 958 Philippus,
1329 876 1382 963 qui
1396 879 1460 963 pri·

143 971 238 1054 vigno
265 969 367 1033 minus
394 967 556 1040 tribuerit,
586 988 679 1052 quarn
701 971 811 1032 Cicero
833 968 935 1032 alieno
957 966 1095 1032 tribuat?
1130 972 1258 1032 Desinat
1280 970 1374 1053 igitur
1395 970 1461 1055 glo-

143 1063 255 1130 riando
284 1063 375 1128 etiam
404 1063 550 1127 insectari
580 1061 706 1126 dolores
727 1071 863 1126 nostros.
907 1062 990 1138 Quid
1019 1063 1101 1126 enim
1124 1072 1229 1127 nostra
1255 1063 1370 1128 rictum
1392 1084 1461 1128 esse

144 1159 326 1231 Antonium,
349 1157 376 1221 si
397 1156 496 1220 victus
518 1163 579 1226 ost,
603 1164 636 1218 ut
658 1155 710 1218 alii
734 1165 873 1227 vacaret,
897 1155 981 1241 quod
1004 1156 1055 1220 ille
1077 1155 1233 1221 obtinuit?
1269 1162 1298 1221 6.
1326 1158 1461 1222 Tametsi

145 1264 217 1319 tuac
238 1252 358 1317 litterae
380 1249 475 1315 dubia
497 1249 672 1313 etiamnunc
694 1248 876 1332 significant.
920 1251 1009 1315 Vivat
1031 1249 1157 1315 hercule
1180 1251 1307 1324 Cicero,
1330 1251 1384 1337 qui
1406 1261 1501 1336 po·¹⁰

147 1360 223 1421 test,
246 1346 378 1432 supplex
400 1354 430 1408 ct
452 1343 623 1416 obnoxius,
646 1342 672 1406 si
694 1363 796 1427 neque
811 1343 921 1407 aetatis
942 1364 1044 1427 neque
1060 1343 1216 1408 bonorum
1237 1365 1339 1430 neque
1354 1365 1461 1409 rerum

147 1451 303 1526 gestarum
329 1438 434 1524 pudet.
477 1441 544 1520 Ego
566 1447 664 1508 certe,
693 1441 768 1521 quin
791 1458 860 1500 curn
883 1437 950 1522 ipsa
972 1458 1006 1500 re
1029 1436 1145 1502 bellum
1167 1457 1289 1520 geram,
1320 1437 1379 1503 hoc
1401 1446 1462 1510 est,

147 1557 218 1600 curn
247 1554 345 1617 regno
368 1542 398 1595 et
419 1532 558 1615 imperiis
580 1529 835 1595 extraordinariis
863 1541 894 1594 et
916 1529 1127 1595 dominatione
1150 1542 1180 1595 et
1202 1532 1353 1615 potentia,
1382 1551 1462 1617 quae

148 1649 241 1713 supra
270 1627 353 1710 leges
375 1647 409 1688 sc
438 1645 506 1688 esse
528 1624 615 1695 velit,
645 1624 728 1687 nulla
758 1625 817 1689 erit
845 1636 906 1689 tarn
929 1623 1011 1689 bona
1033 1624 1176 1689 condicio
1199 1625 1373 1699 serviendi,
1401 1645 1463 1710 qua

148 1723 324 1791 deterrear,
355 1719 495 1801 quamvis
517 1719 556 1783 sit
578 1716 765 1791 virbonus,
794 1728 828 1782 ut
849 1718 977 1791 scribis,
1001 1719 1167 1784 Antonius:
1197 1718 1282 1804 quod
1304 1740 1364 1805 ego
1386 1740 1461 1784 nun·
1474 1727 1501 1771 ¹⁵

149 1837 243 1900 quarn
266 1812 451 1877 existimavi.
489 1813 551 1877 Sed
565 1813 724 1877 dominum
747 1833 787 1876 ne
809 1823 969 1897 parentem
991 1813 1115 1897 quidem
1139 1813 1274 1877 maiores
1288 1813 1388 1877 nostri
1410 1833 1464 1878 vo-

149 1910 274 1973 luerunt
297 1927 374 1970 esse.
418 1912 462 1969 Te
484 1906 543 1970 nisi
564 1916 683 1971 tantum
704 1927 856 1977 amarem,
879 1916 1027 1991 quantum
1050 1907 1192 1971 Ciceroni
1213 1927 1397 1991 persuasum
1419 1914 1466 1970 est

150 2003 237 2087 diligi
259 2002 297 2066 ab
316 2000 458 2072 Octavio,
482 2000 557 2065 haec
578 2001 617 2065 ad
640 2010 669 2065 te
690 2021 754 2065 non
776 2000 978 2084 scripsissem.
1013 1999 1105 2064 Dolet
1126 1999 1218 2072 milri,
1240 1999 1323 2085 quod
1346 2008 1381 2063 tu
1402 2020 1465 2063 non

151 2096 368 2169 stomacharis,
398 2096 625 2159 amantissimus
653 2115 724 2159 cum
754 2103 878 2158 tuorum
910 2094 1067 2167 omnium,
1097 2104 1162 2158 tum
1190 2093 1360 2159 Ciceronis.
1404 2092 1466 2157 Sed

150 2190 303 2278 persuade
325 2187 381 2252 tibi
403 2187 441 2251 de
463 2188 621 2252 voluntate
643 2189 771 2273 propria
793 2209 861 2250 mea
884 2187 958 2265 nihil
981 2208 1049 2251 esse
1077 2188 1257 2262 remissum,
1288 2185 1326 2250 de
1348 2185 1503 2252 iudicione

152 2285 288 2368 largiter.
324 2286 431 2365 Neque
454 2285 535 2344 onim
557 2283 720 2366 impetrari
742 2290 859 2367 potest,
883 2286 971 2366 quin,
995 2281 1085 2366 quale
1108 2280 1244 2367 quidque
1262 2279 1405 2344 videatur
1426 2279 1466 2355 ei,

152 2379 243 2444 talem
272 2375 404 2462 quisque
431 2373 470 2437 de
497 2373 551 2438 illo
581 2377 760 2460 opinionem
787 2373 907 2440 babeat.
958 2381 988 2438 7.
1018 2376 1135 2440 Vellem
1165 2375 1240 2439 mibi
1270 2374 1466 2459 scripsisses,

153 2491 233 2558 quae
255 2468 454 2533 condiciones
476 2477 578 2531 essent
600 2474 716 2533 Atticae
740 2479 873 2533 nostrae.
916 2467 1088 2532 Potuissem
1111 2466 1228 2552 aliquid
1250 2466 1307 2531 tibi
1335 2467 1374 2531 de
1396 2487 1468 2532 meo

153 2586 246 2629 sensu
268 2560 473 2648 perscribere.
511 2563 724 2627 Valetudinem
740 2563 867 2628 Porciae
882 2584 970 2626 meae
992 2561 1047 2625 tibi
1070 2583 1163 2626 curae
1185 2581 1253 2625 esse
1275 2582 1337 2625 non
1359 2560 1467 2626 miror.

153 2658 293 2740 Denique
315 2654 400 2741 quod
421 2655 518 2740 petis,
541 2655 651 2719 faciam
673 2656 825 2734 libenter;
846 2677 916 2720 nam
939 2656 1031 2720 ctiam
1053 2676 1180 2720 sorores
1202 2675 1251 2718 me
1272 2663 1394 2739 rogant.
1431 2659 1506 2719 Etn

154 2750 311 2815 bominem
333 2770 414 2813 noro
436 2759 465 2812 et
488 2748 563 2834 quid
585 2748 643 2813 sibi
666 2751 810 2815 voluerit.

560 2894 672 2955 XVIII.
717 2895 858 2958 CICERO
879 2895 1009 2958 BRUTO
1033 2896 1063 2957 S.

242 3019 269 3078 l.
299 3017 375 3080 Cum
397 3033 490 3098 saepe
520 3021 550 3077 te
572 3013 682 3077 litteris
704 3014 844 3079 hortatus
865 3035 980 3088 essem,
1007 3025 1155 3098 utquam
1179 3013 1314 3099 primunr
1342 3012 1388 3075 rei
1414 3031 1471 3095 pu·

156 3110 255 3174 blicae
277 3105 474 3180 subvenires,
503 3106 736 3191 inltaliamque
759 3109 931 3172 exercitum
953 3108 1138 3182 adduceres,
1165 3128 1266 3193 neque
1288 3106 1319 3169 id
1341 3105 1469 3169 arbitra·

157 3225 210 3269 rer
233 3199 374 3265 dubitare
396 3210 467 3265 tuos
483 3201 691 3274 necessarios
713 3211 840 3285 rogatus
862 3223 929 3265 sum
953 3225 970 3266 a
988 3201 1229 3287 prudentissima
1252 3208 1283 3264 et
1304 3199 1509 3282 diligentis-ao

158 3302 235 3362 sima
263 3295 391 3367 lernina,
422 3293 518 3359 rnatr'e
548 3306 616 3367 tua,
645 3295 733 3359 cuius
763 3317 872 3359 omnes
898 3316 991 3360 curae
1021 3295 1059 3360 ad
1081 3306 1111 3359 te
1132 3295 1313 3360 reseruntur
1335 3303 1365 3357 ct
1387 3293 1418 3357 iu
1440 3301 1471 3357 tc

102 3451 106 3457 .
158 3397 399 3458 consumuntur,
423 3398 456 3452 ut
479 3389 617 3453 venirem
640 3388 679 3452 ad
702 3410 735 3452 se
757 3411 785 3453 a.
807 3389 836 3453 d.
860 3410 922 3454 nx.
946 3389 1011 3453 llal.
1037 3393 1136 3462 Sext,
1160 3387 1244 3473 quod
1266 3408 1340 3471 ego,
1363 3396 1397 3451 ut
1418 3385 1473 3450 de-

159 3484 231 3554 bui,
260 3482 327 3545 sine
349 3503 437 3545 mora
459 3482 529 3546 leci.
574 3487 650 3546 Cum
678 3493 780 3548 autem
803 3484 973 3556 venissem,
1002 3488 1096 3548 Casca
1124 3482 1230 3546 aderat
1258 3491 1289 3544 et
1309 3478 1414 3544 Labeo
1442 3491 1473 3544 et

160 3577 310 3662 Scaptius.
353 3582 392 3640 At
419 3576 470 3639 illa
499 3576 617 3640 rettulit
639 3577 868 3662 quaesivitque,
898 3576 1044 3662 quidnam
1073 3576 1148 3640 mibi
1170 3575 1342 3640 rideretur:
1372 3593 1474 3637 arces·

160 3691 341 3735 seremusne
367 3678 398 3733 te
426 3678 519 3754 atque
548 3668 580 3732 id
602 3668 657 3733 tibi
679 3669 853 3734 conducere
874 3680 1071 3754 putaremus,
1100 3692 1138 3734 an
1160 3669 1299 3741 tardare,
1329 3690 1368 3732 an
1390 3687 1473 3730 com·
1487 3693 1514 3736 aa

112 3771 114 3777 ’
161 3765 278 3829 morari
301 3763 462 3829 tomellus
485 3772 576 3827 esset.
619 3767 650 3832 2.
677 3763 834 3848 Respondi
857 3763 903 3836 id,
932 3763 1017 3849 quod
1038 3762 1208 3829 sentiebam
1231 3771 1262 3826 et
1282 3760 1422 3847 dignitati
1444 3768 1476 3824 et

162 3857 382 3922 existimationi
410 3867 480 3920 tuae
509 3861 645 3920 maxime
672 3857 863 3931 conducere,
893 3868 923 3920 te
944 3858 1047 3943 primo
1074 3878 1199 3943 quoque
1228 3865 1369 3939 tempore
1390 3852 1474 3917 lerrc

162 3950 350 4036 praesidium
380 3950 494 4014 labenti
524 3961 554 4013 et
577 3950 737 4014 inclinatae
766 3971 864 4034 paene
891 3951 1109 4035 reipublicae.
1156 3949 1239 4027 Quid
1261 3950 1343 4013 eninr
1365 3948 1474 4012 abesse

163 4065 270 4108 censes
292 4045 362 4107 mali
385 4054 416 4114 in
431 4065 470 4108 eo
491 4042 591 4116 bello,
614 4044 723 4128 inquo
747 4046 881 4108 victores
903 4050 1058 4109 exercitus
1080 4044 1249 4129 lugientem
1264 4042 1384 4108 bostem
1406 4061 1478 4125 per·

167 4183 281 4191 au——-
288 4185 319 4190 ----
326 4186 361 4190 --
369 4185 455 4190 --.-...

233 4235 259 4282 1.
279 4231 321 4295 ne]
340 4249 387 4283 nec
405 4235 426 4283 l.
449 4262 477 4273 -
499 4235 524 4283 3,
544 4236 585 4281 his
604 4235 625 4282 l.
646 4257 677 4267 -
698 4234 843 4284 Ciceronem
858 4238 911 4285 scio
929 4237 993 4286 atu:
1013 4239 1068 4286 scio
1088 4234 1233 4284 Ciceronem
1252 4234 1295 4283 lli.
1318 4258 1345 4267 -
1365 4234 1392 4283 5.
1411 4247 1479 4296 quoe

165 4306 195 4352 de
213 4304 343 4365 dignitate
361 4305 517 4353 Lambinus.
539 4330 569 4339 -
594 4304 620 4351 7.
643 4304 731 4352 Cicero
749 4307 794 4367 qni
813 4306 898 4355 alieno
917 4307 991 4356 bllll.
1014 4333 1041 4342 -
1069 4308 1111 4356 10.
1131 4305 1231 4354 bercnle
1249 4318 1304 4355 om·
1325 4305 1346 4352 l.
1368 4326 1398 4338 -
1423 4302 1479 4352 bla-

165 4375 228 4422 lim:
249 4388 327 4435 quam
342 4380 427 4434 potest
445 4374 563 4435 supplex·
591 4373 641 4423 On.
661 4399 693 4409 —
719 4376 761 4422 tu.
782 4375 855 4438 pitin]
876 4379 920 4437 qui
940 4378 961 4424 l.
984 4400 1011 4410 -
1039 4377 1081 4426 15.
1103 4371 1245 4435 Antonius]
1266 4374 1389 4424 Octauius
1407 4373 1480 4421 Tun-

165 4444 259 4493 stallus
281 4443 354 4491 Obss.
376 4460 401 4508 p.
422 4445 481 4494 rus.
509 4469 542 4477 -
579 4445 621 4492 16.
640 4446 760 4492 estimavi
777 4446 814 4496 M.
843 4472 873 4481 -
911 4446 953 4494 18.
974 4447 1049 4507 {litigi
1067 4446 1099 4495 ub
1117 4446 1198 4494 llllll:
1227 4443 1301 4508 ditipr'
1320 4457 1346 4491 rc
1365 4443 1397 4490 ab
1417 4456 1478 4491 cum

166 4513 399 4563 1116616011.-
427 4529 481 4563 non
500 4514 524 4564 1:
544 4528 614 4562 nranc
632 4515 715 4564 blllE.
736 4538 766 4551 -
802 4518 843 4565 19.
864 4531 921 4565 cunr
939 4517 1004 4566 Mu:
1024 4523 1078 4564 turn
1099 4516 1142 4564 lE.
1163 4541 1195 4550 -
1231 4514 1415 4576 20.propric,
1436 4512 1479 4563 vel

164 4585 277 4645 propriu
294 4583 410 4632 deletum
431 4585 546 4634 malebat
566 4585 713 4634 Ernestius.
742 4610 776 4618 —
812 4587 854 4635 23.
880 4587 928 4636 tibi
947 4587 1051 4648 aliquid
1070 4587 1090 4633 l.
1125 4611 1149 4620 -
1187 4585 1231 4633 25.
1256 4580 1305 4645 me]
1324 4581 1479 4632 mcucCod.

167 4655 253 4703 Onon.
292 4654 363 4702 Fort.
383 4666 519 4704 mennae·
548 4653 597 4704 On.
628 4681 656 4691 -
695 4655 738 4704 26.
760 4668 837 4705 nosco
856 4656 887 4705 R.
917 4680 944 4689 -
982 4657 1065 4704 votuit
1084 4655 1123 4703 Vb
1143 4659 1170 4703 et
1188 4654 1248 4705 tort.
1269 4655 1307 4704 ltl.
1335 4678 1364 4688 -
1401 4652 1443 4702 30.
1464 4666 1482 4701 a

167 4724 243 4784 dilig.
263 4728 287 4773 ct
302 4724 384 4785 prud.
409 4725 440 4772 R.
467 4746 499 4761 -
536 4725 579 4773 3l.
610 4737 831 4775 accersercmnsnc
849 4725 870 4775 l.
901 4751 929 4761 -
968 4727 1011 4777 35.
1037 4726 1087 4775 tibi
1104 4725 1133 4772 id
1155 4725 1176 4773 l.
1205 4748 1236 4760 -
1272 4723 1484 4774 ancomrnoruri

167 4794 231 4844 MR:
253 4800 277 4844 ct
294 4795 451 4842 concinerari
470 4794 513 4843 lE.
545 4795 616 4844 Fort.
637 4809 669 4843 uc
688 4797 853 4846 commorari.
884 4796 963 4847 Bsrr.
984 4820 1015 4831 -
1047 4793 1310 4845 3616666161-
1348 4792 1485 4844 361116·-

169 4870 249 4914 natas
263 4877 347 4926 paene
365 4865 405 4913 rcr'
421 4864 489 4916 MR:
509 4864 652 4916 inclinatus
669 4867 708 4914 rcr'
726 4866 769 4916 lli.
