3216 5408
67 240 70 246 .
177 220 239 282 728
668 208 730 270 ΕΡ.
750 209 802 269 AI)
826 206 1000 270 ATTICUII

179 379 309 440 Sextum
339 369 524 438 adventare,
555 385 617 428 nun
640 362 786 448 quoiam
808 362 944 435 adesset,
976 357 1031 424 sed
1052 359 1125 444 quia
1146 368 1233 424 certe
1256 358 1290 424 id
1312 371 1444 447 ageret,
1474 361 1515 425 ab

179 467 337 550 armisque
358 461 462 526 nullus
483 455 667 523 discederet.
711 459 817 529 Certe,
840 455 866 520 si
888 454 1006 540 pergit,
1034 451 1150 518 bellum
1175 464 1321 538 paratum
1348 464 1408 523 est.
1454 456 1514 521 llic

179 571 283 625 autem
299 565 405 621 noster
420 550 601 639 Cytherius,
624 549 683 614 nisi
698 550 866 622 victorem,
889 547 1045 612 neminem
1061 547 1228 611 victurum.
1266 547 1354 624 Quid
1379 547 1420 612 ad
1436 548 1515 613 haec

180 657 298 718 Pansa?
321 660 393 714 utro
408 647 484 719 erit,
506 646 533 709 si
555 643 672 709 bellum
694 643 774 707 criti
796 641 881 727 quud
897 641 1020 705 videtur
1040 638 1119 706 lore.
1163 639 1226 704 Sed
1250 649 1283 704 et
1296 640 1379 706 haec
1399 652 1431 706 et
1453 644 1514 708 alia

159 765 306 819 scoram;
330 741 423 805 hudie
445 738 587 824 quidem,
610 746 647 802 ut
667 735 795 808 scribis,
817 744 871 799 aut
892 756 972 799 cras.

614 877 729 940 ariri.
772 876 832 954 (A.
860 877 891 939 a.
915 876 946 937 c.
969 876 1065 954 rin.)

658 998 800 1063 CICERO
823 997 965 1060 ATTICO
989 1000 1019 1061 S.

267 1112 396 1179 Mirifice
418 1121 583 1196 torqueor,
614 1114 681 1173 sine
703 1107 813 1172 dolore
835 1117 951 1183 tamem
978 1107 1033 1171 sed
1055 1109 1210 1193 permulta
1232 1109 1311 1174 milri
1334 1109 1377 1174 de
1399 1120 1513 1177 nostro

183 1209 294 1273 itinere
316 1207 347 1270 in
370 1216 534 1288 utramque
555 1211 676 1288 partem
696 1212 873 1266 occurnmt.
918 1203 1109 1286 Quousque?
1130 1205 1264 1287 inquies.
1309 1203 1430 1280 Quoad
1453 1208 1514 1268 erit

150 1301 356 1383 reintegrum;
388 1297 447 1361 erit
474 1308 577 1361 autem
605 1316 705 1379 usquc
733 1294 807 1358 dum
835 1294 873 1359 ad
895 1315 1016 1359 navem.
1060 1299 1156 1359 Pansa
1179 1295 1206 1359 si
1229 1297 1453 1382 rescripserit,
1483 1308 1514 1361 et

183 1415 284 1457 meam
306 1390 362 1455 tibi
376 1401 407 1454 et
421 1391 504 1454 illius
526 1389 689 1475 epistulam
710 1388 840 1452 mittam.
876 1388 985 1452 Silium
1003 1387 1238 1473 exspectabam
1261 1390 1313 1454 cui
1330 1391 1513 1474 ὑπόμνημα

183 1485 400 1569 compositum.
444 1483 477 1547 Si
498 1482 574 1568 quid
594 1482 679 1546 novi.
722 1486 790 1566 Ego
812 1482 929 1546 litteras
951 1482 1021 1545 misi
1043 1481 1082 1546 ad
1103 1487 1251 1560 Brutum;
1281 1484 1376 1549 cuius
1398 1484 1441 1549 de
1464 1485 1515 1550 iti·

184 1599 260 1644 nere
282 1579 373 1642 etiam
397 1597 435 1640 ex
460 1585 489 1639 te
511 1575 620 1650 velim,
643 1577 669 1640 si
691 1576 768 1662 quid
789 1576 886 1650 scies,
909 1595 1108 1659 cognoscere.

622 1728 731 1790 XXIV.
773 1725 832 1803 (A.
858 1728 890 1790 tt
913 1727 944 1790 C.
967 1728 1038 1791 710.
1042 1730 1063 1806 )

150 1888 176 1928 ,5
668 1850 810 1913 CICERO
832 1850 974 1914 ATTICO
998 1853 1029 1913 S.

269 1959 476 2034 Tabellarius,
506 1979 599 2043 quem
628 1957 667 2022 ad
690 1963 821 2024 Brutum
842 1960 1001 2035 miseram,
1030 1981 1072 2026 ex
1092 1961 1204 2026 itinere
1233 1962 1333 2028 rediit
1355 1985 1421 2031 vn.
1444 1966 1513 2032 Kal.

184 2056 222 2120 Ei
244 2054 375 2119 Servilia
404 2054 484 2119 dixit
511 2073 549 2117 eo
577 2050 628 2116 die
655 2057 785 2117 Brutum
814 2057 851 2117 Η.
875 2073 942 2123 1111.
969 2054 1155 2140 profectum.
1199 2060 1280 2121 Sane
1310 2057 1404 2123 dolui
1428 2080 1516 2124 meas

185 2149 303 2213 litteras
324 2147 461 2212 redditas
483 2167 545 2211 nuu
566 2166 645 2210 esse.
682 2147 776 2211 Silius
798 2147 836 2212 ad
857 2169 908 2212 me
930 2159 1143 2215 convenerat.
1179 2153 1311 2217 Causam
1326 2159 1514 2239 composui;

186 2263 258 2308 eum
280 2241 419 2307 libellum
441 2240 498 2306 tibi
519 2241 600 2306 misi.
643 2246 687 2306 Te
708 2263 772 2326 quu
793 2241 844 2306 die
866 2250 1060 2328 exspectem,
1087 2244 1181 2309 velim
1202 2245 1292 2309 scire.

149 2428 178 2469 ,ω
636 2393 729 2454 xxa.
778 2389 832 2472 (A.
858 2394 890 2456 u.
913 2394 944 2456 a.
966 2397 1060 2474 nu.)

668 2514 809 2577 CICERO
831 2515 974 2580 ATTICO
996 2517 1027 2579 S.

271 2633 317 2692 De
345 2646 416 2689 meo
446 2625 558 2688 itinere
587 2623 692 2687 variae
714 2624 899 2701 sententiae,
928 2625 1017 2691 multi
1046 2633 1128 2693 enim
1154 2629 1193 2694 ad
1214 2652 1275 2695 me.
1320 2634 1387 2700 Sed
1409 2644 1447 2701 tu
1468 2637 1514 2702 iu·

186 2721 313 2796 cumbe,
335 2739 468 2806 quaeso,
490 2719 522 2782 iu
545 2739 613 2782 eam
636 2739 752 2782 curam.
795 2723 980 2802 Magnetes
1002 2733 1058 2787 est.
1100 2723 1300 2810 inprobas,
1329 2726 1358 2792 si
1380 2728 1423 2793 ad
1444 2730 1512 2794 Kal.

185 2822 249 2881 lan.
270 2815 463 2899 cogitamus?
497 2816 585 2876 Meus
606 2811 727 2875 animus
749 2820 796 2876 est
819 2833 956 2897 aequus,
988 2815 1033 2880 sic
1055 2825 1173 2892 tamen,
1203 2829 1238 2884 ut
1259 2819 1285 2884 si
1307 2820 1389 2886 nihil
1412 2821 1512 2887 offen·

148 2911 281 2980 essionis
304 2910 358 2986 sit;
391 2908 456 2985 iet
483 2916 515 2969 tu
537 2906 630 2969 etiam
652 2910 744 2980 scite,
772 2926 835 2991 quo
858 2906 909 2971 die
931 2908 1006 2973 olim
1028 2911 1175 2995 piaclum,
1206 2915 1356 2998 mysteria
1382 2915 1510 2980 scilicet

185 3008 222 3069 Ut
248 3012 282 3067 ut
304 3001 343 3065 sit
364 3022 431 3073 res,
460 3021 549 3064 casus
578 2998 742 3063 consilium
773 3001 872 3064 nostri
899 3001 1019 3067 itineris
1040 3004 1197 3069 iudicabit.
1242 3006 1434 3074 Dubitemus
1455 3011 1511 3094 igi·

185 3107 244 3161 tnr.
288 3100 342 3160 Est
363 3095 444 3158 enlm
469 3092 597 3158 hiberna
621 3092 779 3176 navigatio
801 3094 925 3170 odiosa,
949 3118 1051 3184 eoque
1074 3120 1114 3162 ex
1128 3111 1158 3163 te
1180 3106 1378 3185 quaesIeram
1396 3116 1510 3192 myste-

184 3192 305 3255 riorum
328 3188 420 3254 diem.
464 3194 609 3259 Brutum,
633 3197 667 3253 ut
689 3187 814 3262 scribis,
837 3190 938 3255 visum
959 3192 1001 3256 iri
1023 3214 1105 3258 ame
1127 3203 1213 3278 putu.
1257 3198 1325 3280 Ego
1342 3196 1416 3262 hinc
1438 3198 1510 3262 vulo

185 3284 265 3370 prid.
289 3283 357 3347 llal.

149 3467 176 3502 „
632 3427 741 3487 narr.
785 3424 840 3506 (A.
866 3428 898 3489 n.
920 3429 952 3490 a.
974 3426 1058 3510 710.)

666 3547 809 3610 CICERO
832 3549 974 3610 ATTICO
997 3551 1028 3612 S.

271 3661 299 3719 1.
328 3663 373 3720 Be
397 3658 503 3732 Quinti
526 3657 654 3741 negotiu
677 3656 769 3720 video
791 3677 809 3720 a
830 3667 861 3720 te
883 3658 987 3722 omnia
1010 3657 1098 3725 lacta.
1141 3662 1196 3726 Ille
1220 3672 1320 3728 tamen
1344 3665 1434 3731 dolet
1454 3667 1508 3732 du·

186 3749 300 3822 bitans,
331 3760 435 3813 utrum
465 3771 585 3814 murem
614 3759 701 3835 gerat
729 3754 859 3836 Leptae,
890 3773 929 3816 an
958 3751 1050 3818 fidem
1079 3754 1215 3821 iulirmet
1243 3757 1317 3824 lilio.
1367 3760 1507 3825 luaudivi

258 3969 282 4014 1.
309 3968 377 4030 quod
397 3967 552 4017 Lambinus.
581 3995 607 4004 -
647 3971 673 4017 2.
701 3970 781 4019 nullis
799 3971 821 4018 l.
847 3997 875 4007 -
915 3972 939 4021 3.
966 3974 1094 4023 Cicirrius
1115 3975 1138 4024 t.
1168 3999 1194 4008 -
1233 3977 1259 4025 d·
1287 3991 1347 4026 cum
1364 3985 1427 4027 utro
1446 3992 1507 4027 cum

186 4037 251 4085 Cud.
274 4034 311 4096 (3)
332 4038 421 4086 ErsIui
440 4046 465 4086 et
485 4038 617 4088 Lambinu
636 4039 775 4087 Graevius.
798 4065 826 4075 —
864 4041 890 4090 9.
910 4057 1042 4106 qricusqsse
1060 4046 1193 4106 inquietae
1210 4047 1295 4095 aderit
1314 4047 1355 4106 M,
1375 4063 1508 4112 quusi-sque

186 4108 286 4168 quiesco
304 4107 390 4156 admit
409 4108 431 4156 l.
450 4134 483 4141 -
521 4111 561 4158 10.
582 4108 672 4171 usqne]
692 4111 828 4172 linquam
846 4109 890 4170 Ill,
913 4113 1040 4174 hucusque
1059 4114 1089 4162 R.
1109 4141 1141 4151 -
1177 4116 1200 4163 si
1217 4121 1290 4164 triers
1307 4119 1506 4179 scripseritll,

185 4188 247 4224 uero
264 4175 288 4222 si
304 4178 436 4236 scripserit
463 4179 500 4238 R,
528 4181 565 4227 sie
583 4191 642 4227 vere
659 4181 793 4241 scripserit
817 4179 846 4237 I,
874 4182 897 4229 si
914 4184 951 4230 mi
968 4185 1132 4244 rescripserit
1158 4185 1338 4249 Wesenberg.
1376 4185 1423 4249 (Ut
1443 4202 1506 4248 uus,

169 4245 346 4314 ,Manutius-t
367 4271 396 4281 -
436 4250 476 4296 11.
497 4249 636 4308 epistulam
654 4249 691 4298 Μ.
724 4248 768 4298 Sic
787 4248 1009 4313 plerumque-
1046 4255 1201 4316 hipponense
1221 4255 1242 4305 1.
1266 4279 1292 4288 -
1332 4257 1377 4307 12.
1397 4259 1507 4308 Malim:

186 4317 390 4375 compositurus.
426 4316 454 4365 Si
473 4325 523 4367 cet.
544 4318 595 4369 On.
618 4344 642 4359 ·-
687 4319 727 4368 17.
746 4315 791 4381 Ei]
809 4320 844 4368 Et
868 4322 942 4372 IIRI.
970 4348 1002 4359 -
1037 4324 1074 4373 Η.
1095 4322 1162 4387 rur-l
1187 4326 1222 4374 H·
1241 4327 1284 4374 nis
1309 4325 1345 4387 Z,
1374 4329 1415 4378 lis
1433 4328 1507 4379 ttttt.

187 4385 272 4438 tCorr.
294 4398 309 4434 e
328 4383 374 4446 X.)
405 4409 432 4418 -
469 4388 545 4438 dotus
564 4403 604 4451 pr.
625 4388 661 4437 Il·
689 4410 720 4425 -
756 4390 799 4439 tc.
819 4389 915 4440 Silvius
934 4392 955 4440 l.
984 4415 1016 4427 -
1051 4395 1096 4445 23.
1115 4408 1230 4460 quaeso:
1249 4410 1306 4444 men
1326 4411 1392 4447 curu
1410 4412 1509 4463 mapsa

188 4456 209 4502 l.
234 4478 259 4488 -
299 4455 550 4514 as.aequts1.-
590 4454 636 4518 sic]
657 4459 681 4505 si
699 4457 749 4508 Ill.
787 4456 831 4522 (Ut
852 4476 916 4522 nos,
937 4463 1026 4520 XZR.)
1049 4490 1075 4499 -
1114 4473 1143 4514 ut
1161 4468 1185 4514 si
1202 4466 1268 4514 nihil
1285 4464 1426 4518 xzttsus
1444 4468 1510 4518 nihil

188 4525 255 4574 RIE.
275 4551 304 4559 -
326 4525 369 4574 25.
388 4525 514 4587 scireque
528 4528 568 4575 die
582 4527 704 4590 Olympia
717 4543 822 4577 samm.
843 4532 916 4580 nittl.
945 4531 1092 4595 (piaculum
1110 4535 1140 4584 li.
1170 4535 1342 4600 Utnos,X.)
1366 4563 1394 4575 -
1415 4538 1461 4589 26.
1480 4545 1509 4588 ut

187 4601 217 4641 tu
235 4596 311 4643 scires
330 4595 402 4644 sint.
435 4595 479 4650 (Ut
499 4609 563 4654 nos,
584 4596 628 4647 Χ.)
648 4621 675 4633 -
704 4598 831 4648 iudicauit
848 4602 961 4652 dubitem
980 4605 1020 4653 lis
1042 4605 1063 4653 l.
1085 4629 1114 4640 -
1145 4608 1230 4667 ipitnr
1247 4609 1315 4656 enirn
1331 4607 1435 4670 ptam
1453 4608 1509 4666 ttt,

188 4665 279 4724 iqitnr.
308 4665 425 4714 Hiberna
443 4665 510 4712 enim
530 4666 560 4714 R.
592 4667 635 4718 tllt
653 4680 718 4726 uus,
737 4669 802 4731 liz.)
823 4693 855 4704 -
890 4673 934 4722 27.
953 4676 1091 4739 nuuiqutio
1108 4687 1138 4724 so
1158 4677 1249 4726 odiosa
1266 4676 1342 4727 IIIRI.
1376 4676 1425 4741 (lit
1443 4693 1509 4735 nos,

189 4732 255 4790 XT.)
276 4757 306 4767 -
337 4735 380 4783 28.
401 4730 469 4795 triste]
492 4735 589 4784 traici.
612 4761 641 4771 -
673 4737 715 4785 32.
737 4752 753 4786 a
772 4753 826 4787 om.
846 4740 883 4790 Il.
903 4767 935 4777 ·-
967 4744 1010 4794 33.
1030 4740 1076 4805 un]
1096 4746 1124 4794 in
1143 4745 1165 4795 l.
1188 4773 1215 4784 -
1244 4747 1509 4811 filiomundidilii.

191 4802 246 4860 llll,
268 4802 332 4851 Silio
349 4804 490 4853 inaudibili
510 4803 537 4855 L.
559 4805 589 4854 R.
628 4804 672 4866 (Ut
692 4820 756 4866 nus,
778 4809 893 4866 Raetus.)
