3256 5400
177 228 238 290 572
663 223 722 285 ΕΡ.
742 223 795 285 ln
818 221 989 286 dunelm

177 382 253 448 nihil
274 382 334 447 uisi
355 381 459 465 fugam
480 378 629 462 cogitare.
673 377 758 455 Quid
780 378 930 464 quaeris?
960 376 1047 442 siens
1067 388 1102 444 ds
1133 394 1198 455 τοῖς
1224 389 1399 466 ἐρωτικοῖς
1429 375 1507 441 alie-

176 485 250 540 nant
276 473 471 549 immundae,
500 473 651 547 insnlsae,
678 471 861 546 indecorae,
896 471 1017 536 sicma
1044 470 1128 536 illius
1154 471 1246 556 lagae
1268 470 1503 558 negligentiae-

178 591 239 656 que
270 567 450 633 deformitas
479 565 590 632 avertit
617 565 656 630 ab
684 585 802 631 amore.
858 564 940 630 Nihil
962 563 1045 628 enim
1068 563 1195 650 dignum
1217 564 1371 640 faciebat,
1398 586 1504 653 quare

178 663 245 728 eius
266 661 356 746 lagae
377 660 521 726 comitem
543 681 594 726 me
615 659 828 744 adiungerem.
870 662 957 722 Nunc
979 658 1241 742 mergitamur,
1263 656 1349 726 n'nnc
1372 659 1504 726 deside-

155 757 259 822 srinm
287 753 371 817 lerre
403 774 466 818 non
491 774 637 838 possum;
673 774 755 819 nunc
787 751 865 818 mihi
898 750 976 816 nihil
1003 750 1095 826 libri,
1128 751 1205 819 nihil
1234 754 1381 830 litterae,
1419 753 1501 819 nilril

177 847 318 915 doctrina
346 847 493 932 prodest:
524 847 566 913 ita
588 846 656 912 dies
678 856 710 912 et
731 855 856 920 noctes,
889 854 1047 931 tamquam
1068 845 1135 911 avis
1155 846 1223 923 illa,
1253 871 1341 914 mare
1363 869 1503 936 prospe*

176 951 243 1014 clo.
273 940 399 1005 evolare
426 939 530 1026 cupio.
572 945 636 1016 llo,
658 940 700 1006 do
731 960 848 1026 poenas
880 939 1063 1004 temeritatis
1093 960 1192 1006 meae.
1234 943 1299 1009 Etsi
1331 964 1417 1030 qnae
1440 942 1502 1008 luit

176 1036 227 1102 illa
257 1035 439 1100 temeritas?
471 1033 547 1120 quid
574 1032 635 1098 ieci
661 1054 725 1099 non
753 1032 1057 1098 consideratissime?
1087 1034 1120 1099 Si
1150 1035 1233 1100 enim
1268 1037 1345 1103 nihil
1367 1046 1502 1124 praeter

176 1129 281 1214 lugam
303 1137 524 1214 quaereretur,
556 1127 705 1213 fugissem
728 1125 948 1204 libentissime3
984 1126 1039 1191 sed
1061 1147 1159 1211 genus
1187 1127 1260 1195 belli
1281 1130 1501 1197 crudelissimi

139 1223 372 1297 arcamariani,
404 1221 506 1309 quod,
535 1221 672 1287 nondum
694 1220 801 1286 vident
821 1219 978 1293 homines,
1002 1221 1094 1307 quale
1115 1221 1254 1288 futurum
1277 1226 1335 1300 sit,
1358 1225 1501 1312 perluor-

176 1316 370 1393 rni.Qnae
391 1316 493 1380 minae
515 1315 705 1400 municipiisl
728 1334 808 1400 quae
829 1314 1010 1379 nominatim
1031 1315 1110 1380 viris
1131 1315 1235 1381 bonis!
1258 1340 1339 1403 quae
1356 1319 1501 1405 denique

177 1410 336 1483 omnibus,
368 1409 423 1495 qui
443 1408 682 1474 remansissent!
719 1429 812 1493 qnam
833 1406 948 1473 crebro
969 1407 1060 1473 illud.
1092 1410 1227 1484 „Sulla
1248 1413 1395 1496 potuit,
1421 1432 1501 1496 ego

177 1524 254 1569 nou
275 1508 470 1588 potero?”
510 1507 540 1568 3.
561 1502 639 1568 Mihi
659 1510 762 1568 autem
791 1500 958 1567 haeserunt
983 1501 1052 1566 illa:
1089 1503 1170 1568 male
1175 1506 1408 1613 Tarquinius,
1443 1505 1503 1593 qui

177 1602 358 1670 Porsenam
392 1597 447 1682 qui
479 1597 641 1662 Octavium
667 1595 838 1662 Mamilium
866 1605 973 1661 contra
995 1596 1143 1680 patriam;
1172 1598 1267 1684 impie
1289 1599 1502 1673 Coriolanus,

143 1690 232 1776 sequi
259 1690 411 1755 auxilium
441 1691 531 1776 petiit
557 1712 575 1755 a
605 1690 745 1765 Volscis;
776 1698 860 1754 recte
889 1688 1125 1766 Themistocles,
1160 1692 1215 1778 qui
1248 1693 1331 1758 mori
1366 1693 1502 1769 maluit;

178 1785 315 1850 nefarius
337 1785 480 1870 Hippias,
503 1785 653 1850 Pisistrati
675 1785 770 1859 filius,
794 1784 899 1870 quiin
922 1783 1114 1849 Marathonia
1135 1806 1238 1872 pugna
1253 1784 1383 1859 cecidit,
1408 1806 1502 1850 arma

178 1888 286 1945 contra
308 1879 440 1963 patriam
461 1878 573 1944 ferens.
615 1884 655 1944 m
676 1879 781 1951 Sulla,
804 1886 835 1942 at
855 1882 986 1950 Marius,
1009 1885 1042 1942 al
1063 1883 1158 1945 Cinna
1179 1890 1279 1953 reete,
1302 1881 1404 1945 immo
1427 1881 1503 1945 iure

177 1971 319 2037 sortasse.
372 1971 434 2037 Sed
463 1972 538 2058 quid
564 1993 675 2037 eorum
702 1971 833 2037 victoria
865 1970 1044 2036 crudelius?
1080 1972 1157 2058 quid
1179 1973 1357 2039 funestius?
1392 1973 1502 2038 Huius

177 2064 250 2130 belli
273 2086 369 2150 genus
391 2065 472 2150 lugi,
503 2076 533 2130 et
555 2087 593 2132 eo
615 2067 729 2150 magis,
758 2063 844 2152 qnod
864 2064 1042 2129 crudeliora
1063 2066 1155 2130 etiam
1178 2067 1309 2152 cogitari
1332 2076 1365 2132 et
1386 2067 1501 2154 parari

141 2157 331 2224 invidebam.
373 2163 438 2234 Me,
467 2181 561 2246 quem
583 2159 722 2225 nonnulli
744 2168 997 2224 conservatorem
1019 2158 1107 2223 istius
1128 2159 1232 2234 urbis,
1264 2182 1357 2246 quem
1380 2182 1504 2248 paren-

179 2261 241 2317 tem
269 2273 336 2316 esse
365 2252 527 2327 dixerunt,
566 2258 712 2318 Getarum
742 2262 772 2316 et
799 2251 1020 2317 Armeniorum
1050 2262 1080 2315 et
1109 2253 1295 2319 Colchorum
1324 2256 1437 2340 copias
1459 2254 1503 2320 ad

179 2366 248 2410 eam
269 2346 445 2412 adducere?
467 2369 517 2412 me
539 2348 616 2412 meis
638 2345 758 2411 civibus
780 2344 909 2418 samem,
933 2345 1106 2410 vastitatem
1121 2345 1239 2411 infame
1253 2348 1379 2414 ltaliae?
1405 2353 1503 2413 Hunc

179 2440 314 2526 primum
343 2442 506 2506 mortalem
535 2462 617 2516 esse,
646 2438 758 2505 deinde
780 2439 872 2503 etiam
895 2439 1001 2503 multis
1023 2439 1123 2504 modis
1146 2462 1237 2526 posse
1260 2442 1422 2527 exstingui
1445 2463 1501 2508 co·

179 2532 332 2617 gitabam;
358 2533 469 2599 urbem
491 2546 595 2600 autem
618 2544 649 2598 et
670 2532 821 2619 populum
845 2542 984 2597 nostrum
1008 2535 1194 2600 servandum
1216 2535 1255 2601 ad
1278 2536 1504 2602 immortalita-

141 2636 255 2700 astem
286 2637 434 2713 quantum
463 2629 495 2693 in
526 2627 614 2693 nobis
642 2636 739 2701 esset,
772 2625 940 2711 putabam,
973 2637 1005 2691 et
1037 2637 1140 2692 tamen
1171 2649 1242 2714 spes
1264 2631 1422 2715 quaedam
1446 2651 1501 2695 me

179 2720 388 2802 †0btentabal
417 2721 501 2796 lore,
533 2731 569 2786 ut
597 2719 714 2806 aliquid
741 2720 924 2784 conveniret
948 2725 1069 2805 potius,
1102 2742 1193 2806 quarn
1224 2735 1276 2788 aut
1299 2723 1349 2788 nie
1371 2733 1501 2790 tantum

178 2815 305 2879 sceleris
326 2825 380 2879 aut
400 2815 452 2879 ille
474 2824 589 2881 tantum
613 2814 721 2900 llagitii
742 2813 927 2878 admitteret.
981 2814 1047 2878 Alia
1069 2836 1121 2879 res
1143 2837 1225 2880 nunc
1246 2826 1309 2882 tota
1332 2827 1396 2891 est,
1438 2817 1501 2882 alia

179 2929 265 2971 mens
287 2928 367 2972 mea.
410 2910 481 2983 Sol,
503 2920 538 2974 ut
560 2919 606 2975 est
626 2910 658 2974 in
681 2918 732 2973 lua
754 2907 888 2992 quadum
911 2908 1057 2993 epistola,
1081 2909 1234 2975 excidisse
1249 2911 1325 2975 mihi
1340 2933 1359 2976 e
1374 2911 1501 2978 mundo

178 3002 312 3068 videtur.
354 3008 391 3069 Ut
412 3014 563 3086 aegroto,
583 3004 657 3069 dum
679 3003 779 3066 anima
802 3013 862 3076 est,
886 3023 956 3088 spes
979 3023 1046 3066 esse
1068 3001 1198 3078 dicitur,
1221 3004 1265 3070 sic
1286 3026 1364 3091 ego,
1387 3007 1500 3091 quoad

142 3096 345 3180 soPompeius
366 3097 398 3161 in
420 3098 505 3162 ltalia
527 3097 601 3175 luit,
625 3118 752 3183 sperare
773 3118 836 3161 non
859 3096 971 3161 destiti.
1015 3100 1113 3170 llaec,
1137 3098 1213 3163 haec
1233 3119 1282 3163 me
1298 3098 1499 3179 lelellerunt;

179 3198 223 3262 et,
248 3199 283 3254 ut
303 3212 414 3255 verum
434 3191 566 3277 loquar,
588 3200 671 3256 aetas
694 3196 754 3255 iam
776 3211 793 3254 a
816 3189 970 3256 diuturnis
993 3189 1155 3256 laboribus
1178 3193 1297 3258 devexa
1319 3192 1359 3258 ad
1381 3195 1499 3267 otium,

178 3282 418 3349 domesticarum
439 3306 488 3349 me
517 3308 624 3351 rorum
653 3284 855 3350 delectatione
884 3285 1004 3349 molliit.
1057 3290 1159 3360 Nunc,
1196 3288 1223 3351 si
1244 3288 1293 3352 vel
1315 3287 1500 3373 periculose

179 3377 407 3462 experiundum
430 3379 504 3453 erit,
539 3380 684 3464 experiar
712 3391 810 3452 certe,
839 3387 874 3443 ut
896 3377 967 3442 hinc
988 3379 1122 3443 avolem.
1165 3387 1242 3445 Ante
1265 3382 1407 3467 oportuit
1430 3381 1501 3448 for·

177 3479 268 3534 tasse.
316 3472 378 3536 Sed
406 3493 456 3545 ea,
494 3494 575 3558 quae
602 3473 730 3558 scripsi,
767 3493 816 3536 me
849 3471 1010 3538 tardarunt
1031 3481 1062 3536 et
1082 3475 1249 3539 auctoritas
1271 3475 1407 3539 maxime
1432 3486 1499 3542 tua.

249 3712 274 3758 1.
294 3709 412 3759 alienant
436 3713 495 3758 ruri
519 3711 667 3760 immundae
683 3712 740 3760 uisu
758 3711 811 3760 illis
828 3711 895 3760 unde
913 3712 989 3759 decor
1006 3714 1040 3760 sit
1058 3714 1094 3759 sia
1112 3712 1150 3768 Y,
1177 3712 1328 3761 alienantur
1343 3715 1500 3764 immundas

177 3779 270 3828 insulis
287 3780 354 3828 uude
371 3780 460 3829 decore
477 3783 513 3828 sic
531 3781 572 3835 M,
591 3780 741 3828 alienantur
758 3781 904 3830 immundae
922 3782 1013 3829 insulis
1030 3783 1097 3830 unde
1114 3783 1203 3831 decore
1220 3782 1249 3845 fit
1266 3785 1302 3831 sic
1321 3782 1348 3842 1,
1374 3783 1500 3833 alienan-

179 3856 223 3898 tur
240 3850 370 3898 immunde
387 3850 476 3912 insulis
500 3850 567 3897 unde
590 3850 678 3898 decore
704 3853 740 3899 sic
760 3850 790 3898 11.
828 3848 870 3908 (Ut
890 3865 949 3910 nos,
970 3851 1112 3900 Victorius.
1151 3853 1180 3900 ln
1205 3854 1262 3900 ruri
1290 3852 1354 3903 latet
1378 3852 1499 3903 tortasse

180 3920 288 3968 luridae.
309 3915 372 3982 On.)
394 3945 421 3955 -
459 3919 486 3968 lt.
505 3915 588 3980 Ituna]
607 3919 673 3968 nili?
692 3934 730 3982 pr.
749 3921 786 3969 Μ.
811 3943 837 3953 -
873 3923 899 3973 6.
918 3924 1005 3984 itaque
1024 3922 1045 3969 Ι.
1068 3946 1097 3955 -
1133 3922 1186 3971 dies
1204 3929 1226 3970 et
1245 3920 1340 3985 noctes]
1359 3924 1401 3972 die
1418 3931 1499 3974 nocte

178 3997 215 4039 est
234 4003 273 4050 pr.
293 3988 329 4038 M.
352 4013 381 4025 -
418 3987 700 4052 tamquamavisilla]
720 3991 831 4041 Malim:
859 4000 879 4043 t.
899 3990 1142 4057 lalayeriaailla.
1188 3991 1243 4041 Clr.
1264 3994 1322 4042 Lib.
1340 3993 1372 4051 9,
1393 3993 1447 4054 18,
1468 3995 1496 4044 3.

179 4066 205 4110 et
224 4060 252 4107 1..
275 4060 374 4119 10,2,
395 4061 421 4109 1.
441 4061 490 4110 0n.
525 4084 555 4094 -
592 4059 618 4108 7.
639 4056 759 4121 llo‚do]
778 4063 842 4112 dedo
862 4064 906 4112 111.
937 4085 966 4096 -
1003 4062 1029 4111 9.
1050 4068 1199 4124 quereretur
1217 4063 1248 4110 11.
1280 4086 1307 4096 -
1345 4063 1388 4111 11.
1408 4067 1498 4114 nomi·

179 4125 273 4190 natira]
293 4132 400 4178 nomina
417 4133 495 4181 etiam
515 4131 569 4180 let
588 4144 628 4193 pr.
648 4130 693 4188 M,
714 4133 802 4181 omina
820 4135 899 4183 etiam
917 4145 987 4181 corr.
1008 4131 1052 4190 Μ,
1080 4145 1175 4179 noram
1193 4134 1270 4180 etiarn
1289 4133 1320 4181 11.
1358 4133 1495 4193 roanos,

180 4200 334 4250 Victorius.)
353 4226 385 4236 -
421 4201 464 4250 11.
483 4201 622 4253 Manilium
640 4200 707 4259 MR.
726 4201 854 4252 Manlium
873 4205 894 4253 l.
932 4201 1018 4258 (Corr.
1039 4215 1054 4250 e
1072 4214 1126 4260 mg.
1146 4199 1230 4251 eracl
1248 4225 1277 4237 -
1303 4203 1346 4252 15.
1366 4204 1411 4266 qui
1429 4211 1497 4255 ante

104 4290 108 4297 ·
180 4271 308 4319 auxillum
328 4283 382 4319 om.
413 4272 464 4322 Ml.
495 4297 523 4308 ·-
561 4271 605 4321 16.
632 4271 784 4320 martltons'a
809 4275 845 4323 M.
880 4298 908 4309 -
948 4274 990 4321 19.
1018 4271 1149 4320 crudelior
1168 4271 1214 4332 M,
1245 4273 1372 4321 crudelius
1392 4272 1438 4323 111.
1463 4298 1495 4310 -

180 4340 224 4389 22.
244 4340 390 4390 adduceret.
419 4356 459 4391 nse
476 4341 514 4392 Μ.
538 4364 563 4373 -
602 4355 670 4390 nunc
693 4343 854 4402 primuml,
882 4356 951 4391 nunc
967 4355 1006 4390 me
1026 4344 1141 4403 primurn
1161 4341 1191 4390 11.
1217 4365 1246 4378 -
1282 4343 1325 4393 23.
1345 4344 1496 4407 cupitarum

181 4410 216 4460 111
235 4415 260 4460 et
287 4424 326 4472 pr.
357 4411 393 4461 Μ.
425 4437 457 4447 -
492 4413 536 4461 25.
565 4409 662 4473 tumen]
681 4412 740 4461 inde
758 4413 788 4462 11.
821 4437 852 4449 -
888 4426 928 4463 sne
952 4411 1113 4460 sustentabat
1143 4410 1302 4470 Lambinus,
1330 4427 1356 4462 se
1378 4421 1497 4464 ostenta·

181 4481 225 4530 bat
245 4481 364 4529 Beierus.
386 4505 415 4517 -
435 4481 480 4531 23.
500 4489 547 4531 aut
565 4478 614 4543 laic]
635 4489 663 4529 ut
681 4481 721 4531 lic
740 4482 771 4532 11.
791 4506 820 4516 -
842 4484 886 4534 27.
906 4483 962 4532 altu
978 4496 1049 4531 meas
1066 4495 1122 4529 mea
1141 4495 1179 4543 pr.
1201 4481 1238 4540 M,
1259 4484 1313 4532 ulla
1331 4496 1387 4532 mea
1406 4484 1494 4534 codd.

183 4551 253 4600 Bosii
271 4556 381 4614 excepto
408 4551 436 4600 Z.
474 4550 520 4612 (Ut
538 4565 587 4601 nos
606 4551 660 4600 thl
678 4556 704 4599 et
722 4565 792 4602 corr.
812 4554 862 4614 M.)
889 4580 917 4590 -
956 4552 998 4602 28.
1019 4553 1131 4614 quadarn
1150 4559 1196 4601 tua
1215 4553 1244 4601 11.
1292 4577 1322 4588 -
1359 4553 1400 4601 30.
1420 4555 1495 4603 Alte·

182 4635 241 4670 rum
268 4623 329 4671 laec
354 4635 409 4671 ont.
439 4621 511 4671 Mltl.
549 4621 694 4680 (lnsertum
722 4635 752 4670 ex
779 4624 845 4681 l’z.)
873 4648 903 4658 -
938 4624 1059 4687 fellerunt
1086 4623 1122 4672 Μ.
1151 4648 1183 4658 -
1221 4623 1263 4672 31.
1290 4624 1389 4689 deflexa
1408 4623 1429 4672 l.
1460 4651 1494 4660 -

181 4693 225 4742 32.
244 4693 353 4741 mollivit
373 4691 406 4739 111
425 4697 450 4739 et
470 4704 540 4740 corr.
560 4692 596 4742 M·
619 4716 645 4726 -
683 4693 762 4740 sicel
779 4695 918 4754 periculose
935 4694 993 4743 YZ:
1017 4694 1069 4741 sisa
1083 4693 1197 4753 periculo
1217 4693 1284 4749 MR.
1304 4695 1359 4742 sins
1375 4694 1495 4754 periculo

181 4764 214 4821 1,
242 4764 265 4811 si
286 4763 325 4812 uel
349 4762 465 4824 periculo
487 4775 548 4810 curn
575 4763 742 4815 dsc.,tertia
768 4764 795 4813 li.
833 4763 910 4814 Cant.
939 4765 986 4820 10,
1018 4763 1049 4818 1,
1080 4762 1106 4810 l.
1137 4787 1164 4798 -
1207 4764 1249 4812 31.
1269 4764 1393 4827 scripsisti
1417 4764 1494 4816 Mltl.

183 4832 269 4894 (corr.
289 4846 305 4883 s
322 4831 405 4884 Codd.
426 4831 532 4882 leliol.
552 4838 579 4881 et
597 4830 711 4881 Meliust.
