3256 5400
174 233 234 296 176
506 284 510 293 .
599 225 873 294 erupuerunt!
895 229 949 292 AD
971 229 1062 293 thl.

169 387 301 460 fuciunt,
335 385 475 452 hostibus
496 381 621 449 obviam
643 382 691 449 ire
718 419 768 459 -,
798 394 914 460 tamen,
948 384 975 450 si
997 383 1072 472 quid
1094 384 1230 472 Lepidus
1253 385 1334 452 bene
1357 392 1491 456 sentiens

169 479 346 547 detrimenti
372 479 525 565 cepisset,
558 476 619 542 hoc
645 497 738 543 omne
760 476 950 560 assignatum
971 477 1012 542 iri
1040 487 1094 541 aut
1113 478 1303 563 pertinaciae
1328 504 1415 549 meae
1436 496 1491 551 eut

168 574 276 640 timori
297 572 453 647 videbam,
485 570 512 636 si
543 582 597 636 aut
618 569 776 636 hominem
797 569 952 636 offensum
981 570 1079 646 mihi,
1113 572 1315 639 coniunctum
1349 597 1419 642 cum
1454 600 1490 643 re

168 666 306 753 publica,
342 687 406 732 nou
427 663 637 730 sublevassem
666 674 719 729 aut
740 663 807 749 ipse
830 685 848 727 a
872 664 1042 729 certamine
1064 663 1138 729 belli
1160 674 1223 730 tem
1246 670 1416 744 necessarii
1439 692 1489 736 me

145 761 381 826 eremovissem.
424 754 583 844 ultaque
605 757 709 844 potins
727 757 900 843 periclitari
921 757 1022 832 volui,
1052 758 1079 823 si
1100 779 1225 844 possem
1249 781 1319 825 mea
1341 783 1490 848 praeseu-

167 854 210 919 tia
231 862 262 918 et
282 853 433 940 Lepidum
456 852 538 919 tueri
559 862 590 917 et
612 851 786 916 exercitum
809 851 914 916 lacere
938 851 1121 927 meliorem,
1151 872 1245 937 qnam
1266 854 1358 922 nimis
1380 868 1489 924 cantus

166 947 279 1013 rideri.
322 945 541 1013 sollicitiorem
560 952 645 1010 certe
667 943 842 1019 hominem,
865 966 928 1010 non
950 944 1015 1010 suis
1029 945 1210 1019 contractis,
1234 947 1391 1012 neminem
1411 960 1489 1035 puto

167 1040 273 1106 luisse.
316 1044 392 1105 Nam
415 1060 495 1126 quae
516 1060 568 1103 res
589 1038 704 1103 nullam
726 1037 860 1104 babebat
881 1038 1124 1113 dubitationem,
1148 1039 1174 1103 si
1197 1040 1354 1107 exercitus
1376 1043 1487 1128 Lepidi

167 1132 264 1208 nbsit,
300 1153 338 1197 ea
364 1153 446 1197 nunc
475 1153 617 1217 magnam
645 1130 737 1195 affert
758 1132 1000 1197 sollicitudinem
1026 1152 1234 1218 magnumque
1258 1133 1351 1199 babet
1371 1157 1487 1201 casum.

130 1252 155 1291 ro
167 1226 242 1293 Mihi
266 1225 399 1291 enimsi
421 1224 617 1310 contigisset,
650 1233 686 1288 ut
706 1224 794 1310 prior
812 1245 1014 1303 occurrerem
1035 1225 1187 1299 Antonio,
1211 1247 1273 1291 non
1295 1229 1488 1294 mehercules

167 1320 278 1386 horam
304 1319 511 1385 constitisset:
534 1326 650 1384 tantum
678 1338 737 1403 ego
764 1328 795 1383 et
827 1317 903 1382 mibi
929 1317 1054 1383 conlido
1086 1328 1118 1382 et
1150 1319 1195 1384 sic
1221 1322 1379 1404 perculsas
1404 1322 1488 1387 illius

166 1414 272 1501 copias
299 1412 496 1499 Ventidiiqne
521 1410 669 1477 mulionis
694 1421 794 1476 castra
817 1412 966 1498 despicio.
1023 1412 1086 1477 Sed
1112 1433 1174 1476 non
1196 1433 1324 1498 possum
1345 1437 1408 1479 non
1432 1436 1485 1479 ex·

164 1508 365 1581 horrescere,
399 1506 426 1572 si
464 1506 540 1594 quid
566 1505 650 1570 intra
689 1515 791 1571 cutem
819 1505 926 1571 subest
954 1506 1109 1580 vulneris,
1143 1506 1227 1592 quod
1255 1507 1343 1593 prius
1373 1529 1487 1572 nocere

165 1612 283 1691 potest,
317 1622 410 1687 quam
431 1599 505 1665 sciri
526 1601 693 1686 curarique
714 1599 823 1685 possit.
866 1599 928 1665 Sed
949 1607 1055 1673 certe,
1078 1599 1138 1664 nisi
1159 1621 1224 1666 nuo
1245 1601 1316 1666 loco
1337 1621 1387 1664 me
1402 1610 1489 1665 tene

131 1718 156 1757 rs
165 1718 252 1769 rem,
274 1714 420 1779 magnum
439 1693 613 1778 periculum
627 1692 693 1778 ipse
709 1692 861 1778 Lepidus,
883 1712 1029 1777 magnum
1051 1712 1088 1757 ee
1108 1713 1181 1778 pars
1204 1694 1362 1759 exercitus
1376 1695 1485 1770 adiret,

165 1810 246 1877 qnae
260 1787 340 1852 bene
354 1786 393 1851 de
414 1807 449 1851 re
470 1786 596 1873 publica
617 1786 719 1851 sentit.
762 1790 904 1869 Magnam
920 1785 1012 1850 etiam
1026 1785 1141 1873 perditi
1156 1784 1261 1852 hostes
1276 1788 1486 1853 accessionem

164 1881 227 1948 sibi
247 1881 408 1954 fecissent,
438 1880 464 1944 si
486 1902 563 1966 quas
585 1879 690 1966 copias
712 1901 730 1943 a
751 1878 871 1965 Lepido
892 1879 1126 1944 abstraxissent.
1172 1882 1261 1957 Quae
1283 1881 1311 1946 sl
1335 1881 1485 1947 adventus

164 1995 254 2040 mens
280 1974 486 2059 represserit,
520 1994 609 2058 agam
641 1973 755 2058 gratias
776 1972 920 2038 fortunae
941 1973 1195 2059 constantiaeque
1218 1995 1321 2049 meae,
1344 1996 1424 2061 quae
1445 1974 1485 2040 ad

163 2067 244 2133 hanc
266 2067 493 2153 experientiam
515 2065 668 2131 excitavit
727 2070 757 2130 4.
780 2070 886 2151 ltaque
904 2087 932 2132 a.
954 2065 985 2130 d.
1008 2086 1072 2130 nu.
1098 2065 1226 2131 Kalend.
1250 2072 1316 2133 lun.
1338 2066 1378 2131 ab
1400 2071 1484 2132 lsara

127 2171 272 2227 socastra
302 2160 403 2235 movi;
437 2169 563 2245 pontem
592 2169 713 2231 tamen,
744 2178 838 2243 quem
859 2159 892 2223 in
913 2163 998 2223 lsara
1025 2157 1177 2233 feceram,
1208 2160 1340 2225 castellis
1362 2158 1485 2225 duobus

163 2253 202 2319 ad
224 2254 323 2341 capita
345 2252 475 2338 positis,
497 2252 611 2338 reliqui
632 2250 850 2338 praesidiaque
871 2250 915 2316 ibi
938 2251 1028 2316 firma
1047 2252 1155 2337 posui,
1178 2263 1213 2318 ut
1235 2253 1370 2317 venienti
1387 2259 1485 2317 Bruto

163 2346 378 2433 exercituique
407 2345 475 2410 eius
503 2346 570 2411 sine
600 2366 688 2409 mora
725 2346 873 2410 transitus
903 2355 985 2410 esset
1014 2355 1155 2430 paratus.
1206 2349 1291 2431 lpse,
1314 2355 1348 2410 nt
1372 2365 1483 2430 spero,

163 2439 275 2505 diebus
307 2448 393 2512 octo,
430 2437 544 2523 quibus
572 2437 629 2503 has
661 2437 779 2504 litteras
810 2437 943 2513 dabam,
979 2459 1050 2504 cum
1078 2437 1189 2524 Lepidi
1217 2437 1317 2523 copiis
1339 2459 1388 2502 me
1410 2458 1487 2504 con·

162 2553 300 2618 iungam.

126 2708 154 2747 „
618 2675 701 2738 arr.
744 2672 794 2755 (a.
819 2674 852 2736 u
875 2674 906 2736 c
929 2671 1018 2752 711.)

655 2804 797 2869 CICERO
818 2804 986 2867 PLANCO.

249 2933 276 2991 1.
299 2929 496 3011 Quamquam
528 2922 699 3009 gratiarum
732 2923 884 2988 actionem
918 2932 988 2986 ate
1010 2943 1073 2987 non
1094 2921 1324 2997 desiderabam,
1357 2944 1428 2988 cum
1449 2933 1481 2988 te

161 3019 284 3105 reipsa
312 3031 403 3104 atque
432 3017 537 3082 animo
565 3017 677 3082 scirem
708 3037 776 3081 esse
798 3015 1027 3100 gratissimum,
1064 3025 1168 3081 tamen
1190 3053 1230 3063 -
1252 3015 1412 3081 fatendum
1434 3027 1482 3081 est

162 3113 243 3178 enim
269 3147 304 3157 -
330 3112 387 3176 luit
408 3133 445 3176 ea
466 3111 542 3175 mihi
563 3110 765 3196 periucunda.
808 3109 859 3174 Sic
880 3109 963 3173 enim
986 3109 1066 3184 vidi,
1090 3111 1179 3197 quasi
1200 3132 1258 3184 ea,
1280 3130 1363 3197 quac
1382 3108 1482 3172 oculis

125 3216 348 3279 secernuntur,
381 3225 471 3269 mea
493 3214 523 3268 te
545 3203 653 3269 amari.
710 3203 816 3277 Dices,
839 3202 915 3289 quid
937 3209 1049 3267 antea?
1086 3208 1217 3291 Semper
1238 3203 1401 3289 equidem;
1424 3202 1480 3266 sed

162 3319 319 3384 nunquam
341 3299 500 3364 illustrius.
553 3298 688 3362 Litterae
716 3307 786 3362 tuae
819 3295 1005 3362 mirabiliter
1025 3307 1131 3381 gratae
1156 3308 1228 3363 suut
1250 3296 1386 3362 senatui.
1409 3317 1480 3360 cnm

160 3390 259 3456 rebus
280 3391 371 3476 ipsis,
394 3412 473 3479 qnae
496 3400 586 3454 erant
606 3390 807 3475 gravissimae
829 3399 860 3452 et
881 3389 1056 3462 maximae,
1089 3390 1250 3455 fortissimi
1273 3391 1366 3455 animi
1396 3411 1482 3453 surn-

160 3485 266 3571 mique
281 3485 418 3556 consilii,
441 3493 506 3549 tum
522 3483 615 3548 etiam
630 3484 781 3567 gravitate
796 3487 1020 3547 sententiarum
1035 3492 1127 3569 atque
1143 3484 1322 3549 verborum.
1355 3488 1385 3548 2.
1409 3483 1480 3554 Sed,

162 3578 205 3643 mi
224 3579 348 3651 Plance,
371 3577 530 3651 incumbe,
563 3588 598 3643 ut
619 3576 692 3641 belli
714 3587 853 3641 extrema
883 3575 1045 3660 perficias3
1081 3578 1113 3641 in
1145 3577 1206 3641 hoc
1227 3579 1287 3642 erit
1308 3599 1427 3642 summa
1450 3586 1481 3641 et

125 3698 153 3734 ss
161 3677 259 3757 gratia
281 3681 311 3735 et
333 3671 443 3755 gloria.
498 3672 598 3755 Cupio
620 3671 724 3734 omnia
746 3669 793 3733 rei
816 3667 959 3754 publicae
980 3690 1089 3745 causa;
1120 3670 1192 3744 sed,
1216 3670 1424 3742 mehercules,
1449 3670 1480 3734 in

160 3784 197 3829 eu
219 3764 431 3829 conservanda
453 3764 515 3828 iarn
537 3763 723 3848 defetigatus
745 3784 807 3826 non
828 3762 927 3826 multo
948 3763 1017 3846 plus
1040 3763 1159 3847 patriae
1180 3763 1271 3827 sareu
1293 3785 1386 3849 quam
1409 3774 1479 3827 tuuc

159 3857 293 3943 gloriae;
329 3858 418 3921 cuius
447 3857 614 3920 maximam
647 3856 822 3920 facultatem
845 3854 901 3918 tibi
923 3853 966 3919 dii
989 3855 1198 3929 immortales,
1235 3866 1270 3921 ut
1292 3876 1403 3941 spero.
1426 3855 1482 3919 de-

159 3948 250 4025 dere;
273 3971 365 4036 quam
390 3951 612 4036 complectere,
642 3949 784 4013 obsecro.
843 3947 907 4025 Qui
928 3947 1011 4011 enim
1033 3949 1201 4014 Antonium
1222 3948 1429 4035 oppresserit,
1452 3949 1480 4012 is

159 4042 355 4109 bochellum
380 4044 575 4108 teterrimum
596 4042 958 4128 periculosissimumque
980 4041 1163 4107 confecerit.

230 4260 256 4308 5.
275 4266 360 4320 posset
387 4259 423 4308 hl.
453 4280 486 4294 -
521 4258 547 4308 e.
574 4272 626 4321 que
649 4257 686 4307 hl.
716 4283 745 4294 -
787 4257 814 4307 8.
832 4271 943 4320 namque
960 4271 1001 4306 res
1018 4257 1056 4307 Μ.
1078 4282 1108 4293 -
1144 4258 1254 4308 habebut
1273 4258 1316 4307 hl:
1345 4257 1480 4306 tebeeth

160 4341 222 4379 eum
241 4331 334 4377 hmhr.
357 4329 399 4378 15.
432 4351 463 4362 -
499 4328 542 4377 11.
570 4335 596 4377 et
619 4330 656 4376 ste
679 4327 811 4390 permisce
836 4328 878 4378 hl:
905 4335 929 4376 et
946 4327 1078 4389 perculsus
1103 4328 1133 4376 E.
1161 4352 1189 4362 ·-
1229 4328 1271 4378 1³.
1298 4328 1413 4377 omanis
1430 4327 1478 4376 Mc

160 4398 252 4447 alceris
270 4405 379 4448 auctore
398 4397 518 4447 Paterno
536 4397 567 4447 Ε.
589 4422 619 4432 -
639 4397 682 4446 lt.
700 4399 724 4445 st
741 4411 794 4444 uuo
812 4397 867 4445 loro
885 4411 924 4445 me
942 4404 1051 4446 tenerem
1070 4403 1179 4447 auctore
1192 4397 1312 4447 Manutio
1326 4397 1478 4453 Schlltzius,

159 4469 212 4517 utri
229 4482 280 4515 urso
298 4469 353 4516 loco
371 4477 528 4517 mereremur
546 4467 670 4516 Rutilius.
709 4465 749 4516 Cl.
769 4467 817 4528 Ep.
837 4468 880 4516 23.
896 4464 926 4528 ὃ.
947 4467 1053 4516 1.-18.
1072 4482 1137 4530 qaue
1155 4483 1194 4516 me
1212 4470 1247 4516 ad
1264 4469 1291 4517 h.
1311 4482 1334 4517 e.
1353 4468 1478 4516 recitauit

160 4537 307 4588 Massurius.
336 4538 429 4587 hialim
453 4550 518 4602 quoe
543 4537 579 4587 ed
601 4537 628 4586 h.
656 4550 679 4586 e.
704 4549 744 4585 me
767 4538 900 4586 micavit.
921 4537 972 4588 Os.
1001 4561 1030 4572 -
1068 4538 1110 4588 31.
1129 4545 1189 4587 saut
1208 4539 1251 4589 hl:
1271 4538 1374 4599 [aarum
1395 4536 1426 4585 lt.
1447 4559 1475 4569 -

158 4607 202 4656 ³2.
222 4609 334 4658 memora
352 4607 389 4657 hl.
411 4631 440 4643 -
476 4606 520 4657 36.
538 4607 694 4671 defetigatus
711 4605 756 4657 hl:
775 4606 935 4670 desudamus
954 4606 984 4655 11.
1007 4633 1035 4644 -
1074 4607 1118 4657 31.
1138 4608 1203 4668 Leg.
1220 4608 1357 4658 dederuut.
1377 4605 1429 4657 Os.
