3256 5400
180 211 244 277 lbl
609 209 888 276 asumuntur
904 212 959 276 Ab
977 211 1070 276 Fau.

178 367 364 434 familiarem
384 386 500 432 meum.
541 371 580 433 Et
601 366 728 453 qnidam
747 387 817 432 cum
839 365 873 434 in
893 376 1030 432 mentem
1051 367 1152 443 veuit,
1174 388 1277 453 ponor
1297 369 1340 434 ad'
1358 368 1501 435 scriben-

178 462 270 538 dum;
292 471 324 526 et
343 470 418 526 ante
437 461 532 527 audio
549 469 673 526 senatus
693 460 869 526 consultum
884 461 917 526 in
937 461 1116 527 Armeniam
1137 470 1168 525 et
1190 466 1311 550 Syriam
1333 483 1403 528 esse
1424 483 1498 548 per-

177 558 291 631 latum,
328 555 416 643 quod
442 559 474 620 in
502 575 605 619 meam
633 559 817 620 sententiam
842 553 958 619 sactum
985 576 1055 620 esse
1076 553 1215 629 dicatur,
1252 578 1346 642 quam
1367 557 1497 622 omnino

178 652 368 716 mentionem
397 648 493 714 ullam
525 647 564 713 do
597 669 634 712 ea
667 669 704 712 re
736 669 804 712 esse
826 647 949 712 iactam.
1005 653 1106 733 Atque
1128 647 1188 713 boc
1207 648 1304 713 nolim
1325 671 1377 714 me
1398 649 1498 716 iocari

154 752 284 829 ⁸putes;
314 763 385 806 nam
406 742 481 807 mibi
503 743 580 808 scito
601 742 664 807 iam
685 763 704 805 a
724 739 852 825 regibus
873 740 990 806 ultimis
1011 742 1118 808 allatas
1140 762 1208 806 esso
1222 741 1359 818 litteras,
1381 742 1498 829 quibus

176 836 254 900 mibi
274 836 388 920 gratias
409 844 518 920 agant,
541 835 626 922 quod
647 855 682 900 se
703 855 772 899 mea
793 835 943 900 sententia
964 855 1056 919 reges
1074 835 1311 920 appellaverim
1334 858 1415 922 quos
1436 856 1497 919 ego

176 952 239 995 non
262 929 356 994 modo
378 950 470 1014 reges
491 928 677 1014 appellatos,
699 928 754 992 sed
776 932 903 992 omnino
920 938 1009 992 natos
1030 926 1216 993 nesciebam.
1260 935 1290 994 5.
1314 928 1398 1005 Quid
1418 951 1497 1013 ergo

177 1029 245 1088 estt
282 1029 414 1096 Tamen,
451 1023 600 1108 quamdiu
628 1021 678 1086 bic
703 1027 763 1086 erit
784 1032 891 1086 noster
913 1020 962 1085 bic
983 1021 1160 1107 praelectus
1182 1022 1340 1097 moribus,
1377 1022 1496 1108 parebo

177 1116 352 1181 auctoritati
376 1126 463 1193 tuae;
499 1137 570 1181 cum
592 1136 670 1180 vcro
692 1114 810 1187 aberit,
847 1114 886 1178 ad
907 1115 1020 1198 fungos
1042 1135 1091 1178 me
1114 1125 1185 1181 tuos
1210 1116 1379 1181 conferam.
1433 1121 1498 1181 Do-

141 1219 166 1258 ¹⁰
176 1231 263 1274 mum
285 1211 311 1275 si
333 1208 470 1282 habebo,
492 1210 524 1274 in
547 1209 644 1274 denos
666 1208 732 1273 dies
755 1208 895 1291 singulos
917 1208 1127 1292 sumptuariae
1150 1208 1228 1292 legis
1244 1209 1310 1274 dies
1325 1207 1496 1274 conseram.

176 1305 231 1370 Sin
252 1315 355 1370 autem
377 1304 480 1369 minus
500 1303 668 1377 invenero,
690 1301 776 1388 quod
790 1302 923 1387 placeat,
947 1300 1071 1366 decrevi
1093 1299 1233 1366 babitare
1255 1302 1339 1389 apud
1360 1311 1407 1378 te;
1430 1302 1496 1367 scio

176 1398 259 1462 enim
280 1419 330 1462 mc
353 1397 427 1462 nibil
450 1395 506 1462 tibi
527 1397 646 1482 gratius
668 1397 770 1461 lacere
792 1416 895 1480 posse.
949 1400 1083 1460 Domum
1112 1395 1270 1461 Sullanam
1292 1393 1497 1481 desperabam

175 1489 253 1563 iam,
275 1499 310 1556 ut
332 1490 388 1556 tibi
408 1490 554 1575 proxime
575 1490 702 1576 scripsi3
724 1489 781 1554 scd
802 1498 904 1553 tamen
926 1509 989 1553 non
1010 1488 1121 1554 abieci.
1163 1495 1210 1555 Tu
1232 1489 1341 1564 velim,
1364 1500 1400 1554 ut
1420 1490 1498 1553 scri·

175 1581 242 1658 bis,
270 1604 341 1649 cum
368 1582 465 1649 labris
494 1605 563 1649 eam
589 1583 768 1669 perspicias.
812 1582 845 1648 Si
866 1582 950 1648 enim
968 1582 1048 1648 nihil
1069 1583 1170 1650 estin
1195 1580 1367 1669 parietibus
1389 1580 1497 1648 autin

140 1686 259 1747 ¹³tucto
281 1677 362 1754 vitii,
385 1687 490 1743 cetera
510 1676 588 1745 mihi
607 1675 835 1764 probabuntur.

636 1819 716 1881 rvr.
760 1815 809 1899 (A.
835 1819 867 1882 c.
891 1819 922 1882 c,
946 1814 1033 1900 ros)

568 1939 710 2003 CICERO
732 1939 889 2002 PAPIRIO
910 1939 1039 2002 PAETO
1062 1939 1093 2002 S.

261 2053 290 2115 1.
311 2048 513 2114 Delectarnnt
538 2069 588 2113 me
610 2057 681 2114 tuac
707 2049 843 2123 litterae,
874 2049 907 2113 in
936 2047 1050 2134 quibus
1071 2047 1210 2134 primum
1230 2048 1335 2113 amavi
1355 2070 1496 2117 amorem

175 2151 279 2217 tuum,
312 2142 366 2229 qui
394 2150 423 2206 te
451 2141 490 2206 ad
519 2140 718 2206 scribendum
745 2143 882 2208 incitavit
909 2149 1084 2218 verentem,
1116 2162 1157 2207 ne
1179 2143 1272 2207 Silius
1299 2163 1358 2207 suo
1386 2142 1496 2208 nuntio

136 2249 165 2287 ⁸⁰
174 2236 293 2323 aliquid
306 2235 382 2299 mibi
403 2232 620 2299 sollicitudinis
638 2235 803 2313 attubssct;
839 2235 878 2300 de
900 2256 964 2320 quo
986 2244 1017 2299 et
1039 2245 1072 2300 tu
1093 2234 1170 2300 mibi
1191 2246 1281 2300 autea
1307 2236 1496 2322 scripseras,

174 2328 222 2395 bis
244 2328 371 2415 quidem
402 2326 515 2392 eodem
543 2329 704 2415 exemplo,
740 2329 831 2394 facile
859 2337 895 2394 ut
914 2328 1119 2414 intelligerem
1141 2339 1172 2393 te
1196 2349 1265 2394 esse
1287 2338 1496 2408 commotum;

173 2432 205 2490 et
236 2443 296 2508 ego
323 2419 380 2485 tibi
408 2430 552 2486 accurate
579 2421 819 2508 rescripseram,
848 2431 883 2487 ut
913 2443 1042 2509 quoquo
1075 2421 1171 2487 modo
1203 2422 1236 2487 iu
1268 2421 1323 2486 tali
1344 2443 1380 2486 re
1402 2430 1496 2507 atque

173 2524 315 2602 tempore
337 2525 391 2580 aut
411 2512 578 2579 liberarem
600 2524 630 2579 te
651 2515 710 2580 ista
731 2537 806 2581 cura
828 2527 881 2583 aut
901 2525 985 2580 certc
1007 2515 1154 2581 levarem.
1206 2521 1237 2580 2.
1259 2515 1322 2581 Sed
1348 2514 1495 2603 quoniam

172 2609 327 2697 proximis
349 2630 475 2695 quoqne
498 2608 609 2675 litteris
631 2609 786 2686 ostendis,
809 2618 942 2697 qnaume
964 2608 1020 2674 tibi
1041 2630 1136 2674 curae
1157 2609 1199 2675 sit
1219 2631 1256 2676 ea
1275 2630 1343 2685 res,
1366 2608 1426 2683 sic,
1449 2608 1495 2674 mi

136 2709 283 2776 ⁸³Paetc,
314 2700 445 2767 habeto:
473 2702 626 2788 quidquid
653 2712 719 2768 arte
745 2702 815 2768 fieri
847 2703 1046 2789 potuerit-
1069 2725 1133 2768 nou
1163 2703 1247 2768 enim
1268 2703 1331 2768 iam
1352 2701 1427 2766 satis
1448 2710 1496 2768 est

172 2797 305 2864 consilio
325 2815 483 2881 pugnare;
518 2795 683 2861 artificium
704 2796 861 2882 quoddam
890 2796 1131 2881 excogitandum
1152 2806 1200 2861 est
1219 2833 1281 2871 -,
1314 2795 1369 2861 sed
1391 2803 1496 2860 tamen

173 2889 326 2976 quidquid
362 2888 518 2953 elaborari
547 2899 601 2954 aut
632 2889 713 2954 effici
738 2891 878 2975 potuerit
905 2890 945 2956 ad
967 2890 1099 2956 istorum
1120 2889 1370 2956 benevolentiam
1391 2888 1496 2954 conci-

172 2983 311 3050 liandum
333 2989 365 3046 et
384 2982 612 3066 colligendum,
646 3004 768 3048 summo
790 2984 895 3049 studio
923 3004 974 3048 mc
1002 2992 1205 3049 consecutum
1228 3004 1317 3058 csse,
1350 3002 1408 3047 nec
1429 2981 1496 3046 Iru-

171 3088 252 3153 stra,
275 3085 309 3143 ut
330 3073 484 3155 arbitror;
521 3080 566 3141 sic
587 3077 670 3141 enim
692 3075 797 3151 color,
831 3077 876 3141 sic
903 3076 1058 3143 observor
1083 3076 1123 3141 ab
1155 3075 1301 3142 omnibus
1322 3076 1377 3150 iis,
1400 3074 1495 3160 quia

135 3175 306 3239 ⁸”Caesare
327 3168 514 3253 diligrmtur,
536 3180 571 3236 ut
592 3168 631 3235 ab
654 3169 691 3234 iis
707 3191 759 3234 mc
774 3169 872 3235 amari
887 3180 1003 3256 putem.
1046 3175 1122 3235 Nam
1143 3170 1203 3236 etsi
1223 3191 1286 3235 non
1304 3169 1394 3234 sacile
1416 3167 1495 3232 diiu-

172 3266 294 3333 dicatur
315 3285 405 3330 amor
425 3284 520 3328 verus
542 3273 573 3329 et
594 3262 698 3338 lictus,
727 3264 787 3329 nisi
808 3263 936 3349 aliquod
957 3263 1073 3329 incidat
1093 3263 1248 3330 eiusmodi
1268 3274 1407 3348 tempus,
1442 3272 1494 3341 ut,

172 3359 261 3446 quasi
282 3378 394 3423 aurum
415 3360 496 3440 igni,
519 3356 564 3422 sic
585 3355 801 3421 benevolentia
823 3356 922 3422 fidelis
943 3357 1085 3443 periculo
1107 3358 1213 3444 aliquo
1234 3356 1371 3443 perspici
1385 3358 1494 3442 possit,

172 3461 275 3518 cetera
296 3458 369 3516 sunt
388 3450 474 3535 signa
495 3449 688 3523 communia,
721 3449 776 3515 sed
798 3470 857 3535 ego
879 3472 943 3516 uno
964 3462 1038 3517 utor
1060 3463 1260 3537 argumento,
1288 3448 1494 3538 quamobrem

173 3565 286 3609 mccx
316 3543 420 3608 animo
449 3564 585 3628 vereque
614 3542 750 3608 arbitrer
771 3543 874 3629 diligi,
911 3545 983 3632 quia
1005 3553 1036 3610 et
1057 3554 1164 3610 nostra
1184 3545 1311 3609 fortuna
1334 3564 1370 3607 ea
1394 3551 1442 3607 est
1463 3549 1495 3607 et

135 3637 313 3712 ³⁶illorum,
335 3646 371 3701 ut
391 3636 556 3701 simulandi
576 3657 669 3702 causa
690 3659 753 3703 uon
775 3638 825 3702 sit.
868 3643 897 3703 3.
920 3644 966 3703 Do
987 3639 1042 3704 illo
1063 3649 1184 3713 autem,
1213 3659 1308 3724 quem
1329 3657 1425 3722 penes
1447 3644 1496 3700 est

173 3732 274 3796 omnis
296 3739 449 3815 potestas,
473 3729 548 3794 nibil
570 3730 679 3806 video,
703 3731 788 3817 quod
811 3731 951 3809 timeam3
974 3731 1032 3796 nisi
1054 3732 1140 3817 quod
1162 3731 1267 3796 omnia
1281 3730 1493 3803 suntincerta,

172 3844 244 3891 cum
266 3844 284 3886 a
313 3824 383 3887 iure
405 3824 578 3889 discessum
597 3832 659 3902 est;
695 3845 753 3889 nec
774 3825 927 3911 praestari
952 3824 1121 3911 quidquam
1143 3834 1261 3911 potest,
1298 3823 1389 3910 quale
1410 3822 1496 3903 lutu-¹

172 3937 243 3983 rum
265 3916 321 3991 sit,
344 3916 429 4001 quod
448 3917 585 4002 positum
607 3927 655 3983 est
675 3918 707 3983 in
729 3917 857 3984 alterius
878 3918 1051 3993 voluntate,
1074 3940 1113 3983 ue
1134 3919 1235 3985 dicam
1250 3917 1389 3984 llbidinc.
1432 3914 1495 3980 Sed

173 4019 276 4075 tamen
298 4009 365 4074 eius
383 4014 479 4095 ipsius
500 4012 583 4076 nulla
610 4033 646 4076 re
667 4034 684 4077 a
707 4031 756 4077 me
779 4013 917 4079 ollensus
938 4024 986 4078 est
1005 4011 1136 4078 animus.
1179 4017 1233 4077 Est
1254 4012 1337 4076 enim
1356 4007 1494 4075 adbibita

134 4103 206 4168 ⁴⁰in
227 4124 264 4167 ea
285 4126 321 4168 re
344 4103 411 4189 ipsa
432 4125 553 4169 summa
574 4126 592 4169 a
613 4105 704 4171 nobis
725 4106 910 4174 moderatio.
967 4109 1004 4171 Ut
1025 4105 1109 4171 enim
1130 4106 1206 4171 olim
1227 4104 1404 4170 arbitrabar
1424 4124 1494 4168 esse
1598 4160 1601 4167 .

173 4218 279 4262 meum
300 4197 399 4262 bbere
421 4197 526 4283 loqui,
562 4198 650 4263 cuius
677 4221 774 4286 opera
801 4208 884 4264 esset
905 4199 937 4263 iu
958 4199 1082 4265 civitate
1106 4199 1250 4272 libertas,
1287 4199 1332 4263 sic
1354 4220 1391 4263 ea
1412 4217 1494 4261 nunc

113 4463 120 4475 ,
243 4417 267 4465 1.
287 4429 367 4465 conor
383 4416 419 4464 od
436 4417 596 4465 scribendum
613 4430 684 4467 corr.
704 4417 748 4478 Μ,
765 4432 852 4480 ponor
869 4419 983 4476 adfatim
1000 4419 1134 4469 scribendo
1152 4426 1261 4469 auctore
1276 4419 1398 4470 Munatio
1415 4417 1493 4466 Lam·

173 4485 253 4535 binus
271 4492 298 4535 et
316 4486 465 4536 Scbtttzlus.
485 4485 540 4536 Cir.
561 4487 638 4536 lIaad
657 4488 737 4537 Tura.
757 4488 779 4537 I.
799 4502 826 4550 p.
848 4490 906 4538 117.
925 4514 959 4523 -
995 4490 1023 4540 11.
1041 4485 1109 4551 cum]
1129 4503 1207 4552 qrtam
1224 4489 1261 4538 bl.
1282 4512 1314 4523 -
1341 4490 1384 4540 19.
1403 4494 1428 4537 te
1445 4484 1492 4548 nd]

171 4556 208 4605 cd
226 4563 251 4605 te
276 4556 392 4605 Ernestii
418 4569 526 4618 operae.
551 4580 581 4592 -
618 4559 663 4606 11.
687 4565 716 4607 ut
743 4559 870 4622 quomodo
895 4559 934 4608 M.
962 4583 993 4595 -
1030 4560 1074 4609 23.
1094 4562 1218 4621 quonium
1236 4559 1280 4609 bl:
1312 4573 1390 4622 quum
1409 4557 1438 4608 ll.
1460 4580 1492 4592 -

172 4626 216 4675 25.
233 4629 350 4689 potuerit
368 4625 534 4677 Cratander:
557 4629 655 4688 poterit
673 4628 733 4679 Mu.
765 4652 796 4664 -
832 4629 876 4678 Yl.
896 4630 1086 4679 connttananm
1104 4636 1128 4678 et
1147 4630 1318 4693 colligandum
1336 4629 1382 4678 bl:
1409 4627 1494 4677 amici·

170 4694 291 4745 &ndum
308 4703 332 4746 et
350 4696 520 4759 colligendum
539 4697 570 4746 Il.
590 4719 623 4732 -
657 4698 701 4748 29.
720 4698 753 4747 tls
772 4697 813 4748 M:
833 4698 873 4746 dtr
892 4698 923 4748 E.
944 4723 974 4734 -
1011 4713 1029 4747 a
1046 4712 1102 4748 om.
1121 4699 1159 4749 rt.
1175 4725 1204 4735 -
1242 4700 1286 4749 30.
1305 4700 1338 4748 lla
1357 4697 1491 4749 Orelliust

172 4765 212 4814 tu'r
241 4766 300 4816 ΜΕ.
328 4787 360 4803 «-
399 4766 511 4816 Tametsi
537 4766 689 4829 Madvigius
714 4774 740 4817 et
765 4768 942 4819 Bentivnlius.
984 4768 1041 4820 Clr.
1070 4768 1148 4820 fland
1174 4769 1253 4821 Tura.
1274 4768 1310 4820 Il.
1330 4783 1357 4833 p.
1375 4768 1438 4820 603.
1459 4793 1491 4806 -

172 4834 216 4886 31.
235 4836 326 4886 tandit
344 4835 394 4885 Vb.
414 4860 445 4872 -
483 4836 526 4887 38.
545 4838 581 4888 rit
597 4840 644 4899 tn,
672 4838 740 4902 qnod
758 4851 812 4902 mg.
834 4838 938 4904 llepatt.
957 4839 1054 4890 bamb.
1485 4882 1487 4886 ,
