3256 5400
142 229 186 277 11.

145 376 235 442 taria
252 373 326 441 Lib.
349 370 389 458 2,
415 373 458 456 8,
478 368 514 438 2.
540 368 628 459 0pp.
647 391 680 460 p.
702 369 811 457 acis
838 373 984 440 imitatur
1005 373 1093 460 Epp.
1112 371 1157 439 ad
1182 369 1222 456 Q.
1237 373 1376 440 fratrem
1399 373 1471 441 Lib.

146 477 182 544 8.
201 479 265 564 Ep.
287 473 323 544 7.
352 496 430 566 pag.
456 470 547 543 290.
578 476 688 567 Lugd.
720 481 754 544 et
785 477 872 565 Epp.
901 476 1160 545 Pseudo-Bruti
1190 477 1261 544 lib.
1285 474 1322 545 7.
1349 477 1414 565 Ep.
1435 475 1471 546 7.

144 601 224 672 pag.
245 579 336 647 243.
354 579 463 670 Lugd.

230 681 329 768 Quod
352 702 425 751 cum
452 686 600 764 constet,
633 684 692 750 vix
717 681 811 751 iidem
838 689 984 753 meretur
1000 685 1232 774 Vespasianus
1251 684 1470 753 Placentinus

146 793 180 857 in
206 789 330 878 Poggli
355 786 436 855 Vlia
462 779 569 870 [Maii
593 785 717 877 spicil.
737 789 764 854 l.
782 803 813 870 p.
836 781 965 871 ὅ49.);
993 787 1090 857 Pure
1113 810 1136 857 a
1165 784 1346 857 Coctauza
1373 783 1471 873 (clud

144 883 376 982 aSangallu]
403 896 602 960 trouarouoi
624 892 657 959 lc
680 892 808 978 pistule
831 893 869 959 di
897 893 1012 961 diullio
1039 895 1088 962 ad
1102 890 1240 985 Attico,
1267 894 1356 961 delle
1375 895 1471 986 puali

120 1017 213 1066 >riou
239 997 283 1064 hu
305 1000 453 1063 amttzia.
496 995 607 1082 Ipsam
632 1014 702 1062 rem
728 1013 801 1062 cum
834 994 1041 1065 dubitatione
1064 998 1107 1065 ab
1130 1016 1170 1064 eu
1195 999 1325 1065 narrari
1348 997 1456 1066 vides.

226 1098 413 1186 Deperditu
449 1106 560 1166 autem
602 1097 789 1166 iamdudum
827 1096 999 1185 ἀρχετύπῳ
1033 1119 1055 1167 a
1087 1101 1275 1170 Petrarcha
1316 1107 1471 1190 reperio,

144 1209 259 1274 exstat
290 1206 479 1271 etiamnunc
508 1204 580 1271 eiua
609 1199 827 1286 ἁπόγραφον,
860 1206 955 1272 cuius
991 1207 1200 1291 uarietatem,
1230 1224 1251 1272 a
1274 1196 1382 1274 EC.
1408 1207 1471 1274 liei

142 1311 247 1378 Furia
271 1306 452 1396 diligenter
477 1310 663 1393 mutatam,
685 1309 851 1394 integram
878 1308 1082 1375 exhibemus.
1124 1310 1219 1378 llaec
1243 1312 1353 1376 autem
1372 1307 1415 1375 de
1430 1328 1469 1376 eo

143 1414 251 1482 refert
262 1410 449 1480 Bandinius
464 1406 581 1479 catal.
599 1407 708 1480 codd.
724 1410 846 1479 Latiu.
856 1410 948 1479 Bibl.
964 1407 1093 1480 Medic.
1109 1413 1199 1480 Tum.
1215 1414 1260 1480 ll.
1275 1431 1353 1501 pag.
1363 1410 1470 1480 474.;

146 1573 196 1642 Μ.
212 1573 251 1640 r.
266 1568 530 1640 uersruuan
551 1571 617 1638 no
640 1568 789 1641 Arrio.
810 1571 951 1640 Mnuv
970 1570 1137 1642 suano.
1151 1572 1472 1657 caranuunnu

391 1669 666 1765 nxnuarnn.
693 1666 1230 1760 (Piut.xL1X.Cud.xvlli.)
1348 1714 1351 1719 -

230 1839 259 1905 l.
281 1856 360 1927 pag.
383 1836 417 1904 1.
443 1836 493 1902 Μ.
518 1836 616 1903 Tullii
632 1837 804 1905 ciceronis
829 1838 1057 1924 Epistularum
1073 1836 1117 1903 ad
1142 1837 1191 1904 M.
1216 1837 1355 1904 Brutum
1371 1837 1472 1905 Liber

145 1944 328 2033 singularis
353 1941 463 2026 Epist.
488 1938 522 2006 1.
545 1941 609 2007 inc.
631 1935 752 2007 Oiceru
782 1940 892 2009 Buttu
916 1941 1077 2008 saltitem.
1120 1939 1163 2007 1..
1190 1935 1333 2009 Clodius
1357 1941 1472 2008 tridat-

144 2068 212 2116 uua
236 2046 347 2135 plodio
371 2046 575 2133 desipuatua
607 2047 672 2112 cci.
704 2044 813 2130 Epist.
844 2044 976 2113 XVlll.
1005 2049 1040 2111 et
1069 2045 1183 2110 ultima
1218 2043 1286 2111 des.
1319 2064 1471 2137 pilaeque

145 2151 194 2218 ad
227 2154 263 2217 ta
289 2154 466 2238 partiorem
501 2148 663 2215 arbitrer.
690 2169 739 2214 ur.
773 2147 821 2215 Κ.
852 2146 1024 2218 Sextiles.
1075 2147 1156 2214 'lum
1187 2148 1377 2216 subiiciturt
1414 2145 1472 2216 Aa

144 2253 297 2322 Brutum
322 2250 568 2341 Epistularum
592 2250 699 2319 Liber
719 2251 749 2319 I.
775 2254 931 2340 euplicit.
958 2251 1090 2341 [rumpit
1111 2252 1160 2319 ad
1189 2250 1228 2332 Q.
1252 2251 1429 2319 dicerem.

229 2358 275 2424 11.
304 2375 383 2444 pag.
410 2354 473 2422 14.
497 2354 655 2423 Eiusdem
684 2355 728 2422 ad
759 2352 915 2439 Quintum
944 2357 1095 2423 Fratrem
1122 2356 1348 2442 Epistularum
1379 2357 1471 2423 Libri

144 2461 209 2530 Ill.
235 2460 367 2527 Primus
392 2461 457 2526 inc.
480 2454 628 2526 Marcam
654 2459 692 2540 Q.
718 2457 845 2526 Fhatri
865 2460 1027 2527 satutem.
1071 2458 1157 2527 Etsi
1176 2478 1247 2526 aiau
1268 2460 1473 2528 dubitabam

145 2570 211 2634 etc.
253 2564 389 2631 'lortius
417 2563 487 2630 des.
511 2568 561 2628 mi
582 2566 789 2631 atrocissime
817 2567 853 2628 et
879 2568 1007 2650 optime
1031 2561 1163 2646 frater:
1186 2568 1222 2630 ut
1248 2567 1282 2629 in
1307 2562 1392 2630 Edd.

233 2669 297 2736 ill.
325 2688 404 2757 pag.
432 2663 497 2732 47.
525 2665 684 2733 Eiusdem
710 2666 864 2751 Epistola
890 2665 934 2732 ad
963 2663 1196 2734 Octavianum.
1239 2669 1309 2735 inc.
1339 2666 1385 2737 st
1408 2687 1472 2756 per

146 2777 229 2840 tuac
260 2772 413 2860 leptuuea
436 2774 502 2837 eet.
550 2769 630 2836 Bes.
654 2769 760 2836 simut
782 2767 905 2857 [lupera
932 2771 1084 2860 decrevi,
1123 2773 1219 2837 utin
1249 2771 1472 2838 Editiunibua.

145 2876 242 2944 llaec
267 2878 377 2941 tamen
403 2874 560 2959 Epistola
586 2892 655 2938 non
684 2875 736 2938 est
762 2873 949 2958 ciceronis,
976 2873 1037 2942 sed
1062 2874 1298 2942 declamatoris
1321 2876 1473 2942 alicuius.

230 2978 290 3046 IV.
315 2996 394 3065 pag.
410 2972 474 3043 49.
502 2975 661 3044 Eiusdem
686 2977 913 3062 Epistularum
940 2976 984 3044 ad
1011 2978 1158 3046 Atticum
1185 2977 1277 3045 Libri
1298 2976 1409 3069 XVI„
1434 2983 1472 3045 ut

146 3085 181 3150 in
197 3082 304 3150 Ediit.
347 3082 433 3148 Heio
447 3084 559 3148 tamen
576 3080 677 3148 Liber
688 3079 785 3148 XVI.
798 3079 921 3147 desinit
939 3083 973 3146 in
985 3083 1115 3148 verbis:
1141 3099 1230 3172 patae
1246 3081 1289 3147 da
1306 3077 1472 3150 Caesarie

147 3193 238 3255 actia
266 3190 479 3273 interposita
507 3191 591 3253 aurat
620 3204 691 3251 arou
718 3191 901 3252 carceratur
928 3204 1093 3273 mapraam
1116 3231 1124 3250 .
1149 3232 1158 3249 .
1181 3231 1191 3249 .
1215 3232 1224 3250 .
1248 3203 1333 3272 quae
1362 3188 1472 3272 perti-

146 3296 228 3359 ueut
249 3289 293 3357 ad
314 3290 502 3376 Epistulam
530 3289 723 3377 inscriptam
749 3286 791 3354 Ι..
815 3285 951 3355 Planco
976 3285 1040 3354 Pr.
1069 3289 1176 3376 deaip.

233 3394 367 3463 Graeca
398 3396 505 3461 verba
539 3395 609 3458 suis
647 3393 731 3459 loeis
763 3395 842 3457 sunt
883 3397 1023 3458 exarata
1061 3392 1260 3460 charactere
1293 3391 1472 3478 quadrato,

70 3546 72 3550 ι
146 3498 328 3584 eademque
357 3496 401 3564 ad
428 3515 519 3563 oram
544 3498 620 3562 libri
653 3497 798 3575 repetita
824 3501 1004 3562 occurrunt
1040 3495 1240 3564 charactere
1270 3498 1409 3580 minori,
1438 3500 1472 3562 et

147 3622 221 3672 cum
248 3601 528 3687 interpretatione
551 3598 688 3685 Latina,
713 3602 748 3664 et
772 3597 902 3684 quidem
923 3601 966 3665 ab
992 3599 1105 3666 eadem
1129 3621 1243 3684 manu,
1273 3620 1368 3686 quam
1394 3601 1473 3666 ilem

147 3712 182 3774 in
203 3704 328 3775 Codice
341 3703 419 3771 vll.
440 3701 749 3788 animadveriimus,
770 3720 920 3788 quaeque
943 3708 995 3768 est
1021 3699 1175 3770 Cotuucii
1195 3701 1309 3770 Pierii
1328 3705 1371 3771 de
1389 3701 1473 3772 su-

146 3829 281 3901 puauo,
308 3812 346 3874 ut
370 3827 408 3874 se
431 3810 464 3872 in
480 3808 573 3873 calce
588 3807 722 3872 ultimae
748 3806 892 3894 paginae
907 3807 1085 3890 subcribit3
1112 3813 1190 3890 post
1206 3810 1300 3873 culus
1320 3808 1473 3875 subscri-

147 3916 294 4002 ptionem
323 3912 556 4000 subiungitur:
583 3908 746 3976 Daumius
767 3907 969 3975 Aueiaiotus
988 3914 1073 3975 emti
1099 3931 1122 3975 a
1143 3908 1283 3976 Dormio
1304 3908 1472 3995 Arretpau

147 4017 328 4087 Leuuuardi
349 4014 434 4103 filiu.
478 4013 635 4080 Eiusdem
660 4016 897 4096 contemnas,
923 4033 988 4099 qua
1002 4014 1148 4080 Coluccii
1162 4015 1364 4099 subscriptio
1380 4015 1473 4080 iacta

149 4124 218 4205 est,
243 4119 401 4187 videniur
425 4137 501 4185 esse
527 4120 686 4204 pleraque
710 4119 916 4208 marginibus
945 4119 1050 4182 tutius
1078 4118 1256 4183 voluminis
1286 4117 1330 4184 ad
1355 4117 1473 4185 indicis

150 4225 408 4293 memorabilium
429 4241 538 4288 rerum
563 4221 695 4287 modum
720 4225 912 4299 commissa,
941 4228 977 4287 ut
1007 4224 1084 4288 item
1110 4224 1287 4289 lectionum
1320 4224 1473 4288 varieta-

149 4335 221 4407 tes,
243 4347 328 4415 quae
352 4328 548 4412 frequenter
570 4329 758 4391 occurrunt.
1535 4332 1546 4336 ·

115 4422 142 4444 ⁸
233 4434 299 4500 Hic
325 4428 444 4499 Codex
478 4434 556 4516 post
585 4428 791 4495 Petrarchae
825 4429 947 4495 obitum
976 4430 1071 4494 vario
1103 4430 1249 4495 fatorum
1282 4429 1470 4496 discrimine

150 4538 295 4604 iactatus
315 4535 397 4621 fuit,
426 4537 464 4599 ut
486 4535 583 4599 etiam
605 4535 702 4597 notat
724 4532 773 4598 cl.
795 4531 919 4597 Mehus
946 4536 980 4597 in
1003 4536 1059 4599 cit.
1080 4532 1193 4599 Praei.
1216 4551 1293 4618 pag.
1314 4530 1404 4598 215.
1436 4537 1471 4599 et

149 4642 185 4706 in
207 4638 343 4728 Proieg.
363 4636 407 4705 ad
435 4637 554 4703 librum
581 4636 732 4702 Italicum
766 4635 1046 4723 Rapiouuameuto
1080 4637 1117 4702 di
1142 4635 1243 4720 Lapa
1270 4635 1315 4700 do
1347 4631 1469 4701 Casti-

150 4742 324 4833 pliuuahio
353 4761 431 4832 pag.
462 4735 524 4808 16.
565 4739 728 4806 Pervenit
750 4740 835 4806 enim
863 4742 1014 4825 primitus
1034 4738 1078 4806 ad
1107 4739 1296 4806 coloooium
1326 4737 1471 4805 Pieriam

138 4845 361 4937 carnutum,
383 4845 652 4916 Placentinorum
673 4859 715 4911 ca
740 4846 853 4912 aetate
874 4840 1135 4931 cancellarium
1159 4846 1226 4909 ium
1248 4841 1291 4908 ad
1312 4841 1469 4911 Leonat-
