3256 5400
173 205 235 268 dlii)
655 202 714 264 ΕΡ.
735 203 789 265 ΑΙ)
809 202 980 264 thlCl'hl

173 366 360 427 ἀποθέωσιν
383 357 528 432 vocabat,
549 358 577 422 si
591 357 642 422 bie
655 357 755 425 iactus
776 359 853 433 erit,
875 356 1012 438 iiabam
1033 357 1164 421 mimum
1184 356 1346 421 iuturumt
1370 361 1495 435 Quare,

174 465 208 521 ut
236 455 363 540 opinor,
397 461 656 533 φιλοσοφητέον,
687 452 720 518 id
747 452 833 538 quod
859 461 895 516 tn
923 451 1014 524 lacis,
1046 460 1079 515 et
1109 450 1187 515 istos
1219 451 1397 516 consulatus
1428 471 1495 516 non

174 548 262 615 flocci
285 548 417 612 lacteum
468 545 635 623 ts.·0u0d
655 546 695 612 ad
716 567 767 610 me
788 544 915 620 scribis,
943 554 974 608 te
995 544 1029 608 in
1047 543 1153 608 Asiam
1175 545 1320 609 statuisse
1341 566 1405 609 nou
1426 545 1494 617 ire,

173 641 319 728 equidem
340 638 481 712 mallem,
502 648 538 703 ut
560 639 641 717 ires;
662 659 843 713 acsmcor,
863 660 904 703 ue
924 637 1001 725 quid
1018 638 1052 702 in
1065 638 1125 702 ista
1146 659 1182 703 re
1203 638 1305 704 minus
1326 637 1495 703 commode

150 734 235 799 sliat.
286 732 348 798 Sed
369 742 472 798 tamen
503 752 567 798 uon
588 754 716 819 possum
738 732 972 818 reprehendere
991 731 1157 797 consilium
1178 743 1284 805 tun,
1306 731 1493 818 praesertim

171 846 242 893 cnm
272 835 397 910 egomet
423 826 456 891 in
484 827 678 913 morineiam
698 847 762 891 uun
783 826 843 892 sim
863 824 1033 912 proiectus.
1083 830 1132 891 15.
1153 825 1391 911 Epigrammatis
1411 825 1492 899 tuis,

170 939 252 1006 quae
281 919 315 985 iu
335 919 498 987 Amaltheo
519 920 666 1006 posuisti,
697 921 835 985 wuteuti
855 920 989 992 erimus,
1022 918 1208 1004 praesertim
1228 939 1300 983 cum
1320 928 1353 982 et
1373 917 1493 984 Chilius

170 1033 229 1078 uos
255 1013 421 1100 reliquerit
447 1021 478 1078 et
506 1013 636 1080 Archias
663 1014 741 1079 nihil
768 1013 809 1079 de
835 1034 886 1078 me
914 1013 1091 1098 scripserit;
1123 1033 1160 1077 ae
1180 1033 1311 1085 vereor,
1342 1033 1399 1086 ue,
1429 1016 1492 1077 Ln-

170 1105 260 1172 cnllis
287 1106 436 1193 qnoniam
459 1111 613 1173 Graecum
639 1117 752 1193 poema
772 1107 929 1182 uendidit,
956 1128 1039 1172 nuuc
1065 1106 1104 1172 ad
1127 1106 1333 1173 Caecilianam
1352 1105 1492 1171 fabulam

136 1209 296 1286 inspectet.
355 1205 404 1267 16.
425 1201 560 1268 Antonio
581 1212 636 1268 tuo
658 1201 785 1268 nomine
805 1201 920 1287 gratias
940 1201 1006 1285 egi,
1038 1220 1170 1286 eamque
1190 1199 1354 1285 epistolam
1375 1199 1492 1264 Manlio

170 1292 253 1360 dedi.
300 1295 347 1361 Ad
376 1304 407 1361 te
436 1295 508 1362 idco
534 1304 624 1361 autea
650 1296 755 1362 rarius
780 1296 907 1382 scripsi,
939 1294 1026 1382 quod
1053 1315 1117 1359 nou
1145 1292 1298 1359 habebam
1320 1294 1491 1366 idoneum,

170 1389 220 1453 cui
243 1389 368 1466 darem;
389 1410 448 1454 uec
467 1389 543 1455 satis
564 1387 718 1464 sciebam,
739 1410 803 1475 quo
825 1389 944 1469 darem.
980 1387 1076 1454 Valde
1097 1398 1128 1452 te
1150 1387 1318 1453 venditari.
1355 1391 1403 1455 17.
1419 1386 1491 1452 (liu-

171 1483 238 1548 cins
259 1483 286 1549 si
308 1481 384 1570 quid
404 1482 444 1548 ad
465 1503 516 1548 me
537 1482 584 1548 tui
605 1483 724 1568 negotii
744 1483 911 1557 detulerit,
932 1482 1110 1568 suscipiam.
1152 1481 1214 1546 Sed
1235 1501 1318 1546 nune
1337 1480 1436 1564 magis
1456 1480 1491 1544 in

171 1598 230 1641 sno
259 1586 307 1642 est
332 1587 516 1661 occupatum
544 1576 579 1641 iu
604 1598 668 1664 quo
697 1598 758 1662 ego
788 1578 819 1642 ei
840 1597 905 1642 uon
925 1575 1044 1641 desum.
1087 1580 1150 1650 Tu,
1172 1575 1199 1639 si
1221 1596 1286 1640 uuo
1306 1573 1339 1637 iu
1359 1572 1433 1638 loco
1455 1592 1491 1636 es

136 1698 162 1736 n
171 1668 311 1742 iuturus,
341 1668 468 1736 crebras
489 1691 508 1735 a
528 1670 620 1736 nobis
640 1670 759 1736 litteras
780 1680 943 1756 exspecta:
965 1679 1013 1735 ast
1032 1668 1139 1755 plures
1159 1668 1253 1733 etiam
1275 1667 1343 1752 ipse
1364 1664 1490 1731 mittito.

174 1765 222 1829 18.
245 1762 364 1836 Velim,
386 1763 426 1829 ad
447 1785 498 1829 me
519 1763 653 1837 scribas,
675 1764 849 1830 cuiusmodi
871 1765 911 1828 sit
928 1766 1130 1848 ’Apeitheion
1151 1771 1258 1835 mum,
1280 1781 1344 1847 quo
1365 1767 1490 1831 ornatu,

170 1878 232 1943 qua
253 1864 449 1940 tenebrato,
471 1867 504 1923 et
523 1879 604 1944 quae
625 1869 768 1944 poemata
789 1878 931 1944 quasque
952 1857 1099 1923 historias
1121 1855 1161 1920 de
1179 1859 1367 1938 Ἀμαλθείᾳ
1381 1851 1489 1925 hahes,

170 1951 211 2017 ad
231 1973 282 2016 me
296 1952 409 2019 mittas.
451 1951 553 2019 Lubet
572 1952 650 2019 mihi
671 1953 774 2018 lacere
795 1953 828 2018 in
848 1953 1000 2040 Arpinati.
1042 1958 1110 2038 Ego
1132 1950 1188 2017 tibi
1209 1949 1327 2037 aliquid
1349 1946 1388 2013 de
1409 1945 1489 2013 meis

168 2045 292 2131 scriptis
311 2046 439 2112 mittam.
482 2045 566 2113 Nihil
585 2057 653 2113 erat
672 2046 819 2114 absoluti.

131 2221 159 2258 n
620 2190 717 2254 rm.
758 2188 813 2270 (s.
838 2191 871 2253 o.
893 2191 926 2253 ο.
947 2192 1034 2268 ssa.)

644 2312 785 2377 niceno
807 2311 951 2375 ATTICO
973 2313 1004 2374 S.

255 2432 282 2488 1.
304 2428 413 2508 Magna
435 2423 511 2488 mibi
532 2423 667 2487 varietas
686 2421 855 2488 voluntatis
876 2430 909 2487 et
928 2419 1146 2486 dissimilitudo
1168 2420 1325 2506 opinionis
1346 2438 1383 2483 ac
1405 2417 1488 2483 iudi-

168 2515 209 2580 cii
232 2518 339 2593 Quinti
370 2517 476 2582 iratris
503 2516 566 2582 mei
586 2516 798 2582 demonstrata
820 2524 869 2581 est
889 2536 929 2579 ex
951 2514 1063 2579 litteris
1084 2515 1162 2589 tuis,
1185 2515 1217 2579 in
1239 2513 1352 2599 quibus
1374 2513 1413 2578 ad
1435 2535 1487 2578 me

168 2609 371 2695 epistolarum
398 2611 482 2676 illius
512 2610 657 2696 exempla
682 2608 804 2674 misisti.
860 2611 929 2687 Qua
958 2630 999 2673 ex
1026 2630 1062 2673 re
1089 2620 1121 2674 et
1149 2609 1291 2674 molestia
1312 2629 1380 2674 sum
1403 2617 1487 2672 ῑοοὶο

129 2701 313 2780 asad'ectus,
354 2714 500 2791 quautam
533 2703 610 2769 mihi
646 2723 733 2768 meus
761 2722 851 2767 amor
879 2723 1019 2767 summus
1047 2723 1123 2787 erga
1149 2713 1318 2788 utrumque
1345 2706 1486 2766 vestrhm

166 2795 281 2861 alierre
303 2797 426 2870 debuit,
449 2806 481 2863 et
500 2796 722 2869 admiratione,
744 2795 892 2883 quidnam
912 2795 1091 2870 accidisset,
1113 2795 1199 2882 quod
1219 2795 1346 2860 afferret
1368 2797 1487 2872 Quinto

165 2888 254 2955 fratri
282 2912 353 2957 meo
383 2902 437 2956 ant
464 2889 669 2956 offensionem
691 2901 754 2956 tam
775 2910 902 2974 gravem
924 2900 977 2955 aut
997 2890 1270 2955 commutationem
1292 2897 1406 2955 mutarn
1429 2909 1486 2953 vo-

164 2981 299 3049 luntatis.
355 2990 456 3070 Atque
482 2984 560 3050 illud
587 3006 605 3049 a
631 3005 681 3048 me
707 2984 770 3048 iam
802 2992 873 3047 aute
903 2982 1152 3069 intelligebatur,
1185 2983 1270 3069 quod
1298 2993 1329 3047 te
1357 3001 1484 3068 quoqne

164 3077 267 3163 ipsum
289 3077 499 3143 discedentem
520 3100 539 3144 a
559 3077 651 3144 uobis
672 3076 825 3164 suspicari
846 3069 1006 3153 vidibam,
1040 3076 1169 3143 subesse
1190 3078 1297 3143 neseio
1319 3075 1394 3162 quid
1414 3076 1485 3161 opi-

125 3169 266 3239 sonionis
295 3170 511 3236 incommodae
541 3172 745 3259 sauciumque
767 3191 836 3236 esse
858 3171 925 3235 eius
947 3171 1085 3236 animum
1107 3181 1139 3236 et
1158 3170 1310 3236 insedisse
1332 3168 1482 3255 quasdam

162 3261 287 3328 odiosas
316 3264 529 3351 suspiciones;
556 3264 670 3352 quibus
698 3285 758 3350 ego
787 3264 908 3330 mederi
936 3284 1007 3330 cum
1036 3286 1184 3350 cuperem
1213 3274 1304 3329 autea
1332 3284 1425 3348 saepe
1451 3273 1483 3326 et

161 3356 376 3423 vehementius
412 3363 505 3423 etiarn
538 3368 610 3446 post
635 3359 833 3425 sortitionem
858 3359 1056 3444 provinciae,
1090 3379 1148 3423 uec
1180 3368 1297 3424 tantum
1329 3355 1483 3441 intellige-

161 3450 232 3515 bam
263 3452 292 3516 ei
313 3472 382 3517 esse
409 3451 608 3528 offensionis,
641 3464 788 3539 quantum
811 3453 933 3518 litterae
955 3463 1026 3518 tuae
1048 3452 1254 3525 declararant,
1283 3471 1341 3515 uec
1362 3459 1480 3515 tantum

160 3543 378 3630 proficiebam,
401 3555 549 3632 quantum
572 3545 726 3612 volebam.
776 3551 806 3611 1.
829 3546 891 3612 Sed
912 3557 1015 3612 tamen
1036 3547 1096 3612 hoc
1117 3568 1167 3610 me
1189 3546 1256 3632 ipse
1278 3542 1481 3615 consolabar,

122 3637 247 3721 asquod
281 3660 346 3704 non
380 3637 575 3715 dubitabam,
614 3640 691 3726 quin
729 3650 759 3705 te
793 3640 844 3705 ille
871 3648 925 3704 aut
952 3641 1138 3729 Dyrrhachii
1166 3648 1220 3705 aut
1246 3639 1279 3703 in
1306 3637 1375 3702 istis
1402 3638 1481 3702 locis

1377 3772 1473 3782 ———

228 3839 255 3888 1.
283 3834 451 3889 ἀποθέωσιν
477 3838 587 3888 vocabat
610 3853 665 3888 om.
694 3838 715 3888 1.
747 3860 780 3874 -
815 3840 905 3902 iubam
927 3842 1034 3889 mimum
1059 3853 1129 3888 corr.
1154 3838 1202 3888 M:
1233 3841 1296 3901 subu
1312 3840 1419 3888 mimum
1438 3838 1476 3897 Y,

156 3907 246 3972 sobam
271 3910 406 3958 minimum
426 3909 438 3958 1
456 3914 483 3959 et
501 3921 540 3971 pr.
559 3908 600 3967 hd,
627 3909 716 3972 Ῑοὸοοι
733 3922 866 3957 ουοοοιιοι
883 3909 919 3966 ii,
949 3911 1039 3974 [ubam
1055 3911 1135 3957 imum
1158 3922 1219 3957 cum
1239 3910 1318 3960 Bosio
1336 3908 1368 3958 11.
1404 3909 1477 3957 Fert.

157 3977 211 4040 leq.
232 3992 247 4028 e
266 3978 331 4028 t'ud.
353 3978 472 4042 sangall.
491 3978 550 4028 Sec.
570 3978 604 4028 X.
624 3978 744 4028 Senecae
764 3978 830 4028 Ludi
849 3981 880 4038 ii,
900 3980 935 4028 22
954 3980 1063 4028 Famam
1081 3981 1197 4028 mimum.
1234 3979 1284 4029 Oa.
1308 4004 1342 4012 -
1379 3979 1405 4027 1.
1424 3992 1479 4026 nois

155 4046 228 4114 tleeci
244 4050 349 4113 {anteon
367 4063 422 4108 mg.
440 4048 598 4099 Cratandri:
616 4048 836 4113 nuneieeisueteon
854 4050 896 4110 hi,
915 4062 969 4098 non
987 4047 1169 4114 seiacensem
1186 4049 1218 4109 R,
1238 4062 1323 4098 nenne
1343 4046 1477 4112 (spatium

157 4117 404 4180 sacunm)tQuod
424 4119 527 4179 l,non
542 4117 834 4184 permissionum
853 4118 1027 4169 Turneboli.
1051 4141 1078 4152 ·-
1115 4119 1141 4167 1.
1161 4120 1205 4182 qui
1224 4133 1264 4182 pr.
1283 4118 1322 4168 hl.
1344 4143 1374 4155 -
1412 4120 1478 4182 Chy-

155 4187 206 4236 iius
224 4189 256 4238 n.
287 4212 317 4223 -
354 4188 380 4237 8.
400 4189 438 4238 nit
457 4189 478 4237 1.
508 4211 539 4225 -
575 4188 695 4238 Lucullus
712 4188 787 4240 hilii.
827 4189 1003 4239 Emendatum
1024 4193 1065 4237 est
1082 4200 1113 4236 er
1132 4188 1163 4238 1.
1197 4214 1229 4225 -
1263 4190 1290 4239 ii.
1307 4195 1414 4252 poetam
1434 4202 1475 4250 pr.

154 4256 193 4308 Μ.
215 4283 243 4293 -
282 4258 430 4307 cicilianum
448 4259 470 4307 1.
491 4279 524 4296 -
559 4259 602 4309 10.
620 4257 778 4316 Metaon,
806 4259 930 4309 Malioi.
965 4257 1009 4307 El.
1028 4258 1061 4307 ad
1081 4257 1154 4306 Fam.
1175 4259 1293 4318 13,11,
1313 4260 1339 4308 1.
1362 4285 1391 4295 -
1430 4259 1475 4308 11.

154 4339 205 4388 qno
223 4327 352 4377 Ursinusz
371 4330 435 4391 quoi
453 4327 498 4388 hl,
518 4330 580 4392 qnid
597 4328 664 4378 lilli.
693 4351 724 4363 -
762 4329 842 4378 Valde
861 4335 885 4378 te
901 4329 1034 4379 uendituoi
1052 4328 1211 4376 Lambinus:
1231 4329 1281 4377 uile
1298 4335 1324 4378 te
1341 4330 1476 4378 venditans·

154 4393 193 4456 Y,
214 4397 285 4445 Vale
314 4405 337 4447 te
354 4399 487 4448 venditant
504 4397 569 4458 ΖΜ,
587 4398 646 4449 uuis
663 4405 688 4448 te
705 4398 836 4448 venditori
853 4399 895 4458 X,
913 4398 989 4448 οοὶἀο
1007 4404 1031 4447 te
1048 4397 1177 4446 vindicavi
1194 4398 1235 4457 ll,
1256 4398 1327 4447 Vale.
1367 4399 1400 4448 Te
1417 4402 1476 4448 vin·

152 4466 240 4516 dicein
258 4467 302 4515 lli.
331 4493 365 4501 -
402 4468 443 4518 tt.
463 4481 517 4518 uno
536 4482 576 4530 pr.
595 4467 633 4519 ld.
655 4492 683 4503 -
719 4469 750 4517 in
767 4469 792 4517 lo
812 4482 837 4518 es
855 4469 892 4518 11.
923 4491 954 4503 -
991 4468 1034 4517 15.
1052 4474 1220 4528 suspectata:
1237 4467 1324 4529 plnres
1341 4468 1473 4518 bluretns.

156 4559 185 4570 -
204 4539 282 4586 mitto
302 4536 323 4585 1.
345 4563 373 4573 -
410 4538 454 4587 11.
474 4536 516 4602 nc]
536 4545 561 4588 et
580 4538 602 4588 1.
624 4563 654 4574 -
690 4539 733 4589 15.
752 4546 871 4587 nostrum
889 4538 921 4587 n.
943 4562 973 4573 -
992 4537 1035 4586 18.
1055 4539 1109 4585 iam
1127 4540 1155 4585 in
1173 4544 1197 4585 te
1214 4539 1244 4590 1.
1265 4550 1320 4589 oru-
1339 4539 1394 4587 iom
1413 4546 1475 4589 unte

153 4605 185 4656 ll.
216 4629 250 4643 -
285 4607 327 4656 30.
346 4608 502 4658 incommodi
528 4623 568 4673 pr.
595 4609 633 4659 hl.
664 4634 695 4644 -
731 4611 896 4672 sauciumque
913 4621 964 4657 esse
981 4609 1034 4657 eins
1051 4609 1167 4655 animum
1187 4612 1211 4655 et
1229 4608 1349 4657 insedisse
1367 4609 1474 4658 Lambi-

152 4688 221 4727 nus:
248 4679 412 4740 sauciumque
429 4680 483 4728 eins
500 4681 617 4742 animum
634 4686 659 4729 et
675 4680 795 4728 insedisse
813 4678 873 4738 llll,
904 4679 1068 4741 sauciumque
1093 4689 1145 4726 esse
1168 4678 1285 4726 animum
1310 4683 1335 4727 et
1352 4679 1473 4728 insedisse

152 4745 191 4807 ll,
210 4749 375 4810 suadumque
392 4750 446 4797 eius
463 4751 580 4798 animum
597 4749 717 4799 insedisse
735 4748 882 4798 liruestius.
904 4771 933 4782 -
962 4748 1006 4797 31.
1024 4748 1120 4796 mederi
1137 4759 1302 4807 coneuperem
1320 4761 1362 4812 pr.
1381 4747 1419 4800 hl.
1440 4773 1469 4784 -

151 4814 241 4880 anteo]
260 4825 284 4868 et
303 4825 381 4868 antec
402 4818 412 4866 Ι
431 4824 458 4869 et
474 4819 567 4869 Ambe.
587 4819 630 4870 17.
653 4843 684 4854 -
718 4817 761 4868 ³³.
782 4819 950 4870 declararunt
968 4817 1011 4868 hl:
1031 4818 1165 4867 declarent
1184 4815 1251 4866 11111.
