3256 5400
192 227 253 288 ³36
647 220 707 283 ΕΡ.
727 221 781 282 ΑΙ)
804 219 842 295 Q.
863 218 1049 282 FRATREM

191 381 247 446 sed
267 380 306 444 ab
328 380 513 466 †araysira.
544 376 661 442 Marius
682 386 714 440 et
735 373 909 439 valetudine
931 383 978 438 est
998 382 1030 438 et
1050 381 1159 438 natura
1173 371 1369 438 imbecillior.
1408 375 1441 438 4.
1460 375 1509 438 lte
1548 421 1550 425 ι

191 472 436 561 interpellatione
458 480 574 536 tantum
596 491 716 535 sumam
737 490 755 533 a
777 466 866 534 vobis
889 466 1038 553 temporis
1059 466 1099 531 ad
1120 465 1336 538 scribendum,
1357 474 1508 551 quantum

191 568 313 633 dabitis.
362 563 481 630 Utinam
510 563 586 628 nihil
613 562 710 636 detis,
743 572 777 627 ut
797 564 901 645 potius
922 570 1025 626 vestra
1046 559 1161 625 iniuria
1181 579 1274 645 qnam
1295 559 1417 643 ignavia
1439 580 1509 624 mea

192 663 326 726 cessemt
348 663 393 722 De
414 678 450 723 re
471 656 594 744 publica
615 656 745 722 nimium
768 664 798 720 te
819 652 963 720 laborare
985 654 1078 719 doleo
1101 663 1132 719 et
1147 654 1310 718 meliorem
1324 657 1424 719 civem
1440 674 1510 719 esse

169 775 284 840 aquam
309 751 526 824 Philoctetam,
554 750 608 835 qui
636 759 761 834 accepta
789 748 919 821 iniuria,
948 768 985 812 ea
1013 747 1186 834 spectacula
1207 745 1394 832 quaerebat,
1427 769 1509 834 quae

192 845 249 911 tibi
271 843 384 909 acerba
405 864 474 908 esse
495 843 599 910 video.
641 841 760 907 Amabo
782 850 829 916 te,
851 840 978 919 advola;
999 840 1188 907 consolabor
1208 850 1239 905 te
1261 848 1292 904 et
1312 861 1436 906 omnem
1455 839 1509 905 ab·

191 937 338 1024 stergebo
360 937 523 1017 dolorem;
556 945 588 1003 et
608 936 723 1013 adduc,
757 935 785 1001 si
806 955 856 1000 me
877 955 979 1010 amas,
1011 935 1154 1003 Marium.
1207 932 1269 1000 Sed
1289 941 1509 1020 approperate.

193 1037 311 1099 Hortus
332 1030 418 1098 domi
439 1037 496 1096 est

669 1173 723 1235 r1.
765 1173 816 1251 (a
841 1172 873 1235 u.
896 1172 927 1235 e.
950 1169 1035 1254 roo.)

156 1300 183 1339 ¹⁰
637 1295 790 1358 MARCUS
813 1293 851 1369 Q.
873 1295 1017 1357 FRATRI
1038 1292 1069 1356 S.

280 1410 307 1472 l.
329 1405 497 1492 Epistolam
519 1403 598 1470 hanc
619 1403 760 1469 convicio
782 1403 989 1487 efflagitarunt
1009 1402 1143 1469 codicilli
1164 1403 1220 1468 tui.
1270 1406 1346 1467 Nam
1367 1423 1419 1467 res
1441 1402 1508 1488 qui·

192 1500 262 1566 dem
285 1499 352 1586 ipsa
374 1509 406 1563 et
425 1499 453 1563 is
474 1498 559 1570 dies,
590 1517 653 1583 quo
675 1506 709 1562 tu
730 1517 764 1563 es
785 1496 958 1581 proiectus,
981 1496 1058 1561 nibil
1079 1496 1154 1562 mihi
1176 1495 1216 1560 ad
1238 1494 1436 1561 scribendum
1459 1518 1509 1560 ar·

191 1593 331 1679 gumenti
351 1613 426 1659 sane
447 1590 550 1657 dabat.
593 1589 654 1655 Sed
675 1590 952 1678 quemadmodum,
975 1610 1080 1656 coram
1095 1611 1166 1655 cum
1181 1610 1303 1663 sumus,
1325 1610 1430 1654 sermo
1452 1610 1510 1655 no-

192 1687 240 1752 bis
273 1685 382 1751 deesse
410 1707 472 1750 non
500 1685 598 1759 solet,
632 1683 677 1749 sic
698 1684 846 1770 epistolae
868 1693 993 1750 nostrae
1013 1683 1128 1749 debent
1147 1682 1303 1748 interdum
1325 1682 1509 1747 haluciuari.

159 1784 222 1850 nd.
249 1778 457 1845 Tenediorum
489 1777 585 1862 igitur
616 1775 743 1842 libertas
773 1777 877 1843 securi
908 1776 1043 1843 Tenedia
1073 1776 1213 1863 praecisa
1246 1785 1312 1849 est,
1348 1797 1420 1842 cum
1453 1797 1509 1841 eos

193 1880 317 1958 praeter
337 1893 389 1935 me
412 1879 443 1936 et
464 1870 608 1936 Bibulum
630 1880 662 1935 et
683 1870 834 1936 Calidium
856 1880 888 1936 et
907 1871 1076 1936 Favonium
1098 1889 1190 1934 nemo
1215 1867 1406 1935 defenderet.
1461 1875 1509 1935 De

192 1977 222 2031 te
251 1987 270 2029 a
295 1964 488 2049 Magnetibus
516 1962 555 2028 ab
586 1963 691 2051 Sipylo
718 1964 836 2029 mentio
864 1974 911 2028 est
931 1963 1102 2029 honorifica
1119 1962 1226 2039 lacta,
1259 1983 1329 2027 cum
1358 1972 1389 2028 te
1410 1984 1507 2028 unum

191 2060 332 2125 dicerent
352 2058 553 2145 postulationi
573 2062 608 2124 L.
631 2058 723 2123 Sestii
744 2064 860 2124 Pansae
881 2059 1040 2124 restitisse.
1094 2056 1233 2143 Reliquis
1253 2056 1363 2123 diebm
1385 2057 1412 2122 si
1434 2056 1508 2143 quid

191 2153 273 2228 erit,
308 2153 393 2239 quod
425 2165 454 2218 te
487 2151 567 2218 scire
595 2172 674 2238 opus
704 2151 761 2227 sit,
794 2161 848 2218 ant
874 2152 993 2217 etiamsi
1020 2150 1097 2216 nihil
1130 2150 1207 2224 erit,
1240 2160 1342 2216 tamen
1371 2148 1506 2214 scribam

154 2245 331 2332 anquotidie
353 2245 480 2332 aliquid.
523 2244 627 2310 Pridie
648 2243 693 2310 ld.
720 2266 821 2331 neque
844 2244 901 2310 tibi
926 2264 1027 2332 neque
1052 2244 1225 2329 Pomponio
1246 2243 1352 2309 deero.
1395 2246 1426 2307 4.
1448 2247 1510 2307 Ln-

191 2339 280 2404 cretii
313 2348 474 2424 poemata,
510 2348 546 2404 ut
579 2338 710 2413 scribis,
747 2339 787 2404 ita
820 2347 910 2404 sunt:
946 2358 1010 2403 non
1041 2337 1147 2402 multis
1178 2335 1346 2402 luminibus
1378 2333 1506 2420 ingenii,

191 2433 305 2498 multae
327 2442 429 2498 tamen
449 2431 535 2497 artis.
579 2431 640 2498 Sed
662 2453 732 2497 cum
753 2432 891 2506 veneris,
915 2431 1019 2498 virum
1041 2439 1071 2496 te
1091 2429 1218 2518 putabo,
1240 2430 1268 2496 si
1290 2428 1416 2496 Salustii
1436 2432 1508 2494 Em·

191 2525 340 2612 pedoclea
360 2526 492 2611 legerim
514 2525 670 2591 hominem
692 2547 755 2590 nou
775 2525 903 2611 putabo.

654 2668 725 2729 an.
767 2666 820 2745 (a,
847 2668 878 2729 o.
901 2667 933 2730 a
955 2669 1045 2748 roo.)

155 2800 183 2837 u
638 2789 791 2851 MARCUS
815 2788 853 2863 Q.
875 2790 1016 2853 FRATRI
1038 2789 1069 2853 S.

174 2889 176 2897 ’
277 2903 305 2964 1.
329 2898 457 2965 Gaudeo
485 2896 542 2963 tibi
568 2896 717 2962 iucundas
743 2918 812 2962 esse
840 2918 926 2963 meas
946 2898 1083 2978 litteras;
1119 2917 1177 2963 uec
1200 2904 1305 2963 umen
1331 2893 1507 2962 habuissem

191 2991 347 3058 scribendi
377 3012 460 3057 nunc
481 2990 607 3078 quidem
628 2991 725 3056 ullum
747 2999 979 3076 argumentum,
1007 2991 1067 3057 nisi
1088 3001 1157 3056 tuas
1178 2997 1377 3078 accepissem.
1432 2999 1507 3058 Nam

190 3085 292 3170 pridie
314 3083 359 3149 ld.
380 3105 452 3151 cum
472 3084 591 3170 Appius
612 3094 752 3149 senatum
775 3084 1003 3171 infrequentem
1024 3085 1197 3170 coegisset,
1233 3093 1351 3153 tantum
1374 3087 1432 3153 luit
1455 3087 1508 3151 iri-

191 3198 269 3263 gus,
299 3187 336 3243 >ut
356 3178 465 3265 populi
486 3177 628 3243 convicio
650 3186 776 3243 coactns
797 3183 837 3243 sit
857 3199 915 3244 nos
936 3178 1103 3244 dimittere.
1160 3182 1190 3244 2.
1211 3183 1257 3244 De
1279 3184 1507 3266 Commageno,

155 3272 276 3359 nquod
306 3293 374 3337 rem
405 3281 501 3339 totam
533 3272 754 3348 discusseram‚
787 3273 917 3338 mirilico
946 3274 1022 3338 mihi
1050 3285 1081 3340 et
1105 3295 1163 3360 per
1190 3294 1225 3339 se
1246 3283 1277 3338 et
1297 3295 1355 3358 per
1376 3279 1510 3360 Pompo-

193 3366 278 3432 nium
299 3365 457 3432 blanditur
482 3366 610 3453 appius.
663 3365 755 3432 Videt
776 3366 875 3440 enim,
905 3367 965 3432 hoc
985 3387 1100 3452 genere
1122 3366 1243 3431 dicendi
1264 3367 1291 3432 si
1312 3376 1383 3433 utar
1403 3367 1436 3432 iu
1459 3388 1508 3432 ce

193 3460 283 3534 teris,
317 3458 520 3525 Februarium
547 3459 683 3525 sterilem
712 3459 868 3538 luturum;
907 3482 1041 3548 eumque
1067 3460 1126 3525 lusi
1154 3461 1260 3526 iocose
1281 3460 1374 3533 satis,
1407 3481 1509 3546 neque

192 3552 293 3617 solum
324 3553 401 3618 illud
431 3553 550 3618 extorsi
580 3552 782 3639 oppidulum,
819 3552 904 3641 quod
935 3563 1002 3619 erat
1028 3555 1164 3640 positum
1193 3553 1225 3619 iu
1252 3553 1402 3640 Euphrati
1432 3561 1511 3618 Zeu·

192 3655 310 3731 gmate,
345 3645 399 3710 sed
428 3657 592 3732 praeterea
621 3656 724 3732 togam
753 3669 822 3712 sum
843 3647 911 3713 eius
931 3658 1141 3734 praetextam,
1177 3669 1269 3733 quam
1292 3655 1359 3712 erat
1379 3646 1509 3732 adeptus

155 3744 324 3811 saCaesare
346 3740 488 3815 consule,
521 3760 634 3825 magno
656 3740 816 3806 homiuum
838 3741 905 3807 risu
926 3741 1095 3807 cavillatus.
1152 3745 1183 3806 3.
1205 3740 1326 3819 „Quod
1348 3740 1430 3813 vult,
1463 3738 1512 3803 in·
1555 3805 1561 3815 ,

261 3953 287 4001 1.
307 3952 430 4012 arausico
450 3963 489 4012 pr.
509 3949 550 3999 hl:
570 3951 679 3999 uraaita
697 3964 767 4000 corr.
786 3949 831 4010 R,
849 3952 915 4001 Aria
926 3951 995 4014 Spra
1012 3951 1044 4007 R,
1064 3950 1211 4011 uroximi,
1230 3965 1295 4000 area
1313 3951 1381 4013 Syra
1400 3956 1510 4000 auctore

191 4020 339 4070 Cratandro
359 4021 395 4079 R,
415 4034 478 4070 area
497 4021 558 4082 Cyri
577 4021 714 4070 Rruestius
734 4021 762 4070 in
780 4020 856 4071 Clari
873 4035 896 4072 a.
916 4036 941 4084 r.
966 4021 1056 4084 cyrus.
1087 4043 1119 4056 ·-
1155 4022 1182 4070 2.
1201 4028 1288 4070 tamen
1307 4034 1407 4069 mmma
1426 4021 1456 4069 R.
1478 4042 1508 4055 -

191 4091 217 4140 5.
238 4091 407 4140 Philoctetam
424 4090 507 4139 thl:
527 4090 691 4140 Philoctetam
709 4091 740 4140 R.
770 4114 801 4127 -
837 4104 869 4141 ea
886 4091 955 4141 MR:
974 4091 1022 4140 itta
1039 4090 1083 4139 18.
1117 4116 1146 4127 -
1183 4090 1208 4140 d.
1231 4105 1331 4140 amman
1349 4104 1404 4140 om.
1425 4089 1457 4139 R.
1477 4114 1509 4125 -

191 4161 217 4209 7.
237 4162 320 4209 adhuc
339 4161 369 4208 R.
393 4185 419 4195 -
458 4159 485 4209 8.
506 4160 632 4208 Hortalus
651 4160 792 4211 Mttllerus.
814 4183 845 4196 -
881 4161 924 4211 13.
942 4161 1015 4210 aneu
1034 4160 1056 4210 1.
1078 4184 1109 4195 -
1145 4161 1188 4210 tlt.
1208 4161 1365 4210 hallucinari
1383 4161 1423 4218 R,
1443 4159 1511 4208 altu·

192 4233 277 4279 anari
297 4231 318 4279 Ι.
332 4256 359 4265 -
382 4230 426 4278 17.
447 4237 471 4277 te
489 4242 506 4276 a
524 4229 686 4293 Maqnetthus
698 4231 731 4281 ah
749 4231 912 4280 Lambinusz
932 4238 957 4281 te
974 4245 992 4281 o
1008 4244 1061 4294 naq.
1082 4230 1154 4291 (cum
1173 4231 1282 4286 lineolae
1300 4232 1333 4281 oh
1351 4231 1394 4288 ht,
1414 4237 1438 4278 te
1455 4241 1510 4277 mo·

191 4300 281 4364 pirah
301 4299 367 4347 RlR.
400 4323 432 4331 -
469 4312 549 4345 unum
567 4312 621 4347 om.
643 4299 665 4349 l.
698 4325 726 4337 -
764 4299 808 4350 18.
828 4299 987 4351 euastata:
1016 4299 1090 4349 Secta·
1109 4299 1136 4358 l,
1156 4301 1239 4350 Seatta'
1257 4300 1286 4350 R.
1316 4325 1347 4336 -
1384 4301 1428 4349 ⁶20.
1449 4300 1511 4348 ldae

191 4370 290 4431 Aprilis
309 4370 329 4418 1.
352 4391 380 4402 -
410 4369 453 4417 at.
473 4368 578 4423 amidis,
597 4370 637 4417 a'to
655 4376 733 4419 suat:
752 4383 806 4420 aaa
823 4370 912 4420 multia
929 4370 1082 4420 Rruertiua:
1102 4370 1191 4418 acribia
1208 4373 1248 4418 tta
1265 4378 1326 4419 auat
1342 4370 1430 4418 multia
1448 4381 1510 4418 cum

192 4440 268 4488 tibris
288 4439 314 4497 Ι,
334 4438 424 4487 scribta
442 4438 490 4486 h'ta
508 4445 568 4486 auat
586 4439 674 4488 muritta
692 4439 730 4499 R,
749 4438 857 4498 scribta,
874 4452 929 4489 aaa
944 4441 986 4490 tta
1003 4445 1063 4488 aunt
1079 4439 1168 4489 multis
1187 4440 1327 4489 Victorius·
1349 4463 1380 4474 -
1410 4439 1454 4488 SR.
1473 4439 1511 4487 ui·

191 4523 251 4558 rum
269 4508 400 4570 temptabo
420 4521 459 4569 pr.
480 4507 516 4556 hl.
549 4533 582 4541 -
619 4508 663 4559 20.
683 4509 796 4559 coaucta
815 4522 869 4560 om.
889 4508 911 4558 1.
944 4534 973 4546 -
1010 4505 1056 4570 stt]
1075 4511 1123 4558 tate
1142 4524 1181 4572 pr.
1202 4510 1238 4560 Μ.
1272 4532 1302 4546 -
1340 4510 1512 4572 Commopena

192 4580 258 4629 htR:
280 4579 451 4642 Coatmapena
469 4591 526 4640 repe
544 4578 589 4626 la.
609 4603 641 4614 -
675 4579 719 4628 30.
739 4584 824 4629 totam
841 4591 896 4628 om.
916 4578 938 4627 1.
962 4603 986 4614 -
1027 4579 1178 4629 dunuserat
1198 4580 1249 4629 hil.
1270 4606 1298 4616 -
1328 4575 1509 4640 Pomponium]

191 4649 316 4711 poputum
336 4649 357 4697 Ι.
381 4672 410 4681 -
447 4647 491 4696 3³.
510 4649 634 4710 oppidum
653 4647 674 4696 1.
694 4669 726 4684 -
761 4649 892 4711 Euphrati
909 4649 1047 4713 Zeupmate
1065 4648 1130 4698 Cod.
1151 4651 1264 4698 Sorbon.
1284 4656 1308 4698 et
1328 4649 1412 4698 Patet.
1433 4661 1511 4710 quar·

192 4726 253 4768 tus:
273 4719 370 4781 eutratt
387 4725 410 4767 et
430 4725 546 4780 eatpmate
564 4718 609 4777 hl,
629 4718 738 4781 Eufrate
756 4725 781 4769 et
799 4719 925 4782 Eupmate
943 4718 982 4778 R,
1008 4719 1129 4781 euphrati
1148 4727 1172 4768 et
1190 4721 1309 4782 napinate
1328 4720 1358 4777 l,
1379 4720 1512 4780 Euphrate

192 4797 216 4840 et
235 4789 371 4852 Zerapaaate
390 4788 428 4844 R,
449 4788 582 4849 Euphrate
599 4793 667 4848 (om.
687 4793 712 4837 et
728 4784 884 4854 Zeupmate)
903 4788 1049 4838 Manutius·
1069 4815 1102 4823 -
1137 4789 1181 4839 ³5.
1203 4790 1277 4851 Quod
1294 4790 1349 4838 uult
1367 4789 1422 4839 llll:
1442 4788 1512 4852 quad

192 4873 247 4908 aon
263 4859 317 4909 urttt
337 4859 376 4918 ll,
396 4858 465 4923 quod
481 4857 548 4907 aoth
566 4857 598 4907 R.
