3256 5400
172 210 234 274 734
670 200 729 260 BP.
750 198 802 259 Al)
824 195 995 258 hTTlCUhl

173 345 309 431 Antonio
337 362 481 447 gratiam.
523 354 599 421 Mihi
625 364 728 418 autem
759 373 822 439 quo
850 350 980 416 laetiora
1006 357 1093 422 sunt,
1122 368 1162 413 eo
1190 349 1260 433 plus
1285 349 1438 414 stomachi
1467 356 1501 413 et

174 459 336 523 molestiae
358 465 405 520 est
432 451 582 539 populum
605 454 777 513 Romanum
800 468 909 510 manus
930 466 1002 510 suas
1023 465 1086 508 non
1108 442 1140 507 in
1162 441 1357 508 defendenda
1383 464 1420 507 re
1442 464 1502 528 pu-

175 550 256 616 blica
279 549 334 615 sed
356 548 388 611 in
403 542 579 632 plaudendo
600 561 796 606 consumere.
837 538 912 604 Mihi
927 536 1059 623 quidenl
1076 535 1226 601 videntur
1247 541 1381 602 istorum
1404 536 1501 601 animi

175 645 301 711 incendi
323 646 415 706 etiam
438 638 476 703 ad
499 634 791 722 repraesentandam
813 630 1044 718 improbitatem
1066 651 1164 695 suam.
1208 631 1270 696 Sed
1291 643 1412 698 tamen:

152 765 166 807 ⁵
469 759 635 820 Dumutodo
655 758 751 820 doleau
772 757 900 837 aliquid,
922 755 1019 817 meu
1040 754 1190 834 quidlibet.

176 892 208 951 4.
231 881 405 949 Consilium
427 899 531 943 meum
553 876 639 963 quod
660 877 706 940 ais
728 875 869 961 quotidie
891 878 988 959 magis
1010 872 1144 946 laudari,
1174 893 1236 937 non
1259 874 1391 938 moleste
1414 873 1500 943 lero:

176 974 472 1062 exspectabamque,
501 969 624 1056 siquid
654 968 692 1033 de
715 990 754 1034 eo
782 968 893 1033 adme
922 965 1087 1033 scriberes.
1131 971 1199 1051 Ego
1221 968 1303 1031 enim
1334 968 1366 1031 in
1395 967 1502 1031 varios

177 1088 338 1136 sermones
360 1063 545 1130 incidebam.
590 1063 787 1140 Quinetiam
811 1063 928 1127 idcirco
950 1059 1126 1136 trahebam,
1152 1071 1300 1148 utquam
1324 1060 1502 1126 diutissime

174 1163 333 1247 inte‘grum
363 1166 453 1222 esset.
497 1155 557 1222 Sed
585 1158 733 1240 qnoniam
762 1155 885 1221 lurcilla
912 1155 1126 1229 extrudimur,
1156 1154 1356 1220 Brundisium
1384 1154 1501 1239 cogito.

142 1254 310 1321 roFacilior
332 1253 414 1316 enim
438 1260 468 1314 et
490 1251 684 1336 exploratior
706 1249 855 1314 devitatio
877 1249 1036 1334 legionum
1063 1248 1132 1314 lore
1154 1249 1278 1313 videtur
1300 1270 1394 1335 quam
1417 1250 1503 1335 pira·

176 1358 295 1420 tarum,
326 1345 379 1432 qui
401 1364 551 1430 apparere
574 1343 729 1408 dicuntur.
773 1343 890 1408 Sestius
912 1363 956 1407 vr.
978 1342 1051 1407 ldus
1073 1342 1329 1425 exspectabatur,
1358 1342 1414 1407 sed
1437 1363 1501 1406 non

176 1450 323 1511 venerat,
353 1437 437 1524 quod
467 1437 573 1501 sciam.
617 1441 739 1503 Cassius
768 1458 841 1501 cum
869 1437 1029 1501 classicula
1056 1457 1111 1500 sua
1133 1446 1270 1501 venerat.
1313 1441 1396 1522 Ego,
1428 1456 1501 1500 cum

177 1555 250 1599 eum
267 1532 429 1606 vidissem,
453 1553 482 1594 v.
501 1530 573 1595 ldus
589 1530 620 1595 in
635 1535 857 1615 Pompeianum
873 1529 1065 1617 cogitabam,
1088 1529 1160 1594 inde
1174 1531 1375 1595 Aeculanum.
1412 1529 1500 1593 Nosti

177 1627 309 1711 reliqua.
353 1631 382 1690 5.
405 1630 450 1689 Be
471 1623 578 1697 Tutia,
600 1624 642 1688 ita
665 1635 816 1709 putaram.
859 1630 906 1690 Be
924 1623 1074 1695 Aebutio.
1097 1645 1160 1688 non
1182 1624 1293 1701 credo;
1317 1644 1375 1688 neo
1396 1635 1499 1687 tamen

143 1741 256 1785 recuro
279 1720 347 1805 plus
369 1739 462 1804 quam
481 1727 524 1782 tu.
567 1717 680 1783 Planco
697 1729 727 1782 et
743 1719 846 1804 Oppio
868 1720 978 1804 scripsi
1000 1718 1161 1803 equidem,
1184 1719 1331 1805 quoniam
1353 1737 1497 1799 rogaras:

178 1811 250 1883 sed,
272 1811 299 1875 si
315 1808 372 1874 tibi
388 1810 560 1884 videbitur,
583 1832 622 1875 ne
638 1833 764 1877 necesse
787 1812 933 1877 habueris
954 1811 1098 1877 reddere.
1134 1816 1211 1878 Cum
1233 1812 1317 1876 enim
1339 1819 1392 1875 tua
1407 1831 1499 1875 causa

178 1905 309 1970 fecerint
331 1905 451 1977 omnia,
474 1927 603 1978 vereor,
626 1928 665 1970 ne
687 1929 772 1972 meas
796 1908 913 1972 litteras
934 1927 1180 1993 supervacaneas
1202 1905 1403 1971 arbitrentur.
1437 1906 1501 1988 Op-

177 2000 232 2086 pio
254 1997 379 2084 quidem
401 1998 525 2085 utique,
557 2020 649 2085 quem
673 1999 728 2065 tibi
753 2001 976 2066 amicissimum
998 2001 1141 2085 cognovi.
1183 2005 1316 2074 Verum,
1346 2007 1381 2063 ut
1401 1995 1499 2061 noles.

178 2097 208 2157 6.
231 2096 292 2166 Tu,
316 2085 462 2178 quoniam
485 2091 596 2157 scribis
617 2093 826 2160 hiematurum
848 2105 878 2159 te
901 2095 933 2158 in
947 2095 1059 2179 Epiro,
1081 2093 1194 2158 leceris
1215 2093 1291 2157 mihi
1313 2101 1451 2176 gratum,
1474 2088 1501 2153 si

140 2196 251 2250 suante
279 2206 318 2249 eo
341 2186 480 2260 veneris,
513 2207 605 2272 quam
627 2188 703 2253 mihi
724 2189 756 2253 in
779 2190 896 2254 ltaliam
924 2197 954 2252 te
976 2196 1105 2252 auctore
1127 2187 1314 2252 veniendum
1337 2195 1394 2250 est.
1439 2185 1502 2248 Lit-

180 2289 261 2343 teras
290 2278 328 2342 ad
351 2300 401 2342 me
430 2301 522 2366 quam
552 2281 749 2366 saepissime:
780 2282 806 2346 si
834 2282 873 2347 de
895 2280 990 2347 rebus
1012 2281 1113 2345 minus
1134 2280 1331 2352 necessariis,
1363 2279 1500 2365 aliquem

179 2381 303 2447 nactus;
335 2373 383 2436 sin
412 2384 515 2437 autem
545 2374 607 2438 crit
636 2376 710 2461 quid
741 2375 858 2449 maius,
887 2375 981 2440 domo
1012 2372 1134 2447 mittito,
1182 2377 1444 2458 Ἡρακλειδεῖον,
1474 2378 1499 2436 si

178 2466 380 2531 Brundisium
403 2467 493 2541 salvi,
517 2467 708 2533 adoriemur.
752 2475 797 2534 Be
818 2469 924 2535 Gloria
946 2469 1017 2533 misi
1040 2467 1105 2533 tibi.
1149 2469 1310 2534 Custodies
1330 2466 1443 2553 igitur,
1466 2476 1501 2531 ut

179 2559 278 2635 soles;
306 2559 361 2624 sed
383 2570 531 2626 notentur
553 2563 717 2647 eclogarii,
747 2585 826 2650 quos
848 2563 988 2636 Salvius,
1011 2561 1112 2627 honos
1133 2561 1293 2627 auditores
1314 2571 1439 2633 nactus,
1468 2560 1500 2624 iu

142 2653 509 2811 uconvivioldumtaxat
529 2657 621 2741 legat.
664 2656 740 2721 Mihi
762 2656 851 2721 valde
872 2657 1009 2743 placent:
1032 2657 1156 2722 mallem
1176 2654 1243 2722 tibi.
1285 2656 1386 2720 Etiam
1407 2666 1500 2740 atque

181 2755 272 2810 ettam
296 2768 332 2812 va
346 2769 373 2812 e.

645 2894 705 2954 111.
749 2892 805 2967 (n.
833 2893 865 2954 u.
888 2893 919 2955 c.
942 2892 1037 2970 no.)

657 3022 799 3088 CICERO
821 3023 965 3087 ATTICO
989 3025 1019 3087 S.

266 3135 293 3194 1.
317 3136 365 3197 Tu
387 3153 465 3197 vcro
487 3132 653 3218 sapienter.
698 3138 784 3198 Nunc
806 3132 932 3198 demum
954 3134 1036 3198 enim
1058 3133 1199 3198 rescribo
1222 3135 1259 3199 irs
1273 3135 1399 3208 litteris,
1424 3156 1500 3221 quas

142 3223 255 3287 mmihi
285 3224 409 3300 misisti,
439 3238 593 3292 convento
622 3227 756 3291 Antonio
782 3224 900 3290 Tiburi.
946 3227 1107 3313 Sapienter
1135 3227 1247 3312 igitur,
1277 3229 1361 3312 quod
1390 3250 1500 3293 manus

179 3317 290 3384 dedisti
313 3321 460 3406 quodque
483 3321 576 3384 etiam
600 3321 681 3385 ultro
704 3320 819 3406 gratias
842 3321 941 3404 egisti.
979 3326 1069 3387 Certe
1092 3321 1190 3394 enirn,
1214 3331 1249 3385 ut
1262 3321 1388 3393 scribis,
1412 3322 1501 3386 dese-

177 3431 286 3476 remur
314 3419 418 3499 potius
447 3411 667 3498 erepublica
697 3435 791 3497 quam
818 3436 836 3478 a
860 3436 894 3478 re
916 3414 1072 3479 lamiliari.
1117 3414 1211 3492 Quod
1233 3436 1310 3479 vero
1336 3415 1447 3480 scribis
1471 3428 1500 3480 te

178 3506 277 3587 magis
300 3516 330 3568 et
349 3507 445 3591 magis
467 3507 631 3580 delectari,
655 3529 674 3571 0
697 3513 799 3571 Tira
823 3528 859 3573 sl
883 3528 982 3583 oven
1005 3528 1103 3574 Eoo:
1127 3531 1221 3592 auges
1244 3508 1320 3573 mihi
1342 3509 1498 3574 scribendi

178 3598 379 3664 alacritatem.
416 3602 508 3678 Quod
528 3606 654 3666 Erotem
677 3623 740 3666 non
761 3602 829 3666 siue
851 3605 1034 3669 munusculo
1056 3614 1237 3688 exspectare
1259 3602 1352 3676 dieis,
1375 3603 1500 3688 gaudeo

249 3817 273 3864 1.
294 3828 344 3878 quo
362 3829 416 3864 om.
437 3816 473 3866 hl.
502 3841 534 3851 -
569 3818 594 3866 3.
615 3818 752 3868 laudando
770 3821 845 3871 ltllll.
883 3818 970 3882 (Corr.
991 3837 1022 3873 ex
1040 3823 1082 3871 ΧΖ
1102 3829 1128 3872 et
1147 3835 1200 3883 mg.
1221 3820 1307 3879 Crat.)
1329 3847 1357 3858 -·
1395 3823 1500 3870 udatur

178 3885 202 3934 l.
229 3911 262 3920 -
298 3886 323 3934 5.
344 3885 586 3950 deleautuiiquid,
606 3889 712 3937 doleant
733 3890 806 3939 hllll.
845 3891 929 3948 (Corn.
949 3893 1250 3942 BouheriosudTuse.
1270 3891 1371 3951 mo,
1392 3892 1500 3948 45.)-

178 3955 301 4018 qur'dlibat
320 3956 379 4005 llll:
406 3958 476 4019 quod
496 3957 563 4006 lubet
590 3958 627 4015 B,
654 3959 787 4020 quodlibet
813 3961 843 4010 B.
868 3987 895 3998 -
935 3964 960 4012 9.
980 3960 1094 4024 [arsitio]
1113 3964 1176 4027 suro
1193 3964 1242 4012 illo
1263 3962 1306 4021 Μ,
1334 3962 1434 4010 Furore
1451 3961 1500 4010 illu

179 4024 240 4090 (sic)
261 4025 296 4084 B,
326 4024 426 4086 frustra
443 4027 492 4075 illu
518 4027 539 4074 l.
576 4027 663 4079 tCorr.
685 4042 714 4077 ex
734 4029 797 4086 ΧΖ.)
824 4056 852 4066 -
891 4033 1052 4081 extrudimur
1078 4033 1098 4080 l.
1128 4056 1154 4065 -
1194 4032 1373 4081 Brundusium
1390 4044 1500 4093 pergere
1585 4032 1591 4037 '

177 4098 265 4157 copus
284 4095 306 4143 l.
328 4120 358 4130 -
380 4098 422 4146 13.
444 4097 504 4144 ldur
523 4095 642 4147 Conrado
655 4107 764 4149 auctore
779 4102 924 4150 hamhinus
938 4109 963 4150 et
976 4102 1146 4151 Schuetzios:
1166 4100 1345 4169 Kobhllllli.
1368 4126 1396 4136 -
1417 4102 1500 4150 Aecu-

177 4166 268 4214 lanum
287 4163 434 4215 Cratander
454 4173 480 4216 et
499 4165 563 4215 Ctd.
585 4169 713 4231 hlalasp.:
732 4170 877 4219 Acuiunum
895 4172 990 4222 Malu.
1013 4195 1043 4206 -
1080 4172 1122 4222 14.
1145 4171 1226 4222 Tucia
1245 4172 1288 4221 Bl.
1308 4196 1340 4204 -
1374 4168 1497 4234 Aebutio]

176 4235 278 4285 Evictio
298 4234 334 4294 B,
354 4237 456 4286 Emetio
475 4237 502 4294 l,
523 4237 551 4286 C.
570 4237 651 4287 illatio
671 4240 709 4288 Vb
728 4247 754 4289 et
774 4241 834 4290 lori.
854 4242 890 4292 hl.
929 4243 1016 4298 (Corn.
1036 4255 1067 4290 ex
1085 4242 1151 4299 xl.)
1172 4269 1202 4278 -
1239 4242 1281 4291 1¹1.
1301 4242 1403 4300 [surim
1421 4241 1445 4291 l.
1468 4266 1498 4277 -·

178 4304 220 4355 18.
240 4304 428 4366 amplissimum
447 4307 520 4356 ltlltl.
557 4307 647 4367 (Corn.
668 4309 824 4372 Victorius.)
856 4335 882 4343 -
922 4312 964 4361 20.
991 4318 1028 4361 est
1046 4311 1126 4362 hllll:
1146 4313 1180 4361 rit
1198 4326 1260 4361 eum
1279 4312 1359 4361 Bosio
1380 4311 1415 4367 B,
1439 4313 1499 4361 sine

177 4376 346 4425 auctoritate.
367 4398 397 4408 -
426 4378 468 4425 21.
489 4377 512 4425 si
531 4377 588 4426 xz:
608 4380 652 4428 red
670 4380 767 4429 unta.
789 4407 816 4417 -
845 4381 887 4430 BB.
908 4384 983 4431 mitto
1003 4382 1024 4431 l.
1047 4408 1075 4418 -
1101 4377 1313 4452 ‘llpauleedeiou
1331 4381 1497 4432 Cratander:

173 4439 370 4514 ‘Hpuultatdtov
394 4445 445 4495 BE.
472 4472 503 4481 -
539 4447 583 4496 ut.
610 4450 699 4499 nolent
724 4450 938 4503 l.F.Gronorio
957 4459 1067 4502 auctore
1094 4452 1122 4501 li.
1156 4475 1182 4484 —
1221 4453 1306 4502 noctis
1330 4466 1371 4515 pr.
1398 4450 1435 4498 bl.
1467 4475 1497 4486 -

176 4514 220 4564 25.
240 4515 329 4575 lapaut
348 4515 420 4565 unt.
448 4541 480 4549 -
517 4517 559 4566 29.
584 4519 820 4570 tun2nts1tssss.
849 4546 883 4555 -
919 4523 962 4572 30.
991 4521 1092 4585 Tiberi]
1111 4522 1159 4571 tibi
1174 4524 1211 4570 iri
1229 4522 1259 4571 B.
1289 4546 1319 4556 -
1356 4522 1399 4570 32.
1430 4524 1499 4570 otius

176 4584 219 4642 hl,
240 4585 309 4632 orius
327 4584 371 4633 Bl.
401 4584 485 4636 tCorr.
500 4586 653 4642 Victorius-t
674 4616 701 4625 -
735 4603 752 4639 o
771 4605 798 4640 re
815 4590 944 4652 familiari
961 4607 1039 4656 wem
1057 4608 1074 4642 a
1093 4606 1146 4653 rep.
1168 4591 1287 4640 malebat
1299 4592 1449 4641 Ernestius.
1466 4614 1496 4625 -

176 4665 238 4702 uero
256 4654 310 4702 siue
327 4656 480 4704 munusculo
498 4656 589 4705 scubia
613 4659 634 4706 l.
660 4681 692 4694 -
728 4660 771 4709 33.
792 4668 815 4710 et
832 4665 918 4725 acopis
935 4676 990 4713 om.
1010 4663 1084 4712 lllBl.
1122 4660 1269 4725 (lusertum
1287 4675 1319 4711 ex
1337 4661 1382 4719 X.)
1408 4685 1438 4696 —·
1477 4661 1499 4710 0

180 4721 244 4785 Tite]
264 4725 319 4772 etio
336 4726 410 4775 Mlti.
449 4725 534 4781 (Corr.
556 4726 710 4781 Victorius.)
729 4756 761 4764 -
796 4746 859 4793 epo:
878 4746 958 4794 aupes
976 4734 1039 4782 mila
1056 4734 1218 4782 Lambinus:
1238 4746 1299 4796 opes
1316 4732 1380 4781 mibi
1398 4745 1438 4794 pr.
1459 4731 1496 4789 bl,

177 4807 238 4856 opes
255 4793 333 4842 oddis
350 4795 413 4844 mibi
433 4797 443 4844 l
462 4802 489 4845 et
506 4810 577 4846 corr.
597 4798 637 4857 ht,
657 4801 715 4864 ogia
733 4801 810 4850 addis
826 4802 890 4852 milii
909 4804 946 4862 B,
967 4817 1029 4868 ego:
1049 4804 1125 4853 addit
1143 4804 1207 4853 mibi
1225 4817 1286 4853 eum
1305 4800 1428 4852 Munatio
1448 4801 1496 4855 Β..
