3256 5400
177 204 239 268 248
605 196 880 264 subsolanum
900 198 953 262 tu
975 197 1066 261 ram

176 359 262 448 qnod
293 360 326 424 in
358 379 410 423 me
438 359 509 444 ipso
540 356 680 443 experiri
710 355 818 442 potui,
848 354 888 421 ad
909 365 940 420 te
961 351 1130 430 deferam;
1155 352 1189 417 in
1218 373 1258 419 eo
1286 363 1438 440 quantum
1459 358 1500 420 sit

176 452 343 542 ponderis,
376 462 412 518 tu
432 449 563 518 videbis.
617 453 721 528 Quam
741 459 863 537 partem
883 449 917 514 in
937 468 974 512 re
996 444 1120 533 publica
1141 466 1329 533 causamque
1351 448 1500 515 defende·

175 549 258 624 rim,
286 569 344 635 per
364 566 446 634 quos
467 545 610 612 homines
632 545 821 630 ordinesque
842 542 983 609 steterim
1005 539 1181 628 quibusque
1203 540 1340 606 munitus
1361 540 1499 617 brer-im,

176 663 239 708 non
261 641 397 725 Ignoras.
439 643 508 704 lloc
529 638 607 704 mibi
631 638 725 704 velim
746 636 875 702 credas:
898 636 926 701 si
948 635 1022 722 quid
1041 633 1170 700 fecerim
1193 635 1254 701 boc
1274 635 1345 721 ipso
1361 636 1396 701 in
1414 635 1500 702 bello

155 735 279 800 eminus
301 753 342 797 ex
368 732 509 798 Caesaris
530 732 688 797 voluntate
711 776 750 787 -
772 729 858 818 qnod
878 729 1087 796 intellexerim
1103 729 1184 795 seire
1203 730 1307 816 ipsum
1335 733 1501 796 Caesarem

175 848 227 891 me
247 826 467 892 invitissimum
488 825 599 890 fecisse
621 869 679 900 -‚
701 824 734 890 id
758 822 872 889 fecisse
895 823 1031 889 aliorum
1049 823 1202 899 consilio,
1225 823 1370 896 hortatu.
1392 832 1502 888 aucto-

174 921 284 997 ritate;
319 917 405 1005 quod
432 917 546 984 fuerim
571 917 763 983 moderatior
784 917 1049 1004 temperatiorque
1074 938 1169 1003 quam
1192 917 1224 982 in
1245 938 1282 982 ea
1303 925 1392 1003 parte
1414 916 1501 1002 quis-

175 1033 287 1101 quam,
308 1012 341 1077 id
362 1033 413 1077 me
434 1012 546 1077 fecisse
564 1011 701 1077 maxime
723 1010 907 1075 auctoritate
929 1010 1103 1097 Capitonis;
1131 1011 1221 1076 ouius
1240 1010 1356 1076 similes
1377 1014 1403 1075 si
1425 1008 1502 1074 reli-

175 1128 256 1195 quos
277 1106 471 1172 necessarios
495 1103 691 1177 habuissem,
727 1101 942 1189 reipublicae
966 1104 1100 1169 fortasse
1121 1103 1278 1177 nonnihil,
1316 1103 1393 1169 mibi
1414 1111 1501 1167 certe

141 1221 166 1263 so
175 1200 347 1288 plurimum
366 1199 565 1287 profuissem.
619 1202 648 1264 8.
671 1201 758 1263 Hanc
778 1218 864 1273 rem,
887 1198 931 1263 mi
951 1197 1083 1274 Plance,
1105 1197 1132 1263 si
1153 1197 1312 1270 ellecerIs,
1335 1217 1437 1263 meam
1458 1194 1500 1261 de

176 1304 228 1362 tua
253 1315 328 1380 erga
350 1316 401 1360 me
419 1293 636 1361 benevolentia
653 1312 740 1378 spem
766 1291 1020 1366 confirmaveris,
1041 1291 1146 1378 ipsum
1166 1292 1365 1378 Capitonem,
1388 1289 1502 1376 gratis-

175 1391 307 1463 simum,
341 1387 620 1462 officiosissimum,
654 1386 807 1472 optimum
832 1385 954 1462 vuum,
976 1386 1015 1451 ad
1045 1396 1130 1452 tuam
1155 1384 1416 1452 necessitudinem
1445 1393 1502 1450 tuo

176 1504 299 1549 summo
321 1481 476 1549 beneficio
497 1481 688 1547 adiunxeris.

636 1651 1045 1735 mnmucmp

142 1816 166 1858 ss
573 1793 716 1858 CICERO
736 1793 869 1858 ACILIO
890 1792 1055 1857 PROCOS.
1078 1794 1109 1856 S.

263 1930 291 1990 1.
314 1930 348 1990 L.
367 1924 499 1991 Manlius
517 1933 565 1989 est
581 1922 678 1988 Sosis.
720 1925 749 1986 ls
765 1920 826 1988 fuit
840 1922 1032 1999 Catinensis;
1055 1921 1109 1986 sed
1128 1932 1176 1995 est
1199 1943 1346 1988 unacum
1370 1922 1503 2009 reliquls

176 2018 385 2104 Neapolitanis
406 2017 482 2082 civis
506 2023 664 2084 Romanus
682 2014 781 2081 factus
799 2014 992 2101 decurioque
1012 2016 1162 2102 NeapoII;
1192 2024 1260 2080 crat
1286 2015 1369 2080 enim
1384 2014 1504 2080 adscri-

178 2122 249 2200 ptus
272 2113 305 2177 in
327 2112 359 2177 id
377 2111 583 2196 municipium
605 2118 675 2175 ante
695 2109 851 2174 civitatem
872 2109 965 2174 sociis
987 2117 1019 2173 ct
1038 2109 1153 2175 Latinis
1173 2108 1286 2174 datam
1341 2109 1417 2174 Eius
1439 2107 1504 2173 fra-

177 2216 226 2272 ter
243 2205 369 2271 Catinae
393 2225 495 2290 nuper
514 2212 657 2269 mortuus
682 2211 738 2268 est.
780 2201 902 2267 Nullam
925 2203 1053 2267 omnino
1073 2201 1263 2268 arbitramur
1284 2202 1323 2268 de
1348 2222 1386 2266 ca
1410 2201 1504 2266 bere-

139 2299 272 2365 nuditate
302 2297 549 2364 controversiam
571 2317 642 2363 eum
667 2295 860 2370 habiturum,
897 2304 993 2360 otest
1010 2295 1104 2361 bodie
1125 2294 1282 2374 inbonis;
1319 2295 1391 2371 sed,
1423 2316 1503 2382 quo-

177 2397 260 2460 niam
278 2391 372 2458 babet
393 2402 556 2479 praeterea
581 2390 705 2475 negotia
721 2398 829 2455 vetera
850 2389 884 2454 in
905 2388 1010 2454 Sicilia
1035 2410 1110 2463 sua,
1138 2397 1170 2454 et
1192 2388 1272 2454 hanc
1295 2389 1504 2456 hereditatem

177 2485 347 2553 fraternam
366 2495 397 2552 et
418 2484 523 2550 omnia
543 2485 611 2550 eius
630 2482 688 2549 tibi
712 2482 898 2549 commendo
914 2482 947 2547 in
970 2481 1142 2570 primisque
1171 2483 1275 2569 ipsum
1293 2483 1400 2548 virum
1422 2481 1504 2568 opti·

179 2601 265 2647 mum
286 2580 426 2666 mihique
449 2577 742 2654 familiarissimum,
768 2577 808 2643 iis
832 2575 942 2642 studiis
970 2575 1144 2643 litterarum
1167 2575 1390 2663 doctrinaeque
1412 2596 1504 2662 prae-

179 2673 300 2747 ditum,
333 2671 449 2760 quibus
472 2691 533 2757 ego
562 2670 698 2737 maxime
714 2670 863 2736 delector.
919 2673 949 2735 2.
982 2675 1058 2735 Peto
1082 2671 1179 2755 igitur
1197 2668 1253 2736 abs
1278 2679 1324 2743 tc,
1355 2679 1391 2735 ut
1408 2690 1502 2745 eum,

142 2767 246 2833 assiae
264 2766 365 2832 aderit
385 2765 452 2831 sive
470 2785 534 2831 non
557 2765 680 2830 venerit
699 2764 732 2829 in
756 2763 909 2836 Siciliam,
936 2763 969 2828 in
989 2763 1069 2829 meis
1090 2763 1207 2831 intimis
1224 2764 1425 2851 maximeque
1449 2783 1504 2828 ne·

179 2859 325 2925 cessariis
350 2864 430 2925 scias
457 2878 547 2936 esse;
583 2857 689 2945 itaque
710 2867 839 2934 mactes,
871 2866 906 2924 ut
927 2856 1079 2942 intelligat
1100 2879 1201 2924 meam
1227 2856 1289 2924 sibi
1305 2855 1505 2924 commenda-

180 2952 300 3019 tionem
321 2972 434 3037 magno
456 2951 635 3018 adiumento
657 2950 763 3018 fuisse.

635 3120 1049 3206 numnam)

576 3262 720 3327 CICERO
741 3261 874 3325 ACILIO
895 3262 1061 3327 PROCOS.
1082 3265 1115 3326 S.

143 3414 170 3456 so
268 3400 296 3460 1.
325 3398 357 3460 C.
386 3392 510 3469 Flavio,
538 3391 669 3457 honesto
690 3399 722 3456 ot
743 3399 855 3456 ornato
878 3390 983 3478 equite
1003 3395 1163 3466 Romano,
1200 3399 1274 3457 utor
1302 3392 1393 3458 valde
1413 3393 1505 3460 faml-

179 3487 310 3552 liariter.
353 3487 424 3554 Fuit
450 3492 535 3553 enim
563 3486 672 3572 generi
696 3484 776 3560 mei,
810 3489 843 3552 C.
864 3484 1002 3561 Pisonis,
1029 3486 1282 3571 pernecessarius
1301 3508 1415 3575 meque
1436 3488 1506 3554 dili·

180 3581 360 3666 gentissIme
380 3578 549 3647 observant
568 3589 599 3645 et
614 3580 683 3666 ipse
705 3588 736 3644 ct
751 3583 785 3644 L.
799 3578 936 3652 Flavius,
959 3577 1058 3645 frater
1075 3579 1153 3645 eius.
1196 3583 1399 3666 Quapropter
1409 3581 1504 3647 velim

181 3674 312 3740 honoris
333 3675 395 3740 mei
416 3696 527 3749 causa,
559 3674 674 3762 quibus
699 3670 797 3738 rebus
824 3671 955 3739 honeste
978 3681 1009 3737 et
1030 3694 1089 3760 pro
1111 3683 1164 3740 tua
1185 3674 1334 3760 dignitate
1366 3675 1502 3760 poteris,

181 3789 274 3855 wem
296 3767 612 3834 bonorificentissime
640 3778 671 3833 et
694 3786 788 3854 quam
814 3765 1032 3832 liberalissime
1062 3770 1095 3833 C.
1121 3767 1263 3833 Flavium
1292 3776 1416 3834 tractes.
1470 3766 1506 3834 ld

144 3859 256 3925 semihi
278 3861 324 3928 sic
345 3862 406 3926 erit
426 3873 564 3946 gratum,
594 3871 630 3927 ut
649 3860 768 3947 gratius
790 3880 858 3925 esse
881 3859 958 3925 nibil
979 3860 1087 3944 possit.
1128 3864 1159 3926 2.
1182 3861 1243 3927 Sed
1263 3874 1427 3948 praeterea
1448 3861 1506 3928 tibi

181 3953 305 4020 affirmo
331 3985 362 3998 -
395 3973 497 4040 neque
519 3953 551 4019 id
573 3952 742 4019 ambitione
764 3952 914 4019 adductus
935 3953 1033 4029 facio,
1070 3952 1125 4019 sed
1150 3976 1221 4019 cum
1242 3954 1452 4023 familiaritate
1474 3965 1507 4023 et

182 4047 430 4123 necessitudine,
459 4056 526 4111 tum
559 4047 651 4112 etiam
679 4051 810 4112 veritate
840 4084 880 4095 -—
909 4058 941 4112 te
971 4069 1013 4113 ex
1042 4051 1074 4115 C.
1096 4048 1193 4115 Flavii
1215 4047 1320 4116 officio
1342 4060 1373 4116 et
1394 4048 1505 4116 obser·

182 4140 286 4206 vantia
316 4149 347 4205 et
376 4149 542 4227 praeterea
562 4139 729 4226 splendore
756 4149 850 4228 atque
874 4141 957 4207 inter
982 4162 1058 4208 suos
1078 4143 1177 4228 gratia
1198 4163 1342 4229 magnam
1364 4142 1506 4229 volupta-

182 4244 246 4299 tem
267 4255 336 4300 esse
356 4244 529 4322 capturum.
572 4235 660 4300 Vale.

252 4450 278 4502 3.
305 4447 432 4514 munitas]
451 4453 569 4502 totostoto
588 4450 737 4503 Ilanutius.
765 4476 797 4485 -
833 4449 861 4501 b.
879 4451 909 4500 td
924 4452 974 4514 feet
991 4450 1029 4503 II.
1062 4475 1093 4488 -
1129 4453 1156 4504 7.
1175 4457 1410 4518 temperanterque
1428 4453 1506 4503 Lam·

184 4520 274 4570 binus.
297 4543 327 4555 -
363 4520 407 4570 20.
428 4523 552 4585 quantam
569 4521 613 4573 lle
631 4536 710 4586 worn
729 4521 759 4571 ll.
791 4543 821 4555 -
857 4520 902 4570 21.
923 4527 971 4571 tuo
988 4520 1140 4575 Scbtttzlus.
1159 4549 1191 4558 -
1228 4524 1273 4575 22.
1292 4531 1318 4575 et
1334 4530 1398 4574 anta
1416 4525 1506 4574 omnio

183 4603 240 4640 om.
259 4589 299 4643 M.
316 4614 350 4626 -
385 4589 431 4640 23.
450 4592 484 4641 iis
501 4591 604 4650 Aldus:
625 4593 665 4643 lits
683 4591 743 4642 uu.
765 4614 795 4626 -
831 4591 876 4642 25.
899 4589 984 4641 obem
1001 4592 1039 4644 bl.
1061 4617 1092 4629 -
1128 4593 1173 4645 26.
1191 4593 1241 4644 tibi
1257 4594 1506 4647 mmmmoastonsm

183 4661 229 4713 bl:
249 4661 496 4712 commendationem
513 4662 563 4712 atta·
580 4662 611 4712 ll.
631 4686 665 4700 -
700 4660 744 4712 32.
765 4659 902 4712 alremont
919 4660 969 4712 bl:
989 4661 1108 4714 observat
1126 4663 1157 4715 ll.
