<?xml version="1.0" encoding="UTF-8"?>
<!DOCTYPE html PUBLIC "-//W3C//DTD XHTML 1.0 Transitional//EN"
    "http://www.w3.org/TR/xhtml1/DTD/xhtml1-transitional.dtd">
<html xmlns="http://www.w3.org/1999/xhtml" xml:lang="en" lang="en">
 <head>
  <title>
</title>
<meta http-equiv="Content-Type" content="text/html;charset=utf-8" />
  <meta name='ocr-system' content='tesseract 3.04.00' />
  <meta name='ocr-capabilities' content='ocr_page ocr_carea ocr_par ocr_line ocrx_word'/>
</head>
<body>
  <div class='ocr_page' id='page_1' title='image "./operaquaesupers06halmgoog/operaquaesupers06halmgoog_0314.png"; bbox 0 0 3256 5400; ppageno 0'>
   <div class='ocr_carea' id='block_1_1' title="bbox 200 252 1091 322">
    <p class='ocr_par' dir='ltr' id='par_1_1' title="bbox 200 252 1091 322">
     <span class='ocr_line' id='line_1_1' title="bbox 200 252 1091 322; baseline -0.003 0"><span class='ocrx_word' id='word_1_1' title='bbox 200 259 261 322; x_wconf 72' lang='lat' dir='ltr'><strong>Rfl</strong></span> <span class='ocrx_word' id='word_1_2' title='bbox 630 252 904 321; x_wconf 74' lang='lat' dir='ltr'>EPIS&#39;I’OLARUII</span> <span class='ocrx_word' id='word_1_3' title='bbox 925 256 978 319; x_wconf 83' lang='lat' dir='ltr'><strong>tn</strong></span> <span class='ocrx_word' id='word_1_4' title='bbox 999 254 1091 319; x_wconf 69' lang='lat' dir='ltr'><strong>aaut</strong></span> 
     </span>
    </p>
   </div>
   <div class='ocr_carea' id='block_1_2' title="bbox 198 409 1520 505">
    <p class='ocr_par' dir='ltr' id='par_1_2' title="bbox 198 409 1520 505">
     <span class='ocr_line' id='line_1_2' title="bbox 198 409 1520 505; baseline -0.002 -25"><span class='ocrx_word' id='word_1_5' title='bbox 198 437 257 503; x_wconf 91' lang='lat' dir='ltr'><strong>pro</strong></span> <span class='ocrx_word' id='word_1_6' title='bbox 278 420 401 505; x_wconf 76' lang='lat' dir='ltr'><strong>Lysone</strong></span> <span class='ocrx_word' id='word_1_7' title='bbox 423 412 522 499; x_wconf 89' lang='lat' dir='ltr'><strong>magis</strong></span> <span class='ocrx_word' id='word_1_8' title='bbox 543 433 638 500; x_wconf 84' lang='lat' dir='ltr'><strong>qaram</strong></span> <span class='ocrx_word' id='word_1_9' title='bbox 659 432 719 499; x_wconf 91' lang='lat' dir='ltr'><strong>pro</strong></span> <span class='ocrx_word' id='word_1_10' title='bbox 740 409 886 478; x_wconf 92' lang='lat' dir='ltr'><strong>omnibus</strong></span> <span class='ocrx_word' id='word_1_11' title='bbox 907 409 1067 486; x_wconf 89' lang='lat' dir='ltr'><strong>scribere,</strong></span> <span class='ocrx_word' id='word_1_12' title='bbox 1089 409 1248 476; x_wconf 90' lang='lat' dir='ltr'><strong>hominem</strong></span> <span class='ocrx_word' id='word_1_13' title='bbox 1264 432 1333 476; x_wconf 90' lang='lat' dir='ltr'><strong>esse</strong></span> <span class='ocrx_word' id='word_1_14' title='bbox 1348 414 1520 488; x_wconf 88' lang='lat' dir='ltr'><strong>neminem,</strong></span> 
     </span>
    </p>
   </div>
   <div class='ocr_carea' id='block_1_3' title="bbox 159 503 1522 1324">
    <p class='ocr_par' dir='ltr' id='par_1_3' title="bbox 159 503 1522 1324">
     <span class='ocr_line' id='line_1_3' title="bbox 198 503 1522 597; baseline -0.003 -22"><span class='ocrx_word' id='word_1_15' title='bbox 198 510 252 596; x_wconf 93' lang='lat' dir='ltr'><strong>qni</strong></span> <span class='ocrx_word' id='word_1_16' title='bbox 274 530 412 597; x_wconf 90' lang='lat' dir='ltr'><strong>unquam</strong></span> <span class='ocrx_word' id='word_1_17' title='bbox 433 507 624 572; x_wconf 79' lang='lat' dir='ltr'><strong>mentionem</strong></span> <span class='ocrx_word' id='word_1_18' title='bbox 653 505 699 571; x_wconf 94' lang='lat' dir='ltr'><strong>tui</strong></span> <span class='ocrx_word' id='word_1_19' title='bbox 725 505 793 570; x_wconf 87' lang='lat' dir='ltr'><strong>sine</strong></span> <span class='ocrx_word' id='word_1_20' title='bbox 825 513 878 571; x_wconf 92' lang='lat' dir='ltr'><strong>tua</strong></span> <span class='ocrx_word' id='word_1_21' title='bbox 906 525 1027 570; x_wconf 92' lang='lat' dir='ltr'><strong>summa</strong></span> <span class='ocrx_word' id='word_1_22' title='bbox 1055 503 1147 569; x_wconf 89' lang='lat' dir='ltr'><strong>laude</strong></span> <span class='ocrx_word' id='word_1_23' title='bbox 1168 504 1289 571; x_wconf 89' lang='lat' dir='ltr'><strong>fecerit.</strong></span> <span class='ocrx_word' id='word_1_24' title='bbox 1342 510 1424 594; x_wconf 77' lang='lat' dir='ltr'><strong>Lyso</strong></span> <span class='ocrx_word' id='word_1_25' title='bbox 1444 528 1522 571; x_wconf 87' lang='lat' dir='ltr'><strong>vero</strong></span> 
     </span>
     <span class='ocr_line' id='line_1_4' title="bbox 198 598 1522 688; baseline -0.001 -23"><span class='ocrx_word' id='word_1_26' title='bbox 198 625 268 669; x_wconf 85' lang='lat' dir='ltr'><strong>eum</strong></span> <span class='ocrx_word' id='word_1_27' title='bbox 290 623 412 668; x_wconf 85' lang='lat' dir='ltr'><strong>mecum</strong></span> <span class='ocrx_word' id='word_1_28' title='bbox 433 621 533 688; x_wconf 89' lang='lat' dir='ltr'><strong>prope</strong></span> <span class='ocrx_word' id='word_1_29' title='bbox 556 599 697 687; x_wconf 74' lang='lat' dir='ltr'>quotidie</span> <span class='ocrx_word' id='word_1_30' title='bbox 712 609 794 664; x_wconf 89' lang='lat' dir='ltr'><strong>esset</strong></span> <span class='ocrx_word' id='word_1_31' title='bbox 808 618 932 684; x_wconf 89' lang='lat' dir='ltr'><strong>unaque</strong></span> <span class='ocrx_word' id='word_1_32' title='bbox 953 599 1090 673; x_wconf 83' lang='lat' dir='ltr'><strong>viveret,</strong></span> <span class='ocrx_word' id='word_1_33' title='bbox 1113 620 1177 663; x_wconf 93' lang='lat' dir='ltr'><strong>non</strong></span> <span class='ocrx_word' id='word_1_34' title='bbox 1192 599 1310 673; x_wconf 91' lang='lat' dir='ltr'><strong>solum,</strong></span> <span class='ocrx_word' id='word_1_35' title='bbox 1333 600 1407 686; x_wconf 91' lang='lat' dir='ltr'><strong>quia</strong></span> <span class='ocrx_word' id='word_1_36' title='bbox 1421 598 1522 665; x_wconf 89' lang='lat' dir='ltr'><strong>liben-</strong></span> 
     </span>
     <span class='ocr_line' id='line_1_5' title="bbox 198 691 1522 777; baseline -0.002 -15"><span class='ocrx_word' id='word_1_37' title='bbox 198 707 246 762; x_wconf 93' lang='lat' dir='ltr'><strong>ter</strong></span> <span class='ocrx_word' id='word_1_38' title='bbox 272 718 322 762; x_wconf 88' lang='lat' dir='ltr'><strong>me</strong></span> <span class='ocrx_word' id='word_1_39' title='bbox 350 695 459 761; x_wconf 90' lang='lat' dir='ltr'><strong>audire</strong></span> <span class='ocrx_word' id='word_1_40' title='bbox 480 692 708 767; x_wconf 76' lang='lat' dir='ltr'><strong>arbitrabatur,</strong></span> <span class='ocrx_word' id='word_1_41' title='bbox 739 691 793 758; x_wconf 91' lang='lat' dir='ltr'><strong>sed</strong></span> <span class='ocrx_word' id='word_1_42' title='bbox 816 692 891 775; x_wconf 90' lang='lat' dir='ltr'><strong>quia</strong></span> <span class='ocrx_word' id='word_1_43' title='bbox 913 691 1060 757; x_wconf 89' lang='lat' dir='ltr'><strong>libentius</strong></span> <span class='ocrx_word' id='word_1_44' title='bbox 1081 693 1150 777; x_wconf 93' lang='lat' dir='ltr'><strong>ipse</strong></span> <span class='ocrx_word' id='word_1_45' title='bbox 1179 691 1382 776; x_wconf 89' lang='lat' dir='ltr'><strong>loquebatur,</strong></span> <span class='ocrx_word' id='word_1_46' title='bbox 1416 695 1522 759; x_wconf 90' lang='lat' dir='ltr'><strong>omnia</strong></span> 
     </span>
     <span class='ocr_line' id='line_1_6' title="bbox 174 782 1522 873; baseline 0.002 -23"><span class='ocrx_word' id='word_1_47' title='bbox 174 791 273 856; x_wconf 75' lang='lat' dir='ltr'><strong>smihi</strong></span> <span class='ocrx_word' id='word_1_48' title='bbox 294 801 346 859; x_wconf 92' lang='lat' dir='ltr'><strong>tua</strong></span> <span class='ocrx_word' id='word_1_49' title='bbox 362 797 394 855; x_wconf 92' lang='lat' dir='ltr'><strong>et</strong></span> <span class='ocrx_word' id='word_1_50' title='bbox 406 788 486 855; x_wconf 89' lang='lat' dir='ltr'><strong>facta</strong></span> <span class='ocrx_word' id='word_1_51' title='bbox 501 799 533 854; x_wconf 91' lang='lat' dir='ltr'><strong>et</strong></span> <span class='ocrx_word' id='word_1_52' title='bbox 546 788 629 854; x_wconf 87' lang='lat' dir='ltr'><strong>dieta</strong></span> <span class='ocrx_word' id='word_1_53' title='bbox 647 782 802 852; x_wconf 90' lang='lat' dir='ltr'><strong>laudabat.</strong></span> <span class='ocrx_word' id='word_1_54' title='bbox 835 790 855 850; x_wconf 86' lang='grc'><strong>3</strong></span> <span class='ocrx_word' id='word_1_55' title='bbox 875 787 1078 873; x_wconf 74' lang='lat' dir='ltr'><strong>Quapropter</strong></span> <span class='ocrx_word' id='word_1_56' title='bbox 1088 787 1146 851; x_wconf 87' lang='lat' dir='ltr'><strong>etsi</strong></span> <span class='ocrx_word' id='word_1_57' title='bbox 1163 796 1225 851; x_wconf 91' lang='lat' dir='ltr'><strong>ate</strong></span> <span class='ocrx_word' id='word_1_58' title='bbox 1242 787 1285 852; x_wconf 90' lang='lat' dir='ltr'><strong>ita</strong></span> <span class='ocrx_word' id='word_1_59' title='bbox 1301 797 1464 863; x_wconf 89' lang='lat' dir='ltr'><strong>tractatur,</strong></span> <span class='ocrx_word' id='word_1_60' title='bbox 1486 798 1522 853; x_wconf 88' lang='lat' dir='ltr'><strong>nt</strong></span> 
     </span>
     <span class='ocr_line' id='line_1_7' title="bbox 196 879 1520 966; baseline -0.005 -15"><span class='ocrx_word' id='word_1_61' title='bbox 196 886 257 950; x_wconf 92' lang='lat' dir='ltr'><strong>iam</strong></span> <span class='ocrx_word' id='word_1_62' title='bbox 279 906 342 951; x_wconf 96' lang='lat' dir='ltr'><strong>non</strong></span> <span class='ocrx_word' id='word_1_63' title='bbox 364 882 522 949; x_wconf 87' lang='lat' dir='ltr'><strong>desideret</strong></span> <span class='ocrx_word' id='word_1_64' title='bbox 542 879 844 948; x_wconf 88' lang='lat' dir='ltr'><strong>commendationem</strong></span> <span class='ocrx_word' id='word_1_65' title='bbox 865 900 967 944; x_wconf 90' lang='lat' dir='ltr'><strong>meam</strong></span> <span class='ocrx_word' id='word_1_66' title='bbox 988 880 1122 966; x_wconf 92' lang='lat' dir='ltr'><strong>unisque</strong></span> <span class='ocrx_word' id='word_1_67' title='bbox 1144 901 1178 944; x_wconf 92' lang='lat' dir='ltr'><strong>se</strong></span> <span class='ocrx_word' id='word_1_68' title='bbox 1193 880 1306 946; x_wconf 89' lang='lat' dir='ltr'><strong>litteris</strong></span> <span class='ocrx_word' id='word_1_69' title='bbox 1319 880 1399 946; x_wconf 89' lang='lat' dir='ltr'><strong>meis</strong></span> <span class='ocrx_word' id='word_1_70' title='bbox 1414 881 1520 946; x_wconf 90' lang='lat' dir='ltr'><strong>omnia</strong></span> 
     </span>
     <span class='ocr_line' id='line_1_8' title="bbox 195 972 1519 1063; baseline -0.004 -19"><span class='ocrx_word' id='word_1_71' title='bbox 195 986 397 1044; x_wconf 85' lang='lat' dir='ltr'><strong>consecutum</strong></span> <span class='ocrx_word' id='word_1_72' title='bbox 424 985 524 1063; x_wconf 88' lang='lat' dir='ltr'><strong>putet,</strong></span> <span class='ocrx_word' id='word_1_73' title='bbox 556 984 699 1040; x_wconf 90' lang='lat' dir='ltr'><strong>tamena</strong></span> <span class='ocrx_word' id='word_1_74' title='bbox 721 982 751 1037; x_wconf 91' lang='lat' dir='ltr'><strong>te</strong></span> <span class='ocrx_word' id='word_1_75' title='bbox 772 981 846 1058; x_wconf 90' lang='lat' dir='ltr'><strong>peto</strong></span> <span class='ocrx_word' id='word_1_76' title='bbox 868 972 900 1038; x_wconf 92' lang='lat' dir='ltr'><strong>in</strong></span> <span class='ocrx_word' id='word_1_77' title='bbox 922 973 1076 1039; x_wconf 90' lang='lat' dir='ltr'><strong>maiorem</strong></span> <span class='ocrx_word' id='word_1_78' title='bbox 1097 972 1247 1049; x_wconf 91' lang='lat' dir='ltr'><strong>modum,</strong></span> <span class='ocrx_word' id='word_1_79' title='bbox 1274 983 1310 1039; x_wconf 94' lang='lat' dir='ltr'><strong>ut</strong></span> <span class='ocrx_word' id='word_1_80' title='bbox 1331 995 1404 1039; x_wconf 91' lang='lat' dir='ltr'><strong>eum</strong></span> <span class='ocrx_word' id='word_1_81' title='bbox 1426 974 1519 1039; x_wconf 90' lang='lat' dir='ltr'><strong>etiam</strong></span> 
     </span>
     <span class='ocr_line' id='line_1_9' title="bbox 193 1065 1520 1159; baseline -0.004 -22"><span class='ocrx_word' id='word_1_82' title='bbox 193 1081 288 1159; x_wconf 90' lang='lat' dir='ltr'><strong>atque</strong></span> <span class='ocrx_word' id='word_1_83' title='bbox 309 1072 402 1137; x_wconf 90' lang='lat' dir='ltr'><strong>etiam</strong></span> <span class='ocrx_word' id='word_1_84' title='bbox 423 1069 485 1133; x_wconf 92' lang='lat' dir='ltr'><strong>tuis</strong></span> <span class='ocrx_word' id='word_1_85' title='bbox 499 1067 625 1141; x_wconf 85' lang='lat' dir='ltr'><strong>officiis,</strong></span> <span class='ocrx_word' id='word_1_86' title='bbox 647 1066 835 1133; x_wconf 82' lang='lat' dir='ltr'><strong>liberalitate</strong></span> <span class='ocrx_word' id='word_1_87' title='bbox 851 1067 1068 1154; x_wconf 85' lang='lat' dir='ltr'><strong>complectare.</strong></span> <span class='ocrx_word' id='word_1_88' title='bbox 1111 1065 1290 1133; x_wconf 90' lang='lat' dir='ltr'><strong>Scriberem</strong></span> <span class='ocrx_word' id='word_1_89' title='bbox 1312 1067 1352 1132; x_wconf 91' lang='lat' dir='ltr'><strong>ad</strong></span> <span class='ocrx_word' id='word_1_90' title='bbox 1373 1076 1418 1142; x_wconf 89' lang='lat' dir='ltr'><strong>te,</strong></span> <span class='ocrx_word' id='word_1_91' title='bbox 1441 1089 1520 1155; x_wconf 93' lang='lat' dir='ltr'><strong>qna·</strong></span> 
     </span>
     <span class='ocr_line' id='line_1_10' title="bbox 195 1160 1518 1249; baseline -0.002 -19"><span class='ocrx_word' id='word_1_92' title='bbox 195 1165 232 1231; x_wconf 90' lang='lat' dir='ltr'><strong>lis</strong></span> <span class='ocrx_word' id='word_1_93' title='bbox 254 1165 303 1231; x_wconf 84' lang='lat' dir='ltr'><strong>vir</strong></span> <span class='ocrx_word' id='word_1_94' title='bbox 324 1172 421 1238; x_wconf 87' lang='lat' dir='ltr'><strong>esset,</strong></span> <span class='ocrx_word' id='word_1_95' title='bbox 442 1171 479 1228; x_wconf 93' lang='lat' dir='ltr'><strong>nt</strong></span> <span class='ocrx_word' id='word_1_96' title='bbox 498 1160 716 1247; x_wconf 88' lang='lat' dir='ltr'><strong>superioribus</strong></span> <span class='ocrx_word' id='word_1_97' title='bbox 736 1160 849 1227; x_wconf 90' lang='lat' dir='ltr'><strong>litteris</strong></span> <span class='ocrx_word' id='word_1_98' title='bbox 870 1160 1024 1238; x_wconf 79' lang='lat' dir='ltr'><strong>laceram,</strong></span> <span class='ocrx_word' id='word_1_99' title='bbox 1046 1161 1105 1227; x_wconf 91' lang='lat' dir='ltr'><strong>nisi</strong></span> <span class='ocrx_word' id='word_1_100' title='bbox 1127 1163 1275 1229; x_wconf 92' lang='lat' dir='ltr'><strong>eumiam</strong></span> <span class='ocrx_word' id='word_1_101' title='bbox 1292 1162 1518 1249; x_wconf 89' lang='lat' dir='ltr'><strong>perseipsum</strong></span> 
     </span>
     <span class='ocr_line' id='line_1_11' title="bbox 159 1254 767 1324; baseline 0.005 -6"><span class='ocrx_word' id='word_1_102' title='bbox 159 1257 251 1324; x_wconf 79' lang='lat' dir='ltr'><strong>aotibi</strong></span> <span class='ocrx_word' id='word_1_103' title='bbox 271 1257 345 1324; x_wconf 88' lang='lat' dir='ltr'><strong>satis</strong></span> <span class='ocrx_word' id='word_1_104' title='bbox 366 1278 435 1323; x_wconf 89' lang='lat' dir='ltr'><strong>esse</strong></span> <span class='ocrx_word' id='word_1_105' title='bbox 456 1265 564 1322; x_wconf 90' lang='lat' dir='ltr'><strong>notum</strong></span> <span class='ocrx_word' id='word_1_106' title='bbox 585 1254 767 1321; x_wconf 87' lang='lat' dir='ltr'><strong>arbitrarer.</strong></span> 
     </span>
    </p>
   </div>
   <div class='ocr_carea' id='block_1_4' title="bbox 650 1394 1055 1481">
    <p class='ocr_par' dir='ltr' id='par_1_4' title="bbox 650 1394 1055 1481">
     <span class='ocr_line' id='line_1_12' title="bbox 650 1394 1055 1481; baseline 0.005 -21"><span class='ocrx_word' id='word_1_107' title='bbox 650 1394 1055 1481; x_wconf 61' lang='lat' dir='ltr'><strong>numnam)</strong></span> 
     </span>
    </p>
   </div>
   <div class='ocr_carea' id='block_1_5' title="bbox 669 1520 1035 1585">
    <p class='ocr_par' dir='ltr' id='par_1_5' title="bbox 669 1520 1035 1585">
     <span class='ocr_line' id='line_1_13' title="bbox 669 1520 1035 1585; baseline -0.008 0"><span class='ocrx_word' id='word_1_108' title='bbox 669 1520 813 1585; x_wconf 83' lang='lat' dir='ltr'>CICERO</span> <span class='ocrx_word' id='word_1_109' title='bbox 836 1521 980 1585; x_wconf 82' lang='lat' dir='ltr'>SERVIO</span> <span class='ocrx_word' id='word_1_110' title='bbox 1003 1522 1035 1583; x_wconf 88' lang='lat' dir='ltr'><strong>S.</strong></span> 
     </span>
    </p>
   </div>
   <div class='ocr_carea' id='block_1_6' title="bbox 158 1628 1517 2185">
    <p class='ocr_par' dir='ltr' id='par_1_6' title="bbox 275 1628 1517 1720">
     <span class='ocr_line' id='line_1_14' title="bbox 275 1628 1517 1720; baseline 0 -20"><span class='ocrx_word' id='word_1_111' title='bbox 275 1638 483 1720; x_wconf 76' lang='lat' dir='ltr'><strong>Hagesaretus</strong></span> <span class='ocrx_word' id='word_1_112' title='bbox 505 1631 704 1707; x_wconf 83' lang='lat' dir='ltr'><strong>Larissaeus,</strong></span> <span class='ocrx_word' id='word_1_113' title='bbox 727 1630 847 1716; x_wconf 92' lang='lat' dir='ltr'><strong>magnis</strong></span> <span class='ocrx_word' id='word_1_114' title='bbox 868 1631 946 1695; x_wconf 87' lang='lat' dir='ltr'><strong>meis</strong></span> <span class='ocrx_word' id='word_1_115' title='bbox 968 1628 1127 1695; x_wconf 87' lang='lat' dir='ltr'><strong>beneficiis</strong></span> <span class='ocrx_word' id='word_1_116' title='bbox 1148 1639 1277 1696; x_wconf 88' lang='lat' dir='ltr'><strong>amatus</strong></span> <span class='ocrx_word' id='word_1_117' title='bbox 1299 1631 1331 1696; x_wconf 96' lang='lat' dir='ltr'><strong>in</strong></span> <span class='ocrx_word' id='word_1_118' title='bbox 1353 1632 1517 1700; x_wconf 90' lang='lat' dir='ltr'><strong>consulatu</strong></span> 
     </span>
    </p>

    <p class='ocr_par' dir='ltr' id='par_1_7' title="bbox 158 1723 1515 2185">
     <span class='ocr_line' id='line_1_15' title="bbox 193 1723 1515 1811; baseline -0.001 -19"><span class='ocrx_word' id='word_1_119' title='bbox 193 1749 280 1803; x_wconf 89' lang='lat' dir='ltr'><strong>meo,</strong></span> <span class='ocrx_word' id='word_1_120' title='bbox 302 1748 425 1792; x_wconf 91' lang='lat' dir='ltr'><strong>memor</strong></span> <span class='ocrx_word' id='word_1_121' title='bbox 446 1736 478 1791; x_wconf 91' lang='lat' dir='ltr'><strong>et</strong></span> <span class='ocrx_word' id='word_1_122' title='bbox 497 1733 607 1811; x_wconf 91' lang='lat' dir='ltr'><strong>gratus</strong></span> <span class='ocrx_word' id='word_1_123' title='bbox 626 1724 686 1789; x_wconf 91' lang='lat' dir='ltr'><strong>fuit</strong></span> <span class='ocrx_word' id='word_1_124' title='bbox 707 1745 820 1811; x_wconf 88' lang='lat' dir='ltr'><strong>meque</strong></span> <span class='ocrx_word' id='word_1_125' title='bbox 839 1732 947 1810; x_wconf 91' lang='lat' dir='ltr'><strong>postea</strong></span> <span class='ocrx_word' id='word_1_126' title='bbox 962 1723 1198 1808; x_wconf 81' lang='lat' dir='ltr'><strong>diligentissime</strong></span> <span class='ocrx_word' id='word_1_127' title='bbox 1216 1725 1323 1791; x_wconf 89' lang='lat' dir='ltr'><strong>coluit.</strong></span> <span class='ocrx_word' id='word_1_128' title='bbox 1365 1730 1444 1792; x_wconf 87' lang='lat' dir='ltr'><strong>Eum</strong></span> <span class='ocrx_word' id='word_1_129' title='bbox 1457 1725 1515 1792; x_wconf 92' lang='lat' dir='ltr'><strong>tibi</strong></span> 
     </span>
     <span class='ocr_line' id='line_1_16' title="bbox 158 1816 1515 1906; baseline 0 -21"><span class='ocrx_word' id='word_1_130' title='bbox 158 1841 305 1906; x_wconf 80' lang='lat' dir='ltr'><strong>aamagno</strong></span> <span class='ocrx_word' id='word_1_131' title='bbox 327 1842 423 1906; x_wconf 89' lang='lat' dir='ltr'><strong>opere</strong></span> <span class='ocrx_word' id='word_1_132' title='bbox 445 1817 648 1892; x_wconf 89' lang='lat' dir='ltr'><strong>commendo,</strong></span> <span class='ocrx_word' id='word_1_133' title='bbox 670 1826 705 1883; x_wconf 93' lang='lat' dir='ltr'><strong>ut</strong></span> <span class='ocrx_word' id='word_1_134' title='bbox 726 1826 757 1882; x_wconf 92' lang='lat' dir='ltr'><strong>et</strong></span> <span class='ocrx_word' id='word_1_135' title='bbox 777 1816 932 1904; x_wconf 91' lang='lat' dir='ltr'><strong>hospitem</strong></span> <span class='ocrx_word' id='word_1_136' title='bbox 954 1839 1059 1882; x_wconf 91' lang='lat' dir='ltr'><strong>meum</strong></span> <span class='ocrx_word' id='word_1_137' title='bbox 1082 1825 1113 1881; x_wconf 90' lang='lat' dir='ltr'><strong>et</strong></span> <span class='ocrx_word' id='word_1_138' title='bbox 1133 1816 1318 1883; x_wconf 79' lang='lat' dir='ltr'><strong>familiarem</strong></span> <span class='ocrx_word' id='word_1_139' title='bbox 1340 1827 1372 1884; x_wconf 92' lang='lat' dir='ltr'><strong>et</strong></span> <span class='ocrx_word' id='word_1_140' title='bbox 1392 1830 1515 1906; x_wconf 88' lang='lat' dir='ltr'><strong>gratum</strong></span> 
     </span>
     <span class='ocr_line' id='line_1_17' title="bbox 193 1910 1515 1997; baseline 0.002 -20"><span class='ocrx_word' id='word_1_141' title='bbox 193 1914 349 1978; x_wconf 91' lang='lat' dir='ltr'><strong>hominem</strong></span> <span class='ocrx_word' id='word_1_142' title='bbox 377 1922 408 1978; x_wconf 90' lang='lat' dir='ltr'><strong>et</strong></span> <span class='ocrx_word' id='word_1_143' title='bbox 433 1912 537 1978; x_wconf 85' lang='lat' dir='ltr'><strong>virum</strong></span> <span class='ocrx_word' id='word_1_144' title='bbox 568 1910 687 1976; x_wconf 91' lang='lat' dir='ltr'><strong>bonum</strong></span> <span class='ocrx_word' id='word_1_145' title='bbox 715 1921 746 1975; x_wconf 87' lang='lat' dir='ltr'><strong>et</strong></span> <span class='ocrx_word' id='word_1_146' title='bbox 773 1911 946 1997; x_wconf 89' lang='lat' dir='ltr'><strong>principem</strong></span> <span class='ocrx_word' id='word_1_147' title='bbox 968 1910 1103 1975; x_wconf 85' lang='lat' dir='ltr'><strong>civitatis</strong></span> <span class='ocrx_word' id='word_1_148' title='bbox 1124 1932 1199 1976; x_wconf 90' lang='lat' dir='ltr'><strong>snae</strong></span> <span class='ocrx_word' id='word_1_149' title='bbox 1221 1920 1252 1975; x_wconf 91' lang='lat' dir='ltr'><strong>et</strong></span> <span class='ocrx_word' id='word_1_150' title='bbox 1273 1920 1325 1977; x_wconf 89' lang='lat' dir='ltr'><strong>tua</strong></span> <span class='ocrx_word' id='word_1_151' title='bbox 1347 1914 1515 1979; x_wconf 85' lang='lat' dir='ltr'><strong>necessitu-</strong></span> 
     </span>
     <span class='ocr_line' id='line_1_18' title="bbox 191 2002 1515 2091; baseline 0 -20"><span class='ocrx_word' id='word_1_152' title='bbox 191 2006 263 2071; x_wconf 88' lang='lat' dir='ltr'><strong>dine</strong></span> <span class='ocrx_word' id='word_1_153' title='bbox 292 2004 519 2091; x_wconf 89' lang='lat' dir='ltr'><strong>dignissimum.</strong></span> <span class='ocrx_word' id='word_1_154' title='bbox 568 2008 764 2089; x_wconf 54' lang='lat' dir='ltr'><strong>Pergratum¹</strong></span> <span class='ocrx_word' id='word_1_155' title='bbox 784 2003 862 2068; x_wconf 94' lang='lat' dir='ltr'><strong>mibi</strong></span> <span class='ocrx_word' id='word_1_156' title='bbox 889 2002 1016 2077; x_wconf 86' lang='lat' dir='ltr'><strong>feceris,</strong></span> <span class='ocrx_word' id='word_1_157' title='bbox 1054 2003 1081 2068; x_wconf 91' lang='lat' dir='ltr'><strong>si</strong></span> <span class='ocrx_word' id='word_1_158' title='bbox 1107 2003 1233 2069; x_wconf 90' lang='lat' dir='ltr'><strong>dederis</strong></span> <span class='ocrx_word' id='word_1_159' title='bbox 1254 2025 1398 2091; x_wconf 87' lang='lat' dir='ltr'><strong>operam,</strong></span> <span class='ocrx_word' id='word_1_160' title='bbox 1431 2015 1466 2073; x_wconf 93' lang='lat' dir='ltr'><strong>ut</strong></span> <span class='ocrx_word' id='word_1_161' title='bbox 1487 2007 1515 2071; x_wconf 92' lang='lat' dir='ltr'><strong>is</strong></span> 
     </span>
     <span class='ocr_line' id='line_1_19' title="bbox 191 2097 1514 2185; baseline 0.003 -22"><span class='ocrx_word' id='word_1_162' title='bbox 191 2099 340 2184; x_wconf 90' lang='lat' dir='ltr'><strong>intelligat</strong></span> <span class='ocrx_word' id='word_1_163' title='bbox 361 2099 441 2163; x_wconf 91' lang='lat' dir='ltr'><strong>banc</strong></span> <span class='ocrx_word' id='word_1_164' title='bbox 460 2119 561 2164; x_wconf 87' lang='lat' dir='ltr'><strong>meam</strong></span> <span class='ocrx_word' id='word_1_165' title='bbox 583 2097 885 2163; x_wconf 90' lang='lat' dir='ltr'><strong>commendationem</strong></span> <span class='ocrx_word' id='word_1_166' title='bbox 904 2117 1052 2183; x_wconf 90' lang='lat' dir='ltr'><strong>magnum</strong></span> <span class='ocrx_word' id='word_1_167' title='bbox 1068 2097 1150 2184; x_wconf 93' lang='lat' dir='ltr'><strong>apud</strong></span> <span class='ocrx_word' id='word_1_168' title='bbox 1172 2107 1202 2164; x_wconf 89' lang='lat' dir='ltr'><strong>te</strong></span> <span class='ocrx_word' id='word_1_169' title='bbox 1216 2098 1339 2185; x_wconf 93' lang='lat' dir='ltr'><strong>pondus</strong></span> <span class='ocrx_word' id='word_1_170' title='bbox 1355 2099 1514 2167; x_wconf 89' lang='lat' dir='ltr'><strong>habuisse.</strong></span> 
     </span>
    </p>
   </div>
   <div class='ocr_carea' id='block_1_7' title="bbox 642 2235 1066 2326">
    <p class='ocr_par' dir='ltr' id='par_1_8' title="bbox 642 2235 1066 2326">
     <span class='ocr_line' id='line_1_20' title="bbox 642 2235 1066 2326; baseline 0.007 -25"><span class='ocrx_word' id='word_1_171' title='bbox 642 2235 1066 2326; x_wconf 67' lang='lat' dir='ltr'><strong>mm(uuamm</strong></span> 
     </span>
    </p>
   </div>
   <div class='ocr_carea' id='block_1_8' title="bbox 154 2362 1031 2434">
    <p class='ocr_par' dir='ltr' id='par_1_9' title="bbox 154 2362 1031 2434">
     <span class='ocr_line' id='line_1_21' title="bbox 154 2362 1031 2434; baseline -0.011 0"><span class='ocrx_word' id='word_1_172' title='bbox 154 2396 182 2434; x_wconf 86' lang='lat' dir='ltr'><strong>eo</strong></span> <span class='ocrx_word' id='word_1_173' title='bbox 667 2362 811 2428; x_wconf 81' lang='lat' dir='ltr'>CICERO</span> <span class='ocrx_word' id='word_1_174' title='bbox 833 2362 977 2427; x_wconf 84' lang='lat' dir='ltr'>SERVIO</span> <span class='ocrx_word' id='word_1_175' title='bbox 1000 2363 1031 2425; x_wconf 92' lang='lat' dir='ltr'><strong>S.</strong></span> 
     </span>
    </p>
   </div>
   <div class='ocr_carea' id='block_1_9' title="bbox 82 2471 1514 4433">
    <p class='ocr_par' dir='ltr' id='par_1_10' title="bbox 189 2471 1513 2841">
     <span class='ocr_line' id='line_1_22' title="bbox 277 2471 1512 2559; baseline 0.003 -21"><span class='ocrx_word' id='word_1_176' title='bbox 277 2476 305 2538; x_wconf 91' lang='lat'><strong>1.</strong></span> <span class='ocrx_word' id='word_1_177' title='bbox 331 2476 366 2538; x_wconf 85' lang='grc'><strong>1..</strong></span> <span class='ocrx_word' id='word_1_178' title='bbox 387 2471 555 2538; x_wconf 87' lang='lat' dir='ltr'><strong>Mescinius</strong></span> <span class='ocrx_word' id='word_1_179' title='bbox 576 2493 614 2537; x_wconf 91' lang='lat' dir='ltr'><strong>ea</strong></span> <span class='ocrx_word' id='word_1_180' title='bbox 634 2493 756 2538; x_wconf 89' lang='lat' dir='ltr'><strong>mecum</strong></span> <span class='ocrx_word' id='word_1_181' title='bbox 778 2471 1006 2538; x_wconf 88' lang='lat' dir='ltr'><strong>necessitudine</strong></span> <span class='ocrx_word' id='word_1_182' title='bbox 1027 2471 1211 2538; x_wconf 90' lang='lat' dir='ltr'><strong>coniunctus</strong></span> <span class='ocrx_word' id='word_1_183' title='bbox 1232 2481 1295 2547; x_wconf 88' lang='lat' dir='ltr'><strong>est,</strong></span> <span class='ocrx_word' id='word_1_184' title='bbox 1328 2473 1414 2559; x_wconf 84' lang='lat' dir='ltr'><strong>qnod</strong></span> <span class='ocrx_word' id='word_1_185' title='bbox 1436 2475 1512 2542; x_wconf 90' lang='lat' dir='ltr'><strong>mibi</strong></span> 
     </span>
     <span class='ocr_line' id='line_1_23' title="bbox 189 2563 1511 2656; baseline 0.002 -25"><span class='ocrx_word' id='word_1_186' title='bbox 189 2575 339 2653; x_wconf 86' lang='lat' dir='ltr'><strong>quaestor</strong></span> <span class='ocrx_word' id='word_1_187' title='bbox 370 2564 438 2629; x_wconf 93' lang='lat' dir='ltr'><strong>fuit.</strong></span> <span class='ocrx_word' id='word_1_188' title='bbox 494 2563 556 2631; x_wconf 91' lang='lat' dir='ltr'><strong>Sed</strong></span> <span class='ocrx_word' id='word_1_189' title='bbox 583 2564 663 2630; x_wconf 89' lang='lat' dir='ltr'><strong>hanc</strong></span> <span class='ocrx_word' id='word_1_190' title='bbox 694 2586 832 2640; x_wconf 90' lang='lat' dir='ltr'><strong>causam,</strong></span> <span class='ocrx_word' id='word_1_191' title='bbox 862 2586 956 2651; x_wconf 91' lang='lat' dir='ltr'><strong>quam</strong></span> <span class='ocrx_word' id='word_1_192' title='bbox 982 2586 1056 2650; x_wconf 91' lang='lat' dir='ltr'><strong>ego,</strong></span> <span class='ocrx_word' id='word_1_193' title='bbox 1085 2574 1120 2631; x_wconf 94' lang='lat' dir='ltr'><strong>ut</strong></span> <span class='ocrx_word' id='word_1_194' title='bbox 1145 2587 1164 2631; x_wconf 93' lang='lat' dir='ltr'><strong>a</strong></span> <span class='ocrx_word' id='word_1_195' title='bbox 1195 2565 1368 2633; x_wconf 90' lang='lat' dir='ltr'><strong>maioribus</strong></span> <span class='ocrx_word' id='word_1_196' title='bbox 1389 2571 1511 2656; x_wconf 89' lang='lat' dir='ltr'><strong>accepi,</strong></span> 
     </span>
     <span class='ocr_line' id='line_1_24' title="bbox 189 2657 1513 2751; baseline 0.003 -26"><span class='ocrx_word' id='word_1_197' title='bbox 189 2680 314 2746; x_wconf 87' lang='lat' dir='ltr'><strong>semper</strong></span> <span class='ocrx_word' id='word_1_198' title='bbox 334 2679 463 2744; x_wconf 88' lang='lat' dir='ltr'><strong>gravem</strong></span> <span class='ocrx_word' id='word_1_199' title='bbox 485 2657 578 2733; x_wconf 85' lang='lat' dir='ltr'><strong>duxi,</strong></span> <span class='ocrx_word' id='word_1_200' title='bbox 608 2657 681 2724; x_wconf 89' lang='lat' dir='ltr'><strong>fecit</strong></span> <span class='ocrx_word' id='word_1_201' title='bbox 702 2659 818 2724; x_wconf 85' lang='lat' dir='ltr'><strong>virtute</strong></span> <span class='ocrx_word' id='word_1_202' title='bbox 840 2670 872 2724; x_wconf 91' lang='lat' dir='ltr'><strong>et</strong></span> <span class='ocrx_word' id='word_1_203' title='bbox 892 2657 1081 2726; x_wconf 88' lang='lat' dir='ltr'><strong>humanitate</strong></span> <span class='ocrx_word' id='word_1_204' title='bbox 1108 2681 1164 2725; x_wconf 89' lang='lat' dir='ltr'><strong>sua</strong></span> <span class='ocrx_word' id='word_1_205' title='bbox 1187 2659 1361 2726; x_wconf 89' lang='lat' dir='ltr'><strong>iustiorem.</strong></span> <span class='ocrx_word' id='word_1_206' title='bbox 1403 2667 1513 2751; x_wconf 90' lang='lat' dir='ltr'><strong>Itaque</strong></span> 
     </span>
     <span class='ocr_line' id='line_1_25' title="bbox 189 2750 1513 2841; baseline 0.003 -23"><span class='ocrx_word' id='word_1_207' title='bbox 189 2773 229 2818; x_wconf 94' lang='lat' dir='ltr'><strong>eo</strong></span> <span class='ocrx_word' id='word_1_208' title='bbox 250 2753 296 2818; x_wconf 89' lang='lat' dir='ltr'><strong>sic</strong></span> <span class='ocrx_word' id='word_1_209' title='bbox 317 2760 405 2827; x_wconf 91' lang='lat' dir='ltr'><strong>utor,</strong></span> <span class='ocrx_word' id='word_1_210' title='bbox 435 2761 471 2816; x_wconf 92' lang='lat' dir='ltr'><strong>ut</strong></span> <span class='ocrx_word' id='word_1_211' title='bbox 491 2773 549 2817; x_wconf 91' lang='lat' dir='ltr'><strong>nec</strong></span> <span class='ocrx_word' id='word_1_212' title='bbox 571 2750 757 2818; x_wconf 86' lang='lat' dir='ltr'><strong>familiarius</strong></span> <span class='ocrx_word' id='word_1_213' title='bbox 785 2751 850 2818; x_wconf 94' lang='lat' dir='ltr'><strong>ullo</strong></span> <span class='ocrx_word' id='word_1_214' title='bbox 878 2773 936 2817; x_wconf 91' lang='lat' dir='ltr'><strong>nec</strong></span> <span class='ocrx_word' id='word_1_215' title='bbox 964 2751 1131 2818; x_wconf 89' lang='lat' dir='ltr'><strong>lubentius.</strong></span> <span class='ocrx_word' id='word_1_216' title='bbox 1176 2757 1206 2817; x_wconf 92' lang='lat' dir='ltr'><strong>ls</strong></span> <span class='ocrx_word' id='word_1_217' title='bbox 1227 2772 1416 2841; x_wconf 90' lang='lat' dir='ltr'><strong>quamquam</strong></span> <span class='ocrx_word' id='word_1_218' title='bbox 1438 2778 1513 2822; x_wconf 91' lang='lat' dir='ltr'><strong>con·</strong></span> 
     </span>
    </p>

    <p class='ocr_par' dir='ltr' id='par_1_11' title="bbox 82 2844 1514 4433">
     <span class='ocr_line' id='line_1_26' title="bbox 152 2844 1514 2933; baseline 0.004 -22"><span class='ocrx_word' id='word_1_219' title='bbox 152 2845 287 2912; x_wconf 73' lang='lat' dir='ltr'><strong>relidere</strong></span> <span class='ocrx_word' id='word_1_220' title='bbox 309 2844 475 2910; x_wconf 85' lang='lat' dir='ltr'><strong>videbatur</strong></span> <span class='ocrx_word' id='word_1_221' title='bbox 496 2855 525 2910; x_wconf 92' lang='lat' dir='ltr'><strong>te</strong></span> <span class='ocrx_word' id='word_1_222' title='bbox 547 2867 603 2911; x_wconf 91' lang='lat' dir='ltr'><strong>sua</strong></span> <span class='ocrx_word' id='word_1_223' title='bbox 624 2866 733 2921; x_wconf 91' lang='lat' dir='ltr'><strong>causa,</strong></span> <span class='ocrx_word' id='word_1_224' title='bbox 756 2866 837 2932; x_wconf 90' lang='lat' dir='ltr'><strong>quae</strong></span> <span class='ocrx_word' id='word_1_225' title='bbox 859 2846 988 2911; x_wconf 91' lang='lat' dir='ltr'><strong>honeste</strong></span> <span class='ocrx_word' id='word_1_226' title='bbox 1009 2867 1135 2933; x_wconf 90' lang='lat' dir='ltr'><strong>posses,</strong></span> <span class='ocrx_word' id='word_1_227' title='bbox 1159 2845 1303 2912; x_wconf 91' lang='lat' dir='ltr'><strong>lubenter</strong></span> <span class='ocrx_word' id='word_1_228' title='bbox 1325 2870 1393 2914; x_wconf 91' lang='lat' dir='ltr'><strong>esse</strong></span> <span class='ocrx_word' id='word_1_229' title='bbox 1415 2849 1514 2916; x_wconf 87' lang='lat' dir='ltr'><strong>faetu-</strong></span> 
     </span>
     <span class='ocr_line' id='line_1_27' title="bbox 190 2939 1513 3029; baseline 0.003 -25"><span class='ocrx_word' id='word_1_230' title='bbox 190 2960 281 3014; x_wconf 90' lang='lat' dir='ltr'><strong>rum,</strong></span> <span class='ocrx_word' id='word_1_231' title='bbox 317 2959 463 3024; x_wconf 89' lang='lat' dir='ltr'><strong>magnum</strong></span> <span class='ocrx_word' id='word_1_232' title='bbox 492 2960 560 3004; x_wconf 88' lang='lat' dir='ltr'><strong>esse</strong></span> <span class='ocrx_word' id='word_1_233' title='bbox 586 2948 688 3005; x_wconf 88' lang='lat' dir='ltr'><strong>tamen</strong></span> <span class='ocrx_word' id='word_1_234' title='bbox 715 2940 853 3026; x_wconf 88' lang='lat' dir='ltr'><strong>speravit</strong></span> <span class='ocrx_word' id='word_1_235' title='bbox 880 2939 963 3025; x_wconf 93' lang='lat' dir='ltr'><strong>apud</strong></span> <span class='ocrx_word' id='word_1_236' title='bbox 985 2950 1016 3004; x_wconf 88' lang='lat' dir='ltr'><strong>te</strong></span> <span class='ocrx_word' id='word_1_237' title='bbox 1037 2961 1122 3005; x_wconf 90' lang='lat' dir='ltr'><strong>meas</strong></span> <span class='ocrx_word' id='word_1_238' title='bbox 1144 2961 1270 3027; x_wconf 91' lang='lat' dir='ltr'><strong>quoqne</strong></span> <span class='ocrx_word' id='word_1_239' title='bbox 1292 2941 1411 3008; x_wconf 90' lang='lat' dir='ltr'><strong>litteras</strong></span> <span class='ocrx_word' id='word_1_240' title='bbox 1432 2964 1513 3029; x_wconf 93' lang='lat' dir='ltr'><strong>pon·</strong></span> 
     </span>
     <span class='ocr_line' id='line_1_28' title="bbox 191 3030 1512 3120; baseline 0.003 -22"><span class='ocrx_word' id='word_1_241' title='bbox 191 3032 249 3098; x_wconf 90' lang='lat' dir='ltr'><strong>dus</strong></span> <span class='ocrx_word' id='word_1_242' title='bbox 277 3030 447 3099; x_wconf 89' lang='lat' dir='ltr'><strong>habituras.</strong></span> <span class='ocrx_word' id='word_1_243' title='bbox 499 3033 534 3098; x_wconf 98' lang='lat' dir='ltr'><strong>Id</strong></span> <span class='ocrx_word' id='word_1_244' title='bbox 555 3053 626 3097; x_wconf 91' lang='lat' dir='ltr'><strong>cum</strong></span> <span class='ocrx_word' id='word_1_245' title='bbox 647 3034 716 3120; x_wconf 83' lang='lat' dir='ltr'><strong>lpse</strong></span> <span class='ocrx_word' id='word_1_246' title='bbox 734 3032 776 3098; x_wconf 90' lang='lat' dir='ltr'><strong>ita</strong></span> <span class='ocrx_word' id='word_1_247' title='bbox 797 3032 969 3108; x_wconf 90' lang='lat' dir='ltr'><strong>iudicabat,</strong></span> <span class='ocrx_word' id='word_1_248' title='bbox 999 3043 1065 3099; x_wconf 93' lang='lat' dir='ltr'><strong>tum</strong></span> <span class='ocrx_word' id='word_1_249' title='bbox 1086 3054 1145 3118; x_wconf 89' lang='lat' dir='ltr'><strong>pro</strong></span> <span class='ocrx_word' id='word_1_250' title='bbox 1172 3033 1321 3100; x_wconf 85' lang='lat' dir='ltr'><strong>familiari</strong></span> <span class='ocrx_word' id='word_1_251' title='bbox 1342 3047 1512 3103; x_wconf 89' lang='lat' dir='ltr'><strong>eonsuetu-</strong></span> 
     </span>
     <span class='ocr_line' id='line_1_29' title="bbox 191 3125 1512 3216; baseline 0.003 -24"><span class='ocrx_word' id='word_1_252' title='bbox 191 3125 263 3192; x_wconf 93' lang='lat' dir='ltr'><strong>dine</strong></span> <span class='ocrx_word' id='word_1_253' title='bbox 285 3146 377 3212; x_wconf 90' lang='lat' dir='ltr'><strong>saepe</strong></span> <span class='ocrx_word' id='word_1_254' title='bbox 399 3149 440 3192; x_wconf 86' lang='lat' dir='ltr'><strong>ex</strong></span> <span class='ocrx_word' id='word_1_255' title='bbox 461 3148 512 3192; x_wconf 92' lang='lat' dir='ltr'><strong>me</strong></span> <span class='ocrx_word' id='word_1_256' title='bbox 534 3126 691 3200; x_wconf 84' lang='lat' dir='ltr'><strong>audierat,</strong></span> <span class='ocrx_word' id='word_1_257' title='bbox 721 3148 816 3213; x_wconf 93' lang='lat' dir='ltr'><strong>qnam</strong></span> <span class='ocrx_word' id='word_1_258' title='bbox 837 3127 941 3192; x_wconf 88' lang='lat' dir='ltr'><strong>suavis</strong></span> <span class='ocrx_word' id='word_1_259' title='bbox 962 3137 1044 3192; x_wconf 89' lang='lat' dir='ltr'><strong>esset</strong></span> <span class='ocrx_word' id='word_1_260' title='bbox 1064 3127 1148 3192; x_wconf 89' lang='lat' dir='ltr'><strong>inter</strong></span> <span class='ocrx_word' id='word_1_261' title='bbox 1169 3148 1226 3192; x_wconf 95' lang='lat' dir='ltr'><strong>nos</strong></span> <span class='ocrx_word' id='word_1_262' title='bbox 1249 3138 1280 3193; x_wconf 91' lang='lat' dir='ltr'><strong>et</strong></span> <span class='ocrx_word' id='word_1_263' title='bbox 1301 3140 1416 3216; x_wconf 89' lang='lat' dir='ltr'><strong>quanta</strong></span> <span class='ocrx_word' id='word_1_264' title='bbox 1437 3152 1512 3196; x_wconf 91' lang='lat' dir='ltr'><strong>cou-</strong></span> 
     </span>
     <span class='ocr_line' id='line_1_30' title="bbox 191 3219 1511 3308; baseline 0.004 -23"><span class='ocrx_word' id='word_1_265' title='bbox 191 3219 318 3286; x_wconf 92' lang='lat' dir='ltr'><strong>iunctio.</strong></span> <span class='ocrx_word' id='word_1_266' title='bbox 371 3225 402 3285; x_wconf 75' lang='lat'><strong>9..</strong></span> <span class='ocrx_word' id='word_1_267' title='bbox 429 3224 505 3285; x_wconf 88' lang='lat' dir='ltr'><strong>Peto</strong></span> <span class='ocrx_word' id='word_1_268' title='bbox 526 3220 623 3305; x_wconf 90' lang='lat' dir='ltr'><strong>igitur</strong></span> <span class='ocrx_word' id='word_1_269' title='bbox 643 3241 661 3284; x_wconf 91' lang='lat' dir='ltr'><strong>a</strong></span> <span class='ocrx_word' id='word_1_270' title='bbox 682 3230 729 3293; x_wconf 89' lang='lat' dir='ltr'><strong>te,</strong></span> <span class='ocrx_word' id='word_1_271' title='bbox 752 3229 838 3285; x_wconf 90' lang='lat' dir='ltr'><strong>tanto</strong></span> <span class='ocrx_word' id='word_1_272' title='bbox 861 3220 977 3286; x_wconf 89' lang='lat' dir='ltr'><strong>scilicet</strong></span> <span class='ocrx_word' id='word_1_273' title='bbox 998 3221 1121 3295; x_wconf 93' lang='lat' dir='ltr'><strong>studio,</strong></span> <span class='ocrx_word' id='word_1_274' title='bbox 1150 3231 1267 3307; x_wconf 93' lang='lat' dir='ltr'><strong>quanto</strong></span> <span class='ocrx_word' id='word_1_275' title='bbox 1288 3223 1435 3308; x_wconf 88' lang='lat' dir='ltr'><strong>intelligis</strong></span> <span class='ocrx_word' id='word_1_276' title='bbox 1457 3224 1511 3290; x_wconf 88' lang='lat' dir='ltr'><strong>de-</strong></span> 
     </span>
     <span class='ocr_line' id='line_1_31' title="bbox 153 3310 1511 3400; baseline 0.005 -24"><span class='ocrx_word' id='word_1_277' title='bbox 153 3310 267 3378; x_wconf 79' lang='lat' dir='ltr'><strong>robere</strong></span> <span class='ocrx_word' id='word_1_278' title='bbox 300 3334 351 3378; x_wconf 89' lang='lat' dir='ltr'><strong>me</strong></span> <span class='ocrx_word' id='word_1_279' title='bbox 377 3323 486 3400; x_wconf 90' lang='lat' dir='ltr'><strong>petere</strong></span> <span class='ocrx_word' id='word_1_280' title='bbox 512 3334 571 3400; x_wconf 91' lang='lat' dir='ltr'><strong>pro</strong></span> <span class='ocrx_word' id='word_1_281' title='bbox 598 3313 724 3380; x_wconf 91' lang='lat' dir='ltr'><strong>homine</strong></span> <span class='ocrx_word' id='word_1_282' title='bbox 753 3323 816 3378; x_wconf 76' lang='lat' dir='ltr'><strong>um</strong></span> <span class='ocrx_word' id='word_1_283' title='bbox 837 3314 914 3378; x_wconf 90' lang='lat' dir='ltr'><strong>mibi</strong></span> <span class='ocrx_word' id='word_1_284' title='bbox 936 3314 1113 3380; x_wconf 89' lang='lat' dir='ltr'><strong>necessario</strong></span> <span class='ocrx_word' id='word_1_285' title='bbox 1135 3324 1249 3379; x_wconf 90' lang='lat' dir='ltr'><strong>ettam</strong></span> <span class='ocrx_word' id='word_1_286' title='bbox 1272 3315 1437 3390; x_wconf 84' lang='lat' dir='ltr'><strong>familiari,</strong></span> <span class='ocrx_word' id='word_1_287' title='bbox 1475 3326 1511 3383; x_wconf 93' lang='lat' dir='ltr'><strong>nt</strong></span> 
     </span>
     <span class='ocr_line' id='line_1_32' title="bbox 190 3406 1509 3495; baseline 0.002 -24"><span class='ocrx_word' id='word_1_288' title='bbox 190 3406 258 3472; x_wconf 90' lang='lat' dir='ltr'><strong>eius</strong></span> <span class='ocrx_word' id='word_1_289' title='bbox 279 3407 429 3492; x_wconf 91' lang='lat' dir='ltr'><strong>negotia,</strong></span> <span class='ocrx_word' id='word_1_290' title='bbox 462 3428 542 3495; x_wconf 90' lang='lat' dir='ltr'><strong>quae</strong></span> <span class='ocrx_word' id='word_1_291' title='bbox 564 3408 688 3473; x_wconf 90' lang='lat' dir='ltr'><strong>suntin</strong></span> <span class='ocrx_word' id='word_1_292' title='bbox 709 3406 838 3480; x_wconf 82' lang='lat' dir='ltr'><strong>Achaia,</strong></span> <span class='ocrx_word' id='word_1_293' title='bbox 871 3428 912 3472; x_wconf 86' lang='lat' dir='ltr'><strong>ex</strong></span> <span class='ocrx_word' id='word_1_294' title='bbox 934 3428 987 3483; x_wconf 91' lang='lat' dir='ltr'><strong>eo,</strong></span> <span class='ocrx_word' id='word_1_295' title='bbox 1017 3408 1102 3494; x_wconf 94' lang='lat' dir='ltr'><strong>qnod</strong></span> <span class='ocrx_word' id='word_1_296' title='bbox 1124 3408 1216 3473; x_wconf 89' lang='lat' dir='ltr'><strong>heres</strong></span> <span class='ocrx_word' id='word_1_297' title='bbox 1238 3417 1285 3473; x_wconf 87' lang='lat' dir='ltr'><strong>est</strong></span> <span class='ocrx_word' id='word_1_298' title='bbox 1305 3414 1346 3476; x_wconf 89' lang='grc' dir='ltr'><strong>Μ.</strong></span> <span class='ocrx_word' id='word_1_299' title='bbox 1368 3410 1509 3484; x_wconf 81' lang='lat' dir='ltr'><strong>blindin,</strong></span> 
     </span>
     <span class='ocr_line' id='line_1_33' title="bbox 189 3498 1511 3588; baseline 0.003 -24"><span class='ocrx_word' id='word_1_300' title='bbox 189 3498 281 3565; x_wconf 89' lang='lat' dir='ltr'><strong>fratri</strong></span> <span class='ocrx_word' id='word_1_301' title='bbox 309 3500 382 3587; x_wconf 59' lang='lat' dir='ltr'><strong>suos,</strong></span> <span class='ocrx_word' id='word_1_302' title='bbox 420 3501 474 3588; x_wconf 94' lang='lat' dir='ltr'><strong>qui</strong></span> <span class='ocrx_word' id='word_1_303' title='bbox 502 3501 551 3566; x_wconf 85' lang='lat' dir='ltr'><strong>Eli</strong></span> <span class='ocrx_word' id='word_1_304' title='bbox 577 3500 753 3586; x_wconf 78' lang='lat' dir='ltr'><strong>negotiatus</strong></span> <span class='ocrx_word' id='word_1_305' title='bbox 781 3511 843 3575; x_wconf 87' lang='lat' dir='ltr'><strong>est,</strong></span> <span class='ocrx_word' id='word_1_306' title='bbox 877 3502 1014 3588; x_wconf 82' lang='lat' dir='ltr'><strong>explices</strong></span> <span class='ocrx_word' id='word_1_307' title='bbox 1047 3510 1078 3566; x_wconf 91' lang='lat' dir='ltr'><strong>et</strong></span> <span class='ocrx_word' id='word_1_308' title='bbox 1107 3503 1257 3586; x_wconf 84' lang='lat' dir='ltr'><strong>expedias</strong></span> <span class='ocrx_word' id='word_1_309' title='bbox 1284 3524 1356 3568; x_wconf 89' lang='lat' dir='ltr'><strong>cum</strong></span> <span class='ocrx_word' id='word_1_310' title='bbox 1386 3504 1457 3570; x_wconf 88' lang='lat' dir='ltr'><strong>iure</strong></span> <span class='ocrx_word' id='word_1_311' title='bbox 1479 3512 1511 3569; x_wconf 90' lang='lat' dir='ltr'><strong>et</strong></span> 
     </span>
     <span class='ocr_line' id='line_1_34' title="bbox 190 3594 1509 3682; baseline 0.004 -24"><span class='ocrx_word' id='word_1_312' title='bbox 190 3601 357 3679; x_wconf 86' lang='lat' dir='ltr'><strong>potestate,</strong></span> <span class='ocrx_word' id='word_1_313' title='bbox 379 3616 473 3682; x_wconf 91' lang='lat' dir='ltr'><strong>quam</strong></span> <span class='ocrx_word' id='word_1_314' title='bbox 494 3594 605 3670; x_wconf 91' lang='lat' dir='ltr'><strong>babes,</strong></span> <span class='ocrx_word' id='word_1_315' title='bbox 630 3604 694 3661; x_wconf 88' lang='lat' dir='ltr'><strong>tum</strong></span> <span class='ocrx_word' id='word_1_316' title='bbox 716 3595 810 3661; x_wconf 89' lang='lat' dir='ltr'><strong>etiam</strong></span> <span class='ocrx_word' id='word_1_317' title='bbox 832 3596 1015 3661; x_wconf 88' lang='lat' dir='ltr'><strong>auctoritate</strong></span> <span class='ocrx_word' id='word_1_318' title='bbox 1037 3606 1068 3661; x_wconf 92' lang='lat' dir='ltr'><strong>et</strong></span> <span class='ocrx_word' id='word_1_319' title='bbox 1089 3597 1221 3662; x_wconf 90' lang='lat' dir='ltr'><strong>consilio</strong></span> <span class='ocrx_word' id='word_1_320' title='bbox 1242 3605 1308 3662; x_wconf 92' lang='lat' dir='ltr'><strong>tuo.</strong></span> <span class='ocrx_word' id='word_1_321' title='bbox 1352 3597 1404 3662; x_wconf 90' lang='lat' dir='ltr'><strong>Sic</strong></span> <span class='ocrx_word' id='word_1_322' title='bbox 1425 3598 1509 3664; x_wconf 88' lang='lat' dir='ltr'><strong>enim</strong></span> 
     </span>
     <span class='ocr_line' id='line_1_35' title="bbox 82 3686 1510 3775; baseline 0.004 -24"><span class='ocrx_word' id='word_1_323' title='bbox 82 3689 86 3696; x_wconf 87' lang='grc'><em>“</em></span> <span class='ocrx_word' id='word_1_324' title='bbox 190 3687 450 3774; x_wconf 89' lang='lat' dir='ltr'><strong>praescripsimus</strong></span> <span class='ocrx_word' id='word_1_325' title='bbox 470 3688 524 3762; x_wconf 92' lang='lat' dir='ltr'><strong>iis,</strong></span> <span class='ocrx_word' id='word_1_326' title='bbox 547 3686 662 3775; x_wconf 93' lang='lat' dir='ltr'><strong>quibus</strong></span> <span class='ocrx_word' id='word_1_327' title='bbox 684 3709 720 3753; x_wconf 91' lang='lat' dir='ltr'><strong>ea</strong></span> <span class='ocrx_word' id='word_1_328' title='bbox 742 3688 866 3773; x_wconf 89' lang='lat' dir='ltr'><strong>negotia</strong></span> <span class='ocrx_word' id='word_1_329' title='bbox 887 3689 1118 3764; x_wconf 90' lang='lat' dir='ltr'><strong>mandavimus,</strong></span> <span class='ocrx_word' id='word_1_330' title='bbox 1141 3700 1176 3756; x_wconf 89' lang='lat' dir='ltr'><strong>ut</strong></span> <span class='ocrx_word' id='word_1_331' title='bbox 1196 3688 1342 3756; x_wconf 90' lang='lat' dir='ltr'><strong>omnibus</strong></span> <span class='ocrx_word' id='word_1_332' title='bbox 1356 3695 1388 3755; x_wconf 94' lang='lat' dir='ltr'><strong>in</strong></span> <span class='ocrx_word' id='word_1_333' title='bbox 1402 3691 1510 3764; x_wconf 89' lang='lat' dir='ltr'><strong>rebus,</strong></span> 
     </span>
     <span class='ocr_line' id='line_1_36' title="bbox 154 3779 1510 3870; baseline 0.005 -27"><span class='ocrx_word' id='word_1_334' title='bbox 154 3800 271 3863; x_wconf 75' lang='lat' dir='ltr'><strong>aequae</strong></span> <span class='ocrx_word' id='word_1_335' title='bbox 284 3779 317 3844; x_wconf 95' lang='lat' dir='ltr'><strong>in</strong></span> <span class='ocrx_word' id='word_1_336' title='bbox 328 3779 463 3868; x_wconf 88' lang='lat' dir='ltr'><strong>aliquam</strong></span> <span class='ocrx_word' id='word_1_337' title='bbox 474 3781 720 3848; x_wconf 88' lang='lat' dir='ltr'><strong>controversiam</strong></span> <span class='ocrx_word' id='word_1_338' title='bbox 733 3791 929 3857; x_wconf 87' lang='lat' dir='ltr'><strong>vocarentur,</strong></span> <span class='ocrx_word' id='word_1_339' title='bbox 945 3793 975 3848; x_wconf 90' lang='lat' dir='ltr'><strong>te</strong></span> <span class='ocrx_word' id='word_1_340' title='bbox 985 3780 1105 3848; x_wconf 91' lang='lat' dir='ltr'><strong>arbitro</strong></span> <span class='ocrx_word' id='word_1_341' title='bbox 1117 3793 1156 3858; x_wconf 86' lang='lat' dir='ltr'><strong>et,</strong></span> <span class='ocrx_word' id='word_1_342' title='bbox 1172 3783 1256 3870; x_wconf 92' lang='lat' dir='ltr'><strong>quod</strong></span> <span class='ocrx_word' id='word_1_343' title='bbox 1271 3785 1438 3850; x_wconf 85' lang='lat' dir='ltr'><strong>commodo</strong></span> <span class='ocrx_word' id='word_1_344' title='bbox 1453 3798 1510 3851; x_wconf 90' lang='lat' dir='ltr'><strong>tuo</strong></span> 
     </span>
     <span class='ocr_line' id='line_1_37' title="bbox 191 3871 1509 3963; baseline 0.005 -26"><span class='ocrx_word' id='word_1_345' title='bbox 191 3871 262 3938; x_wconf 86' lang='lat' dir='ltr'><strong>lieri</strong></span> <span class='ocrx_word' id='word_1_346' title='bbox 277 3883 399 3959; x_wconf 84' lang='lat' dir='ltr'><strong>posset,</strong></span> <span class='ocrx_word' id='word_1_347' title='bbox 421 3884 452 3941; x_wconf 91' lang='lat' dir='ltr'><strong>te</strong></span> <span class='ocrx_word' id='word_1_348' title='bbox 467 3875 673 3962; x_wconf 89' lang='lat' dir='ltr'><strong>disceptatore</strong></span> <span class='ocrx_word' id='word_1_349' title='bbox 690 3885 863 3940; x_wconf 87' lang='lat' dir='ltr'><strong>uterentur.</strong></span> <span class='ocrx_word' id='word_1_350' title='bbox 898 3875 933 3941; x_wconf 96' lang='lat' dir='ltr'><strong>Id</strong></span> <span class='ocrx_word' id='word_1_351' title='bbox 951 3886 986 3941; x_wconf 90' lang='lat' dir='ltr'><strong>ut</strong></span> <span class='ocrx_word' id='word_1_352' title='bbox 1005 3876 1134 3942; x_wconf 89' lang='lat' dir='ltr'><strong>honoris</strong></span> <span class='ocrx_word' id='word_1_353' title='bbox 1150 3878 1213 3942; x_wconf 91' lang='lat' dir='ltr'><strong>mei</strong></span> <span class='ocrx_word' id='word_1_354' title='bbox 1233 3898 1325 3943; x_wconf 90' lang='lat' dir='ltr'><strong>causa</strong></span> <span class='ocrx_word' id='word_1_355' title='bbox 1343 3878 1509 3963; x_wconf 88' lang='lat' dir='ltr'><strong>suscipias,</strong></span> 
     </span>
     <span class='ocr_line' id='line_1_38' title="bbox 192 3967 1510 4059; baseline 0.004 -28"><span class='ocrx_word' id='word_1_356' title='bbox 192 3967 394 4035; x_wconf 81' lang='lat' dir='ltr'><strong>vehementer</strong></span> <span class='ocrx_word' id='word_1_357' title='bbox 409 3978 439 4035; x_wconf 91' lang='lat' dir='ltr'><strong>te</strong></span> <span class='ocrx_word' id='word_1_358' title='bbox 451 3969 544 4035; x_wconf 91' lang='lat' dir='ltr'><strong>etiam</strong></span> <span class='ocrx_word' id='word_1_359' title='bbox 561 3979 653 4059; x_wconf 84' lang='lat' dir='ltr'><strong>atque</strong></span> <span class='ocrx_word' id='word_1_360' title='bbox 668 3969 759 4035; x_wconf 92' lang='lat' dir='ltr'><strong>etiam</strong></span> <span class='ocrx_word' id='word_1_361' title='bbox 775 3990 865 4054; x_wconf 88' lang='lat' dir='ltr'><strong>rogo.</strong></span> <span class='ocrx_word' id='word_1_362' title='bbox 909 3973 938 4034; x_wconf 82' lang='lat'><strong>3.</strong></span> <span class='ocrx_word' id='word_1_363' title='bbox 959 3969 1039 4034; x_wconf 89' lang='lat' dir='ltr'><strong>Illud</strong></span> <span class='ocrx_word' id='word_1_364' title='bbox 1053 3980 1234 4057; x_wconf 91' lang='lat' dir='ltr'><strong>praeterea,</strong></span> <span class='ocrx_word' id='word_1_365' title='bbox 1258 3976 1358 4037; x_wconf 92' lang='lat' dir='ltr'><strong>sinon</strong></span> <span class='ocrx_word' id='word_1_366' title='bbox 1372 3972 1510 4037; x_wconf 89' lang='lat' dir='ltr'><strong>alienum</strong></span> 
     </span>
     <span class='ocr_line' id='line_1_39' title="bbox 191 4061 1510 4150; baseline 0.002 -23"><span class='ocrx_word' id='word_1_367' title='bbox 191 4068 244 4127; x_wconf 87' lang='lat' dir='ltr'><strong>tua</strong></span> <span class='ocrx_word' id='word_1_368' title='bbox 265 4061 413 4148; x_wconf 88' lang='lat' dir='ltr'><strong>dignitate</strong></span> <span class='ocrx_word' id='word_1_369' title='bbox 444 4061 567 4149; x_wconf 88' lang='lat' dir='ltr'><strong>putabis</strong></span> <span class='ocrx_word' id='word_1_370' title='bbox 590 4083 674 4138; x_wconf 89' lang='lat' dir='ltr'><strong>esse,</strong></span> <span class='ocrx_word' id='word_1_371' title='bbox 710 4062 824 4128; x_wconf 89' lang='lat' dir='ltr'><strong>leceris</strong></span> <span class='ocrx_word' id='word_1_372' title='bbox 858 4063 933 4128; x_wconf 94' lang='lat' dir='ltr'><strong>mibi</strong></span> <span class='ocrx_word' id='word_1_373' title='bbox 959 4076 1155 4150; x_wconf 90' lang='lat' dir='ltr'><strong>pergratum,</strong></span> <span class='ocrx_word' id='word_1_374' title='bbox 1192 4065 1295 4149; x_wconf 91' lang='lat' dir='ltr'><strong>siqui</strong></span> <span class='ocrx_word' id='word_1_375' title='bbox 1317 4064 1510 4131; x_wconf 81' lang='lat' dir='ltr'><strong>difficiliores</strong></span> 
     </span>
     <span class='ocr_line' id='line_1_40' title="bbox 191 4155 1509 4246; baseline 0.002 -25"><span class='ocrx_word' id='word_1_376' title='bbox 191 4165 303 4232; x_wconf 89' lang='lat' dir='ltr'><strong>erunt,</strong></span> <span class='ocrx_word' id='word_1_377' title='bbox 333 4167 369 4223; x_wconf 93' lang='lat' dir='ltr'><strong>nt</strong></span> <span class='ocrx_word' id='word_1_378' title='bbox 401 4177 469 4223; x_wconf 90' lang='lat' dir='ltr'><strong>rem</strong></span> <span class='ocrx_word' id='word_1_379' title='bbox 497 4155 565 4221; x_wconf 91' lang='lat' dir='ltr'><strong>sine</strong></span> <span class='ocrx_word' id='word_1_380' title='bbox 596 4157 810 4222; x_wconf 82' lang='lat' dir='ltr'><strong>controversia</strong></span> <span class='ocrx_word' id='word_1_381' title='bbox 831 4157 941 4223; x_wconf 86' lang='lat' dir='ltr'><strong>confici</strong></span> <span class='ocrx_word' id='word_1_382' title='bbox 963 4158 1075 4233; x_wconf 91' lang='lat' dir='ltr'><strong>nolint,</strong></span> <span class='ocrx_word' id='word_1_383' title='bbox 1111 4157 1138 4223; x_wconf 92' lang='lat' dir='ltr'><strong>si</strong></span> <span class='ocrx_word' id='word_1_384' title='bbox 1160 4179 1231 4232; x_wconf 89' lang='lat' dir='ltr'><strong>eos,</strong></span> <span class='ocrx_word' id='word_1_385' title='bbox 1267 4159 1415 4246; x_wconf 91' lang='lat' dir='ltr'><strong>quoniam</strong></span> <span class='ocrx_word' id='word_1_386' title='bbox 1437 4179 1509 4224; x_wconf 88' lang='lat' dir='ltr'><strong>cum</strong></span> 
     </span>
     <span class='ocr_line' id='line_1_41' title="bbox 153 4251 1509 4338; baseline 0.006 -28"><span class='ocrx_word' id='word_1_387' title='bbox 153 4260 336 4316; x_wconf 82' lang='lat' dir='ltr'><strong>eosenatore</strong></span> <span class='ocrx_word' id='word_1_388' title='bbox 358 4272 409 4317; x_wconf 90' lang='lat' dir='ltr'><strong>res</strong></span> <span class='ocrx_word' id='word_1_389' title='bbox 436 4259 500 4325; x_wconf 90' lang='lat' dir='ltr'><strong>est,</strong></span> <span class='ocrx_word' id='word_1_390' title='bbox 534 4255 664 4317; x_wconf 90' lang='lat' dir='ltr'><strong>Romam</strong></span> <span class='ocrx_word' id='word_1_391' title='bbox 692 4251 851 4317; x_wconf 90' lang='lat' dir='ltr'><strong>reieceris.</strong></span> <span class='ocrx_word' id='word_1_392' title='bbox 906 4251 1000 4329; x_wconf 87' lang='lat' dir='ltr'><strong>Quod</strong></span> <span class='ocrx_word' id='word_1_393' title='bbox 1020 4273 1084 4338; x_wconf 93' lang='lat' dir='ltr'><strong>quo</strong></span> <span class='ocrx_word' id='word_1_394' title='bbox 1104 4251 1227 4317; x_wconf 91' lang='lat' dir='ltr'><strong>minore</strong></span> <span class='ocrx_word' id='word_1_395' title='bbox 1249 4251 1442 4319; x_wconf 91' lang='lat' dir='ltr'><strong>dubitatione</strong></span> <span class='ocrx_word' id='word_1_396' title='bbox 1464 4252 1509 4318; x_wconf 90' lang='lat' dir='ltr'><strong>fa·</strong></span> 
     </span>
     <span class='ocr_line' id='line_1_42' title="bbox 180 4342 1508 4433; baseline 0.004 -26"><span class='ocrx_word' id='word_1_397' title='bbox 180 4362 263 4425; x_wconf 24' lang='lat' dir='ltr'><strong>&#39;cere</strong></span> <span class='ocrx_word' id='word_1_398' title='bbox 283 4343 400 4430; x_wconf 89' lang='lat' dir='ltr'><strong>possis,</strong></span> <span class='ocrx_word' id='word_1_399' title='bbox 436 4345 554 4410; x_wconf 91' lang='lat' dir='ltr'><strong>litteras</strong></span> <span class='ocrx_word' id='word_1_400' title='bbox 582 4342 622 4409; x_wconf 91' lang='lat' dir='ltr'><strong>ad</strong></span> <span class='ocrx_word' id='word_1_401' title='bbox 642 4354 673 4409; x_wconf 87' lang='lat' dir='ltr'><strong>te</strong></span> <span class='ocrx_word' id='word_1_402' title='bbox 701 4366 720 4410; x_wconf 90' lang='lat' dir='ltr'><strong>a</strong></span> <span class='ocrx_word' id='word_1_403' title='bbox 750 4350 792 4411; x_wconf 85' lang='lat' dir='ltr'><strong>bl.</strong></span> <span class='ocrx_word' id='word_1_404' title='bbox 820 4345 939 4431; x_wconf 91' lang='lat' dir='ltr'><strong>Lepido</strong></span> <span class='ocrx_word' id='word_1_405' title='bbox 971 4346 1115 4420; x_wconf 88' lang='lat' dir='ltr'><strong>consule,</strong></span> <span class='ocrx_word' id='word_1_406' title='bbox 1152 4367 1216 4410; x_wconf 93' lang='lat' dir='ltr'><strong>non</strong></span> <span class='ocrx_word' id='word_1_407' title='bbox 1237 4367 1317 4433; x_wconf 90' lang='lat' dir='ltr'><strong>quae</strong></span> <span class='ocrx_word' id='word_1_408' title='bbox 1340 4355 1369 4411; x_wconf 92' lang='lat' dir='ltr'><strong>te</strong></span> <span class='ocrx_word' id='word_1_409' title='bbox 1391 4345 1508 4433; x_wconf 90' lang='lat' dir='ltr'><strong>aliquid</strong></span> 
     </span>
    </p>
   </div>
   <div class='ocr_carea' id='block_1_10' title="bbox 188 4551 1509 4968">
    <p class='ocr_par' dir='ltr' id='par_1_12' title="bbox 188 4551 1509 4968">
     <span class='ocr_line' id='line_1_43' title="bbox 262 4551 1508 4619; baseline 0.002 -17"><span class='ocrx_word' id='word_1_410' title='bbox 262 4551 290 4602; x_wconf 81' lang='grc'><strong>3.</strong></span> <span class='ocrx_word' id='word_1_411' title='bbox 309 4552 417 4604; x_wconf 79' lang='lat' dir='ltr'><strong>libenter</strong></span> <span class='ocrx_word' id='word_1_412' title='bbox 442 4566 483 4603; x_wconf 81' lang='lat' dir='ltr'><strong>me</strong></span> <span class='ocrx_word' id='word_1_413' title='bbox 508 4552 553 4603; x_wconf 82' lang='lat' dir='ltr'><strong>nt:</strong></span> <span class='ocrx_word' id='word_1_414' title='bbox 584 4565 625 4602; x_wconf 82' lang='lat' dir='ltr'><strong>me</strong></span> <span class='ocrx_word' id='word_1_415' title='bbox 642 4552 751 4604; x_wconf 75' lang='lat' dir='ltr'><strong>libenter</strong></span> <span class='ocrx_word' id='word_1_416' title='bbox 775 4554 806 4603; x_wconf 78' lang='lat' dir='ltr'><strong>u.</strong></span> <span class='ocrx_word' id='word_1_417' title='bbox 835 4577 866 4590; x_wconf 93' lang='lat'><strong>·-</strong></span> <span class='ocrx_word' id='word_1_418' title='bbox 901 4553 928 4604; x_wconf 81' lang='lat'><strong>8.</strong></span> <span class='ocrx_word' id='word_1_419' title='bbox 953 4555 1045 4619; x_wconf 71' lang='lat' dir='ltr'><strong>afficite</strong></span> <span class='ocrx_word' id='word_1_420' title='bbox 1064 4561 1088 4604; x_wconf 87' lang='lat' dir='ltr'><strong>et</strong></span> <span class='ocrx_word' id='word_1_421' title='bbox 1106 4554 1263 4604; x_wconf 75' lang='lat' dir='ltr'><strong>liberalitate</strong></span> <span class='ocrx_word' id='word_1_422' title='bbox 1280 4554 1393 4604; x_wconf 79' lang='lat' dir='ltr'><strong>Arcens.</strong></span> <span class='ocrx_word' id='word_1_423' title='bbox 1412 4569 1454 4618; x_wconf 90' lang='lat' dir='ltr'><strong>pr.</strong></span> <span class='ocrx_word' id='word_1_424' title='bbox 1473 4573 1508 4592; x_wconf 90' lang='lat'><strong>·-</strong></span> 
     </span>
     <span class='ocr_line' id='line_1_44' title="bbox 192 4620 1509 4688; baseline 0.003 -18"><span class='ocrx_word' id='word_1_425' title='bbox 192 4620 236 4671; x_wconf 79' lang='lat'><strong>1³.</strong></span> <span class='ocrx_word' id='word_1_426' title='bbox 255 4622 431 4686; x_wconf 76' lang='lat' dir='ltr'><strong>Hagesaretus</strong></span> <span class='ocrx_word' id='word_1_427' title='bbox 449 4623 497 4674; x_wconf 79' lang='lat' dir='ltr'><strong>bl:</strong></span> <span class='ocrx_word' id='word_1_428' title='bbox 517 4624 688 4687; x_wconf 81' lang='lat' dir='ltr'><strong>Heqeenretue</strong></span> <span class='ocrx_word' id='word_1_429' title='bbox 706 4623 744 4680; x_wconf 83' lang='lat' dir='ltr'><strong>Il,</strong></span> <span class='ocrx_word' id='word_1_430' title='bbox 775 4624 951 4688; x_wconf 74' lang='lat' dir='ltr'><strong>Hagesaretus</strong></span> <span class='ocrx_word' id='word_1_431' title='bbox 971 4625 1092 4674; x_wconf 86' lang='lat' dir='ltr'><strong>Ursinus.</strong></span> <span class='ocrx_word' id='word_1_432' title='bbox 1113 4647 1143 4659; x_wconf 91' lang='lat'>-</span> <span class='ocrx_word' id='word_1_433' title='bbox 1181 4625 1224 4673; x_wconf 86' lang='lat'><strong>15.</strong></span> <span class='ocrx_word' id='word_1_434' title='bbox 1242 4631 1266 4674; x_wconf 87' lang='lat' dir='ltr'><strong>et</strong></span> <span class='ocrx_word' id='word_1_435' title='bbox 1283 4625 1408 4687; x_wconf 85' lang='lat' dir='ltr'><strong>leoepttem</strong></span> <span class='ocrx_word' id='word_1_436' title='bbox 1424 4639 1509 4674; x_wconf 85' lang='lat' dir='ltr'><strong>meum</strong></span> 
     </span>
     <span class='ocr_line' id='line_1_45' title="bbox 191 4690 1508 4757; baseline 0.002 -15"><span class='ocrx_word' id='word_1_437' title='bbox 191 4698 216 4742; x_wconf 86' lang='lat' dir='ltr'><strong>et</strong></span> <span class='ocrx_word' id='word_1_438' title='bbox 232 4691 391 4755; x_wconf 62' lang='lat' dir='ltr'><strong>tumueram</strong></span> <span class='ocrx_word' id='word_1_439' title='bbox 407 4705 492 4742; x_wconf 82' lang='lat' dir='ltr'><strong>meam</strong></span> <span class='ocrx_word' id='word_1_440' title='bbox 508 4693 554 4749; x_wconf 79' lang='lat' dir='ltr'><strong>tt,</strong></span> <span class='ocrx_word' id='word_1_441' title='bbox 575 4693 648 4742; x_wconf 89' lang='lat' dir='ltr'><strong>unde</strong></span> <span class='ocrx_word' id='word_1_442' title='bbox 665 4699 690 4743; x_wconf 89' lang='lat' dir='ltr'><strong>et</strong></span> <span class='ocrx_word' id='word_1_443' title='bbox 707 4694 833 4756; x_wconf 68' lang='lat' dir='ltr'><strong>hospitem</strong></span> <span class='ocrx_word' id='word_1_444' title='bbox 850 4701 875 4744; x_wconf 83' lang='lat' dir='ltr'><strong>et</strong></span> <span class='ocrx_word' id='word_1_445' title='bbox 891 4695 1048 4757; x_wconf 71' lang='lat' dir='ltr'><strong>familiares</strong></span> <span class='ocrx_word' id='word_1_446' title='bbox 1065 4708 1148 4744; x_wconf 82' lang='lat' dir='ltr'><strong>meum</strong></span> <span class='ocrx_word' id='word_1_447' title='bbox 1167 4694 1323 4743; x_wconf 86' lang='lat' dir='ltr'><strong>Lambinus.</strong></span> <span class='ocrx_word' id='word_1_448' title='bbox 1344 4718 1375 4730; x_wconf 94' lang='lat'>-</span> <span class='ocrx_word' id='word_1_449' title='bbox 1402 4695 1446 4745; x_wconf 78' lang='lat'><strong>21.</strong></span> <span class='ocrx_word' id='word_1_450' title='bbox 1465 4690 1508 4756; x_wconf 87' lang='lat' dir='ltr'><strong>ea]</strong></span> 
     </span>
     <span class='ocr_line' id='line_1_46' title="bbox 189 4760 1508 4827; baseline 0.002 -15"><span class='ocrx_word' id='word_1_451' title='bbox 189 4774 220 4812; x_wconf 84' lang='lat' dir='ltr'><strong>eo</strong></span> <span class='ocrx_word' id='word_1_452' title='bbox 238 4760 357 4812; x_wconf 84' lang='lat' dir='ltr'><strong>malebat</strong></span> <span class='ocrx_word' id='word_1_453' title='bbox 372 4761 521 4812; x_wconf 80' lang='lat' dir='ltr'><strong>llrneettue.</strong></span> <span class='ocrx_word' id='word_1_454' title='bbox 554 4785 585 4798; x_wconf 93' lang='lat'>-</span> <span class='ocrx_word' id='word_1_455' title='bbox 621 4762 933 4815; x_wconf 62' lang='lat' dir='ltr'><strong>antemuranum</strong></span> <span class='ocrx_word' id='word_1_456' title='bbox 953 4764 1012 4815; x_wconf 79' lang='lat' dir='ltr'><strong>llll.</strong></span> <span class='ocrx_word' id='word_1_457' title='bbox 1040 4789 1071 4801; x_wconf 95' lang='lat'>-</span> <span class='ocrx_word' id='word_1_458' title='bbox 1106 4765 1151 4815; x_wconf 73' lang='lat'><strong>26.</strong></span> <span class='ocrx_word' id='word_1_459' title='bbox 1177 4765 1280 4827; x_wconf 81' lang='lat' dir='ltr'><strong>pendae</strong></span> <span class='ocrx_word' id='word_1_460' title='bbox 1297 4764 1434 4815; x_wconf 71' lang='lat' dir='ltr'><strong>habiturae</strong></span> <span class='ocrx_word' id='word_1_461' title='bbox 1450 4778 1508 4814; x_wconf 88' lang='lat' dir='ltr'><strong>om.</strong></span> 
     </span>
     <span class='ocr_line' id='line_1_47' title="bbox 188 4828 1505 4899; baseline 0.003 -17"><span class='ocrx_word' id='word_1_462' title='bbox 188 4828 227 4882; x_wconf 77' lang='lat' dir='ltr'><strong>et.</strong></span> <span class='ocrx_word' id='word_1_463' title='bbox 255 4857 284 4869; x_wconf 96' lang='lat'><em>-</em></span> <span class='ocrx_word' id='word_1_464' title='bbox 322 4831 366 4882; x_wconf 72' lang='lat'><strong>32.</strong></span> <span class='ocrx_word' id='word_1_465' title='bbox 385 4832 459 4883; x_wconf 77' lang='lat' dir='ltr'><strong>Elide</strong></span> <span class='ocrx_word' id='word_1_466' title='bbox 483 4832 642 4882; x_wconf 80' lang='lat' dir='ltr'><strong>Lambinus.</strong></span> <span class='ocrx_word' id='word_1_467' title='bbox 660 4857 694 4866; x_wconf 97' lang='lat'>—</span> <span class='ocrx_word' id='word_1_468' title='bbox 728 4832 773 4883; x_wconf 71' lang='lat'><strong>³⁴.</strong></span> <span class='ocrx_word' id='word_1_469' title='bbox 792 4835 832 4884; x_wconf 76' lang='lat' dir='ltr'><strong>aa</strong></span> <span class='ocrx_word' id='word_1_470' title='bbox 851 4834 888 4885; x_wconf 80' lang='lat' dir='ltr'><strong>bl.</strong></span> <span class='ocrx_word' id='word_1_471' title='bbox 909 4857 941 4870; x_wconf 92' lang='lat'>-</span> <span class='ocrx_word' id='word_1_472' title='bbox 976 4834 1020 4884; x_wconf 78' lang='lat'><strong>³5.</strong></span> <span class='ocrx_word' id='word_1_473' title='bbox 1044 4832 1123 4899; x_wconf 82' lang='lat' dir='ltr'><strong>quod]</strong></span> <span class='ocrx_word' id='word_1_474' title='bbox 1142 4834 1236 4885; x_wconf 77' lang='lat' dir='ltr'><strong>Helinr</strong></span> <span class='ocrx_word' id='word_1_475' title='bbox 1254 4835 1351 4899; x_wconf 83' lang='lat' dir='ltr'><strong>quoad·</strong></span> <span class='ocrx_word' id='word_1_476' title='bbox 1371 4834 1453 4887; x_wconf 74' lang='lat' dir='ltr'><strong>Itur.</strong></span> <span class='ocrx_word' id='word_1_477' title='bbox 1475 4858 1505 4873; x_wconf 90' lang='lat'><strong>-·</strong></span> 
     </span>
     <span class='ocr_line' id='line_1_48' title="bbox 188 4900 1191 4968; baseline 0.002 -15"><span class='ocrx_word' id='word_1_478' title='bbox 188 4900 233 4953; x_wconf 71' lang='lat'><strong>8⁹.</strong></span> <span class='ocrx_word' id='word_1_479' title='bbox 251 4903 376 4967; x_wconf 65' lang='lat' dir='ltr'><strong>quosdam</strong></span> <span class='ocrx_word' id='word_1_480' title='bbox 392 4901 438 4955; x_wconf 71' lang='lat' dir='ltr'><strong>bl:</strong></span> <span class='ocrx_word' id='word_1_481' title='bbox 463 4902 571 4967; x_wconf 75' lang='lat' dir='ltr'><strong>geneda</strong></span> <span class='ocrx_word' id='word_1_482' title='bbox 595 4902 627 4952; x_wconf 80' lang='lat' dir='ltr'><strong>ll.</strong></span> <span class='ocrx_word' id='word_1_483' title='bbox 647 4924 679 4937; x_wconf 94' lang='lat'><em>-</em></span> <span class='ocrx_word' id='word_1_484' title='bbox 713 4902 759 4954; x_wconf 72' lang='lat' dir='ltr'><strong>et.</strong></span> <span class='ocrx_word' id='word_1_485' title='bbox 775 4906 860 4966; x_wconf 77' lang='lat' dir='ltr'><strong>poesie</strong></span> <span class='ocrx_word' id='word_1_486' title='bbox 874 4904 920 4957; x_wconf 72' lang='lat' dir='ltr'><strong>Hc</strong></span> <span class='ocrx_word' id='word_1_487' title='bbox 936 4917 1025 4968; x_wconf 78' lang='lat' dir='ltr'><strong>poure</strong></span> <span class='ocrx_word' id='word_1_488' title='bbox 1041 4903 1191 4955; x_wconf 78' lang='lat' dir='ltr'><strong>ltrneettae.</strong></span> 
     </span>
    </p>
   </div>
   <div class='ocr_carea' id='block_1_11' title="bbox 0 0 1632 5400">
    <p class='ocr_par' dir='ltr' id='par_1_13' title="bbox 0 0 1632 5400">
     <span class='ocr_line' id='line_1_49' title="bbox 0 0 1632 5400; baseline 0 5"><span class='ocrx_word' id='word_1_489' title='bbox 0 0 1632 5400; x_wconf 95' lang='lat' dir='ltr'><strong> </strong></span> 
     </span>
    </p>
   </div>
  </div>
 </body>
</html>
