3256 5400
1370 245 1440 297 xvu

115 390 189 456 iere
210 384 413 456 oxoniensis
434 389 474 466 rb.
494 386 581 474 Epp.
596 385 638 454 ad
663 386 821 453 Atticum.
865 385 906 454 ld
923 391 1101 474 praeterea
1114 388 1314 480 notandum,
1336 410 1440 479 saepo

111 493 212 559 interi
234 488 394 577 criticos,
421 513 455 558 v.
475 511 504 560 c.
526 490 706 559 Graevium
733 490 776 556 de
798 492 922 575 optimo
950 512 1027 578 suo,
1061 493 1104 561 de
1129 494 1312 562 Dresdensi
1334 499 1440 583 primo

112 595 348 684 Benedictum,
380 596 629 682 antiquissimos
657 614 805 682 quosque
834 594 917 662 cdd.
938 596 973 663 in
995 599 1145 666 omnibus
1165 599 1238 667 tero
1259 601 1442 668 simillimos

110 719 187 766 esse
215 699 382 786 Medicei,
415 718 456 766 ac
486 702 626 784 propter
652 697 717 765 boc
746 701 854 784 ipsum
879 701 1035 768 meliores
1057 704 1198 770 ceteris:
1232 706 1442 773 recentiores

109 807 220 871 autem
242 807 277 868 et
298 803 460 892 vulgatos
483 821 523 868 eo
546 822 679 888 qaoque
701 806 833 870 nomine
846 807 1005 896 agnosci,
1028 805 1116 891 quod
1131 808 1266 897 longius
1279 808 1442 876 recedant

108 927 130 974 a
144 908 346 975 lectionibus
358 905 450 991 Md,
472 910 637 992 quatenus
660 926 720 974 eas
740 914 941 976 noverante
960 909 1103 978 Victorii
1118 914 1238 998 partim
1253 908 1352 980 Curis
1367 912 1442 999 pri·
1515 925 1530 954 ·

109 1014 171 1077 mis
185 1016 220 1078 ct
237 1010 412 1094 secundis,
435 1012 554 1096 partim
571 1013 683 1097 priore
699 1011 845 1080 eiusdem
861 1012 1026 1080 editione:
1049 1015 1078 1081 si
1094 1014 1226 1100 quidem
1241 1018 1441 1103 posteriore,

109 1116 219 1181 tertiis
239 1112 338 1183 Curis
359 1116 524 1182 instructa
546 1134 642 1181 nemo
665 1120 743 1202 post
765 1117 958 1184 Lambinum
980 1121 1035 1186 cst
1056 1138 1148 1185 usius.

194 1215 349 1287 Ceterum
372 1218 626 1309 diligentissima
647 1221 760 1315 cautio
781 1219 972 1288 adhibenda
993 1225 1061 1312 est,
1082 1241 1126 1289 ne
1146 1222 1182 1288 in
1202 1240 1270 1288 uno
1288 1224 1442 1292 alterove

109 1322 234 1391 Codice
255 1322 430 1389 admodum
451 1326 580 1390 recenti
611 1322 720 1407 decipi
753 1343 818 1390 nos
849 1327 1014 1411 patiamur
1044 1325 1225 1393 artificiosa
1251 1330 1441 1413 scripturae

106 1425 306 1497 Secutomm
332 1425 376 1493 X.
402 1425 464 1494 Xl.
488 1426 570 1495 xli.
600 1426 828 1513 similitudine,
869 1448 966 1516 quam
999 1430 1079 1495 ltali
1111 1424 1190 1498 Sec.
1214 1426 1293 1497 XV.
1320 1430 1441 1515 cupide

108 1532 322 1599 affectabant.
366 1529 440 1613 Qua
471 1531 513 1598 de
539 1550 577 1598 re
599 1533 810 1599 memorabile
832 1536 947 1599 exstat
969 1536 1194 1599 testimonium
1216 1535 1250 1599 in
1272 1533 1441 1600 [leonardi

107 1636 214 1701 Bruni
229 1634 383 1701 Arretini
397 1635 552 1720 Epistola
570 1634 614 1702 X
636 1627 752 1723 (Epp.
769 1638 821 1702 ed.
836 1635 981 1727 Melius,
1002 1637 1196 1704 Florentiae
1220 1635 1337 1704 1741.
1360 1637 1441 1705 Μ

107 1761 139 1827 p.
163 1729 269 1820 44.):
307 1735 398 1807 Cum
425 1738 720 1807 Bartholomaeus
747 1730 974 1826 (episcopus)
1008 1737 1253 1809 Cremonensis
1279 1741 1441 1809 columen

106 1842 237 1910 babeat
258 1842 440 1929 praeclare
460 1848 630 1932 scriptum
648 1848 848 1910 oratiorium
868 1839 1048 1912 Ciceronis
1054 1895 1065 1934 ,
1086 1849 1197 1936 eupit,
1219 1848 1262 1912 nt
1282 1845 1442 1934 sitiqulo-
1520 1856 1523 1862 '

105 1967 185 2014 ram
206 1951 327 2034 cupita
346 1947 512 2014 librorum
542 1947 726 2035 splendore
756 1947 957 2014 litterarum
982 1948 1235 2015 illuminentur.
1281 1947 1336 2016 l'u
1359 1968 1440 2038 erqo

105 2055 144 2118 in
163 2071 208 2117 ea
229 2069 268 2116 re
290 2050 509 2140 diliqentium
527 2056 627 2117 mam
645 2049 825 2118 adhibebit
843 2052 1009 2142 dataque
1026 2070 1187 2141 operam,
1207 2055 1250 2119 ut
1266 2070 1338 2121 non
1351 2073 1440 2121 auro

108 2174 169 2223 ricc
190 2159 340 2246 murice,
375 2155 439 2223 reci
459 2157 596 2221 uetusto
616 2172 713 2220 more
735 2152 803 2221 bae
826 2156 969 2221 litterae
993 2153 1097 2242 fierit.
1150 2153 1249 2223 Nam
1270 2161 1441 2224 inaurare

112 2256 235 2327 oeibic
256 2262 443 2349 peniteret,
465 2263 498 2326 ai
522 2256 664 2326 huiusce
682 2263 736 2325 rei
761 2258 938 2340 mpeditus
966 2262 1083 2346 iprum
1107 2257 1261 2327 baberet.
1311 2259 1442 2327 Verum

111 2361 193 2429 baec
209 2367 348 2447 eperunt
368 2367 404 2430 et
418 2366 627 2454 antiquitati
640 2362 857 2458 dedituslest.
900 2359 1018 2446 Quare
1038 2361 1168 2454 sacua,
1189 2367 1231 2430 ut
1253 2362 1318 2430 tibi
1338 2364 1441 2430 oide-

109 2465 201 2534 bttur
216 2473 322 2556 utque
344 2466 565 2533 continebis
584 2470 737 2533 amatori
755 2468 981 2555 arniquitatis
998 2470 1219 2554 potissimum
1231 2465 1440 2554 qratifieari.

106 2560 417 2652 [M.CCCC.V11.)
459 2567 603 2636 Fraudis
624 2572 735 2635 autem
756 2567 855 2634 huius
883 2569 1072 2655 scripturae
1093 2569 1327 2656 antiquitatem
1348 2571 1439 2637 ossi-

105 2673 251 2740 mulandi
283 2678 379 2741 erant
411 2673 510 2760 periti
541 2672 688 2741 artifices
708 2673 906 2759 praesertim
936 2674 1122 2759 scriptores
1142 2673 1270 2742 librarii
1291 2673 1438 2742 Floren-
1571 2691 1575 2707 ³

105 2779 166 2844 tini
187 2797 228 2847 oc
249 2777 536 2846 Mediolanenses.

187 2883 368 2952 Adversus
387 2900 445 2967 ea,
468 2901 553 2967 quae
574 2880 684 2949 adbuc
698 2882 831 2966 prolata
845 2884 942 2971 sunt,
964 2879 1031 2947 duo
1046 2880 1220 2948 dumtaxat
1234 2881 1315 2949 novi
1329 2902 1438 2975 argu-

104 2992 217 3057 menta
250 2987 419 3056 contraria
451 2985 600 3052 Ernestii
629 2990 663 3052 et
692 2984 870 3052 Wunderl.
911 2984 998 3053 Nam
1028 2986 1210 3053 Lambinus
1243 2986 1374 3073 quidem
1401 2989 1437 3054 in

103 3089 292 3159 Aderotatt.
307 3092 356 3158 ad
376 3089 471 3178 Epp.
487 3076 599 3157 Fam(
610 3092 755 3177 quinque
776 3087 860 3158 Cdd.
874 3110 969 3176 snos,
1002 3093 1074 3156 tres
1094 3089 1332 3175 Memmianos,
1354 3091 1437 3159 ele-

104 3197 252 3265 ricanum
274 3199 308 3262 et
329 3195 556 3282 lluraitinum,
588 3212 768 3281 nusquam,
797 3192 886 3280 quad
906 3196 1024 3282 sciam,
1049 3191 1208 3261 Mediceo
1229 3196 1437 3282 antiquiores

10 3353 14 3365 .
102 3321 181 3370 esse
212 3299 400 3386 contendit,
438 3303 557 3368 eontra
587 3317 684 3385 quam
714 3298 841 3366 tactum
869 3299 912 3366 ab
943 3317 983 3365 eo
1012 3295 1198 3364 videbimus
1221 3300 1255 3363 in
1277 3298 1367 3384 Epp.
1391 3296 1437 3364 ad

104 3407 271 3493 Atticum,
292 3407 327 3472 et
347 3408 441 3471 recto
463 3402 610 3491 quidem,
633 3401 722 3490 quod
743 3403 865 3473 attinet
885 3400 930 3468 ad
950 3401 1222 3467 'l'ornaesianum
1264 3400 1337 3469 Nec
1351 3419 1436 3468 vero

104 3512 139 3579 td
160 3530 282 3602 magno
313 3528 415 3594 opere
445 3527 509 3574 nos
535 3505 773 3594 commovebit,
806 3506 862 3572 nbi
891 3505 1037 3573 Crltlcus
1059 3505 1180 3592 aliquis
1201 3499 1316 3571 Secull
1338 3501 1436 3571 XVI.

103 3616 352 3704 antiquissimos
374 3612 510 3680 codices
530 3631 551 3679 a
572 3631 611 3678 sc
632 3613 805 3696 inspectos
825 3611 948 3694 iactat,
971 3611 1066 3676 cuius
1081 3609 1219 3698 generis
1239 3626 1339 3674 unum
1361 3608 1436 3673 sal-

102 3701 171 3790 tem
192 3721 326 3789 aiteram
348 3719 533 3803 exemplum
555 3735 598 3783 ex
619 3715 670 3784 M
689 3715 818 3784 casalis
845 3712 1003 3797 Epistola
1023 3711 1068 3778 ad
1089 3711 1226 3779 Petrum
1248 3712 1436 3779 victorium

103 3819 312 3910 (Cdltalor.
324 3826 360 3891 et
373 3816 580 3890 Geunanor.
591 3819 685 3907 Epp.
697 3820 746 3885 ad
760 3815 803 3883 P.
821 3816 909 3883 Viet.
924 3815 997 3883 Vol.
1009 3813 1057 3880 ΙΙ.
1071 3835 1105 3902 p.
1116 3806 1260 3895 2139:
1283 3814 1434 3883 “Amabo

102 3935 155 4021 te,
177 3931 355 4000 considera
375 3933 410 3997 in
430 3930 494 4017 Ep·
512 3926 556 3995 ad
578 3924 725 4009 Appium
746 3917 936 4006 Claudium,
964 3919 1017 3987 cui
1044 3919 1243 4005 principium
1265 3921 1319 3986 est
1340 3915 1434 3986 Plu-

101 4017 198 4103 ribus
213 4037 341 4128 certia,
363 4054 441 4103 eum
455 4053 516 4121 eqo
532 4046 735 4118 coqrroeeere
756 4045 827 4093 τιοιι
848 4042 1000 4114 possem,
1023 4025 1094 4090 rint
1115 4041 1194 4090 cum
1215 4023 1265 4089 ad
1285 4022 1435 4090 biemem

100 4159 157 4206 ure
176 4159 225 4208 ea
241 4136 367 4207 Cilicia
381 4142 601 4225 recepissem,
625 4152 672 4199 err
688 4126 816 4198 Cilicia
829 4125 1009 4218 legendum
1022 4143 1180 4210 censeas,
1201 4142 1246 4191 an
1259 4145 1307 4192 en
1324 4123 1435 4213 Λείας

99 4244 192 4332 qaod
213 4245 373 4330 scriptum
393 4245 428 4308 in
449 4239 676 4307 vetustissimo
700 4234 817 4303 codice
839 4235 917 4300 olim
936 4226 1125 4320 Corinnae,
1162 4247 1236 4296 cum
1256 4230 1303 4296 ibi
1329 4228 1436 4297 docc-

98 4365 188 4434 rem,
223 4349 370 4415 notavi.»
415 4340 547 4412 Scimus
573 4340 747 4424 videlicet,
783 4338 851 4405 illis
872 4335 1078 4421 temporibus
1100 4336 1232 4401 omnino
1255 4332 1338 4400 nihil
1360 4333 1436 4401 ire-

100 4453 258 4541 queniius
279 4451 403 4538 fuisse,
426 4467 522 4540 quam
543 4449 581 4512 ut
601 4446 875 4533 venustissimae,
898 4444 936 4506 ut
957 4439 1111 4524 aiebant,
1138 4438 1282 4504 litterae
1299 4436 1436 4505 codices

95 4559 307 4624 vocarentur
334 4551 576 4622 membranacei
603 4567 711 4637 paene
743 4566 872 4631 omnes,
904 4545 927 4608 il
949 4560 1099 4630 quoque,
1131 4542 1189 4629 qul
1217 4542 1332 4629 paullo
1354 4543 1436 4607 anto

96 4663 272 4727 inventam
287 4657 547 4750 typographiam
561 4657 677 4722 essent
699 4651 841 4719 exarati.
861 4679 905 4694 -
925 4646 1105 4714 Ernestins
1127 4663 1212 4712 vero
1233 4647 1270 4710 ln
1290 4640 1435 4728 Praefi:

102 4761 248 4832 «codex
266 4783 377 4856 mern,
399 4764 522 4850 inquit,
544 4761 669 4826 ceteris
686 4759 863 4846 arrnqrdor
882 4757 952 4843 est,
979 4748 1104 4838 seculi,
1131 4753 1174 4817 ut
1190 4749 1346 4836 uidetur,
1369 4746 1436 4812 de-

99 4875 184 4938 cimi
210 4875 275 4936 aret
302 4869 512 4936 cormerimin
551 4881 617 4952 qua
644 4858 774 4948 quidem
801 4856 844 4925 de
872 4873 910 4924 re
935 4855 1106 4924 dubitarat
1127 4853 1193 4922 iam
1213 4848 1434 4956 Benedictus3

160 4982 232 5025 aaa
245 4979 268 5023 r.
282 4979 319 5027 ua
1053 4959 1093 4992 *ί
