3216 5408
597 210 657 274 ΕΡ.
678 210 731 274 ΔΙ)
757 207 970 273 octavium.
1381 210 1444 275 783

125 371 230 439 (licitis
249 369 403 437 dedisset:
433 377 557 433 veteres
578 362 762 431 vulneribus
784 372 817 429 et
837 372 936 430 aetate
957 364 1116 431 conlectos
1136 366 1273 434 lulianus
1297 365 1446 453 gladiato-

125 486 192 541 res,
221 473 348 550 egentes
369 460 519 545 reliquias
541 459 682 524 Caesaris
708 457 789 534 ludi,
817 457 858 523 ad
878 458 990 523 rudem
1011 459 1232 545 compulisset?
1258 463 1373 550 quibus
1392 463 1446 530 ille

123 569 249 645 saeptus
277 556 383 623 omnia
404 552 566 625 miseeret,
595 551 673 618 milli
700 561 861 636 parceret,
890 551 951 615 sibi
978 552 1113 630 viveret;
1146 555 1201 639 qui
1227 564 1384 643 tamquam
1412 561 1445 622 in

122 652 221 720 tlotali
242 646 441 716 matrimonio
469 665 538 710 rem
558 642 716 730 publicam
738 654 922 712 testamento
943 646 1076 732 legatam
1103 645 1164 712 sibi
1185 645 1351 720 obtineret.
1395 654 1445 716 10.

123 747 258 814 Audient
279 741 343 806 due
364 743 451 805 Decii
473 739 596 804 servire
617 759 672 804 eos
693 745 793 813 cives,
815 739 870 826 qui
892 747 928 804 ut
948 737 1091 804 hostibus
1111 741 1318 827 imperarent,
1347 744 1446 810 victo-
1470 772 1484 815 r

123 841 192 906 riae
214 856 249 899 se
271 834 475 901 devoverunt.
516 830 630 896 Audiet
651 835 683 899 C.
697 832 813 898 llarius
834 831 993 917 impudice
1015 832 1144 899 domino
1164 855 1275 919 parere
1296 855 1369 911 uos,
1392 836 1447 923 qui

124 952 164 997 ue
186 927 315 992 militem
337 926 463 1015 quidem
485 925 602 991 babere
623 927 723 992 voluit
744 927 804 992 uisi
825 925 984 1012 pudicum.
1026 927 1140 993 Audiet
1160 934 1274 994 Brutus
1295 950 1368 995 eum
1389 950 1446 1015 po-

123 1021 249 1108 pulum,
280 1042 373 1108 quem
403 1021 470 1107 ipse
490 1020 609 1106 primo,
637 1027 709 1106 post
729 1020 896 1104 progenies
921 1019 988 1084 eius
1010 1041 1027 1084 a
1049 1020 1176 1105 regibus
1197 1021 1357 1097 liberavit,
1386 1043 1445 1108 pro

124 1113 209 1200 turpi
230 1123 340 1201 stupro
362 1114 467 1179 datum
490 1114 523 1177 in
537 1114 731 1179 servitutem.
769 1116 857 1191 Quae
873 1112 1000 1200 quidem
1022 1114 1048 1180 si
1065 1114 1150 1179 nullo
1172 1114 1249 1189 alio,
1271 1136 1322 1180 me
1342 1124 1445 1181 tanim

125 1208 316 1274 intemuutio
337 1208 377 1273 ad
398 1208 468 1273 illes
491 1206 635 1271 celeriter
657 1205 847 1271 delerentur.
890 1212 965 1272 Nam
987 1206 1014 1272 si
1035 1208 1126 1273 rivus
1145 1207 1204 1273 ista
1224 1206 1483 1295 subterfugerem

125 1322 189 1367 uon
209 1312 339 1387 potere,
361 1322 424 1366 una
444 1321 516 1367 eum
538 1300 606 1365 istis
627 1299 721 1366 vitam
743 1299 835 1365 simul
856 1299 967 1386 lugere
988 1300 1125 1366 decrevi.

196 1518 223 1571 ³.
242 1520 323 1569 nullis
340 1520 371 1571 B.
398 1547 427 1559 -
465 1520 492 1572 t.
511 1520 688 1583 reipublicae
705 1526 725 1570 t.
745 1519 861 1587 leuatum
878 1519 911 1571 a.
938 1543 967 1555 -
1005 1520 1048 1572 10.
1067 1520 1185 1572 solertior
1202 1521 1239 1571 ad
1255 1520 1316 1571 tlter
1333 1520 1364 1571 n.
