<?xml version="1.0" encoding="UTF-8"?>
<!DOCTYPE html PUBLIC "-//W3C//DTD XHTML 1.0 Transitional//EN"
    "http://www.w3.org/TR/xhtml1/DTD/xhtml1-transitional.dtd">
<html xmlns="http://www.w3.org/1999/xhtml" xml:lang="en" lang="en">
 <head>
  <title>
</title>
<meta http-equiv="Content-Type" content="text/html;charset=utf-8" />
  <meta name='ocr-system' content='tesseract 3.04.00' />
  <meta name='ocr-capabilities' content='ocr_page ocr_carea ocr_par ocr_line ocrx_word'/>
</head>
<body>
  <div class='ocr_page' id='page_1' title='image "./operaquaesupers06halmgoog_0632.png"; bbox 0 0 3256 5400; ppageno 0'>
   <div class='ocr_carea' id='block_1_1' title="bbox 180 201 992 290">
    <p class='ocr_par' dir='ltr' id='par_1_1' title="bbox 180 201 992 290">
     <span class='ocr_line' id='line_1_1' title="bbox 180 201 992 290; baseline 0 -26"><span class='ocrx_word' id='word_1_1' title='bbox 180 203 241 264; x_wconf 79' lang='lat' dir='ltr'><strong>scr</strong></span> <span class='ocrx_word' id='word_1_2' title='bbox 665 201 723 262; x_wconf 84' lang='lat' dir='ltr'><strong>ur.</strong></span> <span class='ocrx_word' id='word_1_3' title='bbox 745 203 797 262; x_wconf 74' lang='lat' dir='ltr'><strong>nn</strong></span> <span class='ocrx_word' id='word_1_4' title='bbox 820 201 992 290; x_wconf 72' lang='lat' dir='ltr'><strong>urrisun</strong></span> 
     </span>
    </p>
   </div>
   <div class='ocr_carea' id='block_1_2' title="bbox 139 357 1514 2303">
    <p class='ocr_par' dir='ltr' id='par_1_2' title="bbox 139 357 1514 2303">
     <span class='ocr_line' id='line_1_2' title="bbox 183 357 1514 444; baseline -0.003 -20"><span class='ocrx_word' id='word_1_5' title='bbox 183 360 272 424; x_wconf 89' lang='lat' dir='ltr'><strong>Venit</strong></span> <span class='ocrx_word' id='word_1_6' title='bbox 291 357 331 422; x_wconf 92' lang='lat' dir='ltr'><strong>ad</strong></span> <span class='ocrx_word' id='word_1_7' title='bbox 354 379 402 421; x_wconf 90' lang='lat' dir='ltr'><strong>me</strong></span> <span class='ocrx_word' id='word_1_8' title='bbox 424 358 515 421; x_wconf 89' lang='lat' dir='ltr'><strong>etiam</strong></span> <span class='ocrx_word' id='word_1_9' title='bbox 539 359 577 433; x_wconf 89' lang='lat' dir='ltr'><strong>Q.</strong></span> <span class='ocrx_word' id='word_1_10' title='bbox 600 357 720 431; x_wconf 83' lang='lat' dir='ltr'><strong>Fufius,</strong></span> <span class='ocrx_word' id='word_1_11' title='bbox 750 377 814 443; x_wconf 90' lang='lat' dir='ltr'><strong>quo</strong></span> <span class='ocrx_word' id='word_1_12' title='bbox 837 358 939 422; x_wconf 84' lang='lat' dir='ltr'><strong>vultui</strong></span> <span class='ocrx_word' id='word_1_13' title='bbox 963 378 1026 443; x_wconf 89' lang='lat' dir='ltr'><strong>quo</strong></span> <span class='ocrx_word' id='word_1_14' title='bbox 1048 357 1175 442; x_wconf 81' lang='lat' dir='ltr'><strong>spiritu!</strong></span> <span class='ocrx_word' id='word_1_15' title='bbox 1197 378 1372 444; x_wconf 87' lang='lat' dir='ltr'><strong>properans</strong></span> <span class='ocrx_word' id='word_1_16' title='bbox 1402 363 1514 425; x_wconf 86' lang='lat' dir='ltr'><strong>Brun·</strong></span> 
     </span>
     <span class='ocr_line' id='line_1_3' title="bbox 180 450 1513 535; baseline -0.004 -16"><span class='ocrx_word' id='word_1_17' title='bbox 180 454 311 525; x_wconf 89' lang='lat' dir='ltr'><strong>disium,</strong></span> <span class='ocrx_word' id='word_1_18' title='bbox 343 451 443 516; x_wconf 90' lang='lat' dir='ltr'><strong>scelus</strong></span> <span class='ocrx_word' id='word_1_19' title='bbox 465 470 611 514; x_wconf 88' lang='lat' dir='ltr'><strong>accusans</strong></span> <span class='ocrx_word' id='word_1_20' title='bbox 632 450 789 535; x_wconf 87' lang='lat' dir='ltr'><strong>Pompeii,</strong></span> <span class='ocrx_word' id='word_1_21' title='bbox 824 450 979 514; x_wconf 86' lang='lat' dir='ltr'><strong>levitatem</strong></span> <span class='ocrx_word' id='word_1_22' title='bbox 1002 460 1032 514; x_wconf 89' lang='lat' dir='ltr'><strong>et</strong></span> <span class='ocrx_word' id='word_1_23' title='bbox 1054 450 1211 515; x_wconf 89' lang='lat' dir='ltr'><strong>stultitiam</strong></span> <span class='ocrx_word' id='word_1_24' title='bbox 1235 461 1369 517; x_wconf 86' lang='lat' dir='ltr'><strong>senatus.</strong></span> <span class='ocrx_word' id='word_1_25' title='bbox 1419 454 1513 515; x_wconf 80' lang='lat' dir='ltr'><strong>Haec</strong></span> 
     </span>
     <span class='ocr_line' id='line_1_4' title="bbox 181 543 1511 634; baseline -0.002 -23"><span class='ocrx_word' id='word_1_26' title='bbox 181 549 234 634; x_wconf 92' lang='lat' dir='ltr'><strong>qui</strong></span> <span class='ocrx_word' id='word_1_27' title='bbox 263 547 293 611; x_wconf 92' lang='lat' dir='ltr'><strong>in</strong></span> <span class='ocrx_word' id='word_1_28' title='bbox 323 567 390 610; x_wconf 88' lang='lat' dir='ltr'><strong>meu</strong></span> <span class='ocrx_word' id='word_1_29' title='bbox 419 544 491 608; x_wconf 88' lang='lat' dir='ltr'><strong>villu</strong></span> <span class='ocrx_word' id='word_1_30' title='bbox 521 565 582 608; x_wconf 90' lang='lat' dir='ltr'><strong>non</strong></span> <span class='ocrx_word' id='word_1_31' title='bbox 605 543 718 617; x_wconf 88' lang='lat' dir='ltr'><strong>leram,</strong></span> <span class='ocrx_word' id='word_1_32' title='bbox 754 544 893 609; x_wconf 76' lang='lat' dir='ltr'><strong>Curtium</strong></span> <span class='ocrx_word' id='word_1_33' title='bbox 917 544 948 607; x_wconf 93' lang='lat' dir='ltr'><strong>in</strong></span> <span class='ocrx_word' id='word_1_34' title='bbox 971 544 1058 608; x_wconf 93' lang='lat' dir='ltr'><strong>curia</strong></span> <span class='ocrx_word' id='word_1_35' title='bbox 1079 554 1192 630; x_wconf 92' lang='lat' dir='ltr'><strong>potero</strong></span> <span class='ocrx_word' id='word_1_36' title='bbox 1214 543 1322 610; x_wconf 80' lang='lat' dir='ltr'><strong>ferret</strong></span> <span class='ocrx_word' id='word_1_37' title='bbox 1359 551 1391 611; x_wconf 79' lang='lat'><strong>2.</strong></span> <span class='ocrx_word' id='word_1_38' title='bbox 1416 552 1511 630; x_wconf 80' lang='lat' dir='ltr'><strong>Age,</strong></span> 
     </span>
     <span class='ocr_line' id='line_1_5' title="bbox 181 636 1509 726; baseline 0 -23"><span class='ocrx_word' id='word_1_39' title='bbox 181 640 261 726; x_wconf 80' lang='lat' dir='ltr'><strong>linge</strong></span> <span class='ocrx_word' id='word_1_40' title='bbox 283 660 332 702; x_wconf 88' lang='lat' dir='ltr'><strong>me</strong></span> <span class='ocrx_word' id='word_1_41' title='bbox 355 637 495 723; x_wconf 85' lang='lat' dir='ltr'><strong>quamvis</strong></span> <span class='ocrx_word' id='word_1_42' title='bbox 516 639 724 720; x_wconf 76' lang='grc' dir='ltr'><em>εὖστομάχως</em></span> <span class='ocrx_word' id='word_1_43' title='bbox 747 636 822 701; x_wconf 88' lang='lat' dir='ltr'><strong>haec</strong></span> <span class='ocrx_word' id='word_1_44' title='bbox 845 636 1011 701; x_wconf 84' lang='lat' dir='ltr'><strong>serentem:</strong></span> <span class='ocrx_word' id='word_1_45' title='bbox 1040 637 1116 722; x_wconf 93' lang='lat' dir='ltr'><strong>quid</strong></span> <span class='ocrx_word' id='word_1_46' title='bbox 1137 638 1204 712; x_wconf 91' lang='lat' dir='ltr'><strong>illa,</strong></span> <span class='ocrx_word' id='word_1_47' title='bbox 1227 658 1285 705; x_wconf 85' lang='lat' dir='ltr'><strong>nlc</strong></span> <span class='ocrx_word' id='word_1_48' title='bbox 1308 645 1349 705; x_wconf 91' lang='grc' dir='ltr'><strong>Μ.</strong></span> <span class='ocrx_word' id='word_1_49' title='bbox 1373 646 1509 710; x_wconf 78' lang='lat' dir='ltr'><strong>Tveu,</strong></span> 
     </span>
     <span class='ocr_line' id='line_1_6' title="bbox 158 730 1510 819; baseline 0.001 -25"><span class='ocrx_word' id='word_1_50' title='bbox 158 755 272 819; x_wconf 70' lang='lat' dir='ltr'><strong>equom</strong></span> <span class='ocrx_word' id='word_1_51' title='bbox 302 730 460 796; x_wconf 89' lang='lat' dir='ltr'><strong>habebunt</strong></span> <span class='ocrx_word' id='word_1_52' title='bbox 491 731 632 796; x_wconf 83' lang='lat' dir='ltr'><strong>exitumt</strong></span> <span class='ocrx_word' id='word_1_53' title='bbox 672 736 710 795; x_wconf 93' lang='lat' dir='ltr'><strong>Et</strong></span> <span class='ocrx_word' id='word_1_54' title='bbox 743 730 852 794; x_wconf 92' lang='lat' dir='ltr'><strong>omitto</strong></span> <span class='ocrx_word' id='word_1_55' title='bbox 882 750 1005 794; x_wconf 91' lang='lat' dir='ltr'><strong>causam</strong></span> <span class='ocrx_word' id='word_1_56' title='bbox 1039 731 1089 795; x_wconf 90' lang='lat' dir='ltr'><strong>rei</strong></span> <span class='ocrx_word' id='word_1_57' title='bbox 1116 731 1282 817; x_wconf 88' lang='lat' dir='ltr'><strong>publicae,</strong></span> <span class='ocrx_word' id='word_1_58' title='bbox 1319 754 1415 819; x_wconf 91' lang='lat' dir='ltr'><strong>quam</strong></span> <span class='ocrx_word' id='word_1_59' title='bbox 1440 751 1510 816; x_wconf 80' lang='lat' dir='ltr'><strong>ego</strong></span> 
     </span>
     <span class='ocr_line' id='line_1_7' title="bbox 179 823 1510 914; baseline 0 -24"><span class='ocrx_word' id='word_1_60' title='bbox 179 827 324 891; x_wconf 87' lang='lat' dir='ltr'><strong>amissam</strong></span> <span class='ocrx_word' id='word_1_61' title='bbox 346 834 422 910; x_wconf 91' lang='lat' dir='ltr'><strong>puto</strong></span> <span class='ocrx_word' id='word_1_62' title='bbox 444 846 514 889; x_wconf 91' lang='lat' dir='ltr'><strong>cum</strong></span> <span class='ocrx_word' id='word_1_63' title='bbox 537 823 718 887; x_wconf 88' lang='lat' dir='ltr'><strong>vulneribus</strong></span> <span class='ocrx_word' id='word_1_64' title='bbox 740 824 824 895; x_wconf 88' lang='lat' dir='ltr'><strong>suis,</strong></span> <span class='ocrx_word' id='word_1_65' title='bbox 855 832 919 888; x_wconf 90' lang='lat' dir='ltr'><strong>tum</strong></span> <span class='ocrx_word' id='word_1_66' title='bbox 943 825 1174 891; x_wconf 66' lang='lat' dir='ltr'><strong>medicamentis</strong></span> <span class='ocrx_word' id='word_1_67' title='bbox 1196 827 1251 900; x_wconf 90' lang='lat' dir='ltr'><strong>iis,</strong></span> <span class='ocrx_word' id='word_1_68' title='bbox 1281 849 1360 913; x_wconf 93' lang='lat' dir='ltr'><strong>quae</strong></span> <span class='ocrx_word' id='word_1_69' title='bbox 1384 849 1510 914; x_wconf 89' lang='lat' dir='ltr'><strong>paran-</strong></span> 
     </span>
     <span class='ocr_line' id='line_1_8' title="bbox 179 917 1501 1007; baseline 0.003 -25"><span class='ocrx_word' id='word_1_70' title='bbox 179 928 245 983; x_wconf 92' lang='lat' dir='ltr'><strong>tur:</strong></span> <span class='ocrx_word' id='word_1_71' title='bbox 279 920 318 984; x_wconf 92' lang='lat' dir='ltr'><strong>de</strong></span> <span class='ocrx_word' id='word_1_72' title='bbox 341 919 491 1004; x_wconf 90' lang='lat' dir='ltr'><strong>Pompeio</strong></span> <span class='ocrx_word' id='word_1_73' title='bbox 513 917 588 1003; x_wconf 91' lang='lat' dir='ltr'><strong>qnid</strong></span> <span class='ocrx_word' id='word_1_74' title='bbox 609 922 720 1003; x_wconf 78' lang='lat' dir='ltr'><strong>agam?</strong></span> <span class='ocrx_word' id='word_1_75' title='bbox 755 917 806 981; x_wconf 90' lang='lat' dir='ltr'><strong>cui</strong></span> <span class='ocrx_word' id='word_1_76' title='bbox 828 917 919 1002; x_wconf 89' lang='lat' dir='ltr'><strong>plane</strong></span> <span class='ocrx_word' id='word_1_77' title='bbox 941 955 981 965; x_wconf 95' lang='lat'><em>-</em></span> <span class='ocrx_word' id='word_1_78' title='bbox 1004 918 1080 1003; x_wconf 92' lang='lat' dir='ltr'><strong>quid</strong></span> <span class='ocrx_word' id='word_1_79' title='bbox 1101 925 1185 984; x_wconf 91' lang='lat' dir='ltr'><strong>enim</strong></span> <span class='ocrx_word' id='word_1_80' title='bbox 1207 920 1266 985; x_wconf 89' lang='lat' dir='ltr'><strong>boc</strong></span> <span class='ocrx_word' id='word_1_81' title='bbox 1288 928 1426 1007; x_wconf 74' lang='lat' dir='ltr'><strong>negem?</strong></span> <span class='ocrx_word' id='word_1_82' title='bbox 1460 958 1501 966; x_wconf 92' lang='lat'>-</span> 
     </span>
     <span class='ocr_line' id='line_1_9' title="bbox 178 1013 1506 1101; baseline 0 -23"><span class='ocrx_word' id='word_1_83' title='bbox 178 1013 351 1079; x_wconf 88' lang='lat' dir='ltr'><strong>succensui.</strong></span> <span class='ocrx_word' id='word_1_84' title='bbox 395 1016 526 1097; x_wconf 78' lang='lat' dir='ltr'><strong>Semper</strong></span> <span class='ocrx_word' id='word_1_85' title='bbox 547 1013 630 1076; x_wconf 91' lang='lat' dir='ltr'><strong>enim</strong></span> <span class='ocrx_word' id='word_1_86' title='bbox 652 1033 702 1076; x_wconf 90' lang='lat' dir='ltr'><strong>me</strong></span> <span class='ocrx_word' id='word_1_87' title='bbox 723 1032 835 1075; x_wconf 87' lang='lat' dir='ltr'><strong>causae</strong></span> <span class='ocrx_word' id='word_1_88' title='bbox 857 1021 1041 1076; x_wconf 83' lang='lat' dir='ltr'><strong>eventorum</strong></span> <span class='ocrx_word' id='word_1_89' title='bbox 1065 1013 1162 1098; x_wconf 82' lang='lat' dir='ltr'><strong>magis</strong></span> <span class='ocrx_word' id='word_1_90' title='bbox 1178 1024 1303 1079; x_wconf 89' lang='lat' dir='ltr'><strong>movent</strong></span> <span class='ocrx_word' id='word_1_91' title='bbox 1318 1037 1414 1100; x_wconf 88' lang='lat' dir='ltr'><strong>quam</strong></span> <span class='ocrx_word' id='word_1_92' title='bbox 1430 1016 1506 1101; x_wconf 83' lang='lat' dir='ltr'><strong>ipsa</strong></span> 
     </span>
     <span class='ocr_line' id='line_1_10' title="bbox 179 1103 1507 1193; baseline 0.002 -23"><span class='ocrx_word' id='word_1_93' title='bbox 179 1117 298 1172; x_wconf 90' lang='lat' dir='ltr'><strong>eventa.</strong></span> <span class='ocrx_word' id='word_1_94' title='bbox 342 1110 425 1171; x_wconf 86' lang='lat' dir='ltr'><strong>Haec</strong></span> <span class='ocrx_word' id='word_1_95' title='bbox 446 1106 542 1191; x_wconf 77' lang='lat' dir='ltr'><strong>igitur</strong></span> <span class='ocrx_word' id='word_1_96' title='bbox 562 1107 641 1170; x_wconf 90' lang='lat' dir='ltr'><strong>mala</strong></span> <span class='ocrx_word' id='word_1_97' title='bbox 664 1138 704 1148; x_wconf 92' lang='lat'><em>-</em></span> <span class='ocrx_word' id='word_1_98' title='bbox 727 1103 840 1191; x_wconf 93' lang='lat' dir='ltr'><strong>quibus</strong></span> <span class='ocrx_word' id='word_1_99' title='bbox 863 1106 981 1170; x_wconf 90' lang='lat' dir='ltr'><strong>maiora</strong></span> <span class='ocrx_word' id='word_1_100' title='bbox 1003 1127 1072 1171; x_wconf 92' lang='lat' dir='ltr'><strong>esse</strong></span> <span class='ocrx_word' id='word_1_101' title='bbox 1086 1128 1167 1192; x_wconf 86' lang='lat' dir='ltr'><strong>quae</strong></span> <span class='ocrx_word' id='word_1_102' title='bbox 1183 1115 1334 1193; x_wconf 83' lang='lat' dir='ltr'><strong>possuntt</strong></span> <span class='ocrx_word' id='word_1_103' title='bbox 1356 1145 1400 1156; x_wconf 91' lang='lat'><em>-</em></span> <span class='ocrx_word' id='word_1_104' title='bbox 1423 1130 1507 1177; x_wconf 82' lang='lat' dir='ltr'><strong>con-</strong></span> 
     </span>
     <span class='ocr_line' id='line_1_11' title="bbox 144 1199 1507 1287; baseline 0.004 -24"><span class='ocrx_word' id='word_1_105' title='bbox 144 1200 318 1265; x_wconf 77' lang='lat' dir='ltr'><strong>ttsiderans</strong></span> <span class='ocrx_word' id='word_1_106' title='bbox 345 1201 394 1265; x_wconf 84' lang='lat' dir='ltr'><strong>vel</strong></span> <span class='ocrx_word' id='word_1_107' title='bbox 425 1201 528 1285; x_wconf 90' lang='lat' dir='ltr'><strong>potius</strong></span> <span class='ocrx_word' id='word_1_108' title='bbox 557 1199 695 1264; x_wconf 90' lang='lat' dir='ltr'><strong>iudicans</strong></span> <span class='ocrx_word' id='word_1_109' title='bbox 728 1199 796 1263; x_wconf 88' lang='lat' dir='ltr'><strong>eius</strong></span> <span class='ocrx_word' id='word_1_110' title='bbox 826 1218 923 1283; x_wconf 84' lang='lat' dir='ltr'><strong>opera</strong></span> <span class='ocrx_word' id='word_1_111' title='bbox 953 1200 1103 1265; x_wconf 87' lang='lat' dir='ltr'><strong>accidisse</strong></span> <span class='ocrx_word' id='word_1_112' title='bbox 1133 1209 1164 1265; x_wconf 90' lang='lat' dir='ltr'><strong>et</strong></span> <span class='ocrx_word' id='word_1_113' title='bbox 1196 1201 1299 1287; x_wconf 91' lang='lat' dir='ltr'><strong>culpa,</strong></span> <span class='ocrx_word' id='word_1_114' title='bbox 1337 1203 1507 1269; x_wconf 89' lang='lat' dir='ltr'><strong>inimicior</strong></span> 
     </span>
     <span class='ocr_line' id='line_1_12' title="bbox 178 1286 1506 1380; baseline 0.005 -23"><span class='ocrx_word' id='word_1_115' title='bbox 178 1314 263 1357; x_wconf 92' lang='lat' dir='ltr'><strong>eram</strong></span> <span class='ocrx_word' id='word_1_116' title='bbox 286 1292 357 1357; x_wconf 90' lang='lat' dir='ltr'><strong>huic</strong></span> <span class='ocrx_word' id='word_1_117' title='bbox 379 1315 472 1380; x_wconf 87' lang='lat' dir='ltr'><strong>quam</strong></span> <span class='ocrx_word' id='word_1_118' title='bbox 494 1293 553 1379; x_wconf 91' lang='lat' dir='ltr'><strong>ipsi</strong></span> <span class='ocrx_word' id='word_1_119' title='bbox 575 1293 714 1370; x_wconf 89' lang='lat' dir='ltr'><strong>Caesari;</strong></span> <span class='ocrx_word' id='word_1_120' title='bbox 751 1302 785 1356; x_wconf 93' lang='lat' dir='ltr'><strong>ut</strong></span> <span class='ocrx_word' id='word_1_121' title='bbox 806 1292 942 1357; x_wconf 90' lang='lat' dir='ltr'><strong>maiores</strong></span> <span class='ocrx_word' id='word_1_122' title='bbox 971 1294 1070 1358; x_wconf 92' lang='lat' dir='ltr'><strong>nostri</strong></span> <span class='ocrx_word' id='word_1_123' title='bbox 1092 1286 1297 1359; x_wconf 76' lang='lat' dir='ltr'><strong>funestiorem</strong></span> <span class='ocrx_word' id='word_1_124' title='bbox 1320 1296 1404 1363; x_wconf 91' lang='lat' dir='ltr'><strong>diem</strong></span> <span class='ocrx_word' id='word_1_125' title='bbox 1427 1319 1506 1363; x_wconf 86' lang='lat' dir='ltr'><strong>esse</strong></span> 
     </span>
     <span class='ocr_line' id='line_1_13' title="bbox 179 1385 1505 1473; baseline 0.005 -23"><span class='ocrx_word' id='word_1_126' title='bbox 179 1386 344 1451; x_wconf 85' lang='lat' dir='ltr'><strong>voluerunt</strong></span> <span class='ocrx_word' id='word_1_127' title='bbox 364 1387 507 1452; x_wconf 83' lang='lat' dir='ltr'><strong>Alliensis</strong></span> <span class='ocrx_word' id='word_1_128' title='bbox 529 1407 650 1472; x_wconf 82' lang='lat' dir='ltr'><strong>pugnae</strong></span> <span class='ocrx_word' id='word_1_129' title='bbox 673 1407 764 1473; x_wconf 92' lang='lat' dir='ltr'><strong>quam</strong></span> <span class='ocrx_word' id='word_1_130' title='bbox 788 1385 878 1451; x_wconf 91' lang='lat' dir='ltr'><strong>Urbis</strong></span> <span class='ocrx_word' id='word_1_131' title='bbox 900 1396 1022 1471; x_wconf 88' lang='lat' dir='ltr'><strong>captae;</strong></span> <span class='ocrx_word' id='word_1_132' title='bbox 1045 1386 1129 1473; x_wconf 91' lang='lat' dir='ltr'><strong>quod</strong></span> <span class='ocrx_word' id='word_1_133' title='bbox 1152 1388 1212 1453; x_wconf 90' lang='lat' dir='ltr'><strong>hoc</strong></span> <span class='ocrx_word' id='word_1_134' title='bbox 1234 1390 1348 1455; x_wconf 90' lang='lat' dir='ltr'><strong>malum</strong></span> <span class='ocrx_word' id='word_1_135' title='bbox 1366 1413 1410 1455; x_wconf 83' lang='lat' dir='ltr'><strong>ex</strong></span> <span class='ocrx_word' id='word_1_136' title='bbox 1425 1392 1505 1467; x_wconf 86' lang='lat' dir='ltr'><strong>itto;</strong></span> 
     </span>
     <span class='ocr_line' id='line_1_14' title="bbox 177 1478 1505 1569; baseline 0.006 -26"><span class='ocrx_word' id='word_1_137' title='bbox 177 1479 281 1566; x_wconf 88' lang='lat' dir='ltr'><strong>itaque</strong></span> <span class='ocrx_word' id='word_1_138' title='bbox 304 1482 382 1545; x_wconf 86' lang='lat' dir='ltr'><strong>alter</strong></span> <span class='ocrx_word' id='word_1_139' title='bbox 401 1481 567 1565; x_wconf 83' lang='lat' dir='ltr'><strong>religiosus</strong></span> <span class='ocrx_word' id='word_1_140' title='bbox 589 1482 764 1544; x_wconf 83' lang='lat' dir='ltr'><strong>etiamnunc</strong></span> <span class='ocrx_word' id='word_1_141' title='bbox 786 1478 872 1553; x_wconf 89' lang='lat' dir='ltr'><strong>dies,</strong></span> <span class='ocrx_word' id='word_1_142' title='bbox 895 1479 973 1544; x_wconf 90' lang='lat' dir='ltr'><strong>alter</strong></span> <span class='ocrx_word' id='word_1_143' title='bbox 994 1481 1026 1544; x_wconf 93' lang='lat' dir='ltr'><strong>in</strong></span> <span class='ocrx_word' id='word_1_144' title='bbox 1048 1480 1159 1565; x_wconf 79' lang='lat' dir='ltr'><strong>vulgus</strong></span> <span class='ocrx_word' id='word_1_145' title='bbox 1181 1482 1327 1566; x_wconf 84' lang='lat' dir='ltr'><strong>ignotus:</strong></span> <span class='ocrx_word' id='word_1_146' title='bbox 1350 1484 1398 1548; x_wconf 91' lang='lat' dir='ltr'><strong>sic</strong></span> <span class='ocrx_word' id='word_1_147' title='bbox 1419 1507 1505 1569; x_wconf 78' lang='lat' dir='ltr'><strong>ego,</strong></span> 
     </span>
     <span class='ocr_line' id='line_1_15' title="bbox 177 1572 1505 1659; baseline 0.002 -19"><span class='ocrx_word' id='word_1_148' title='bbox 177 1574 285 1640; x_wconf 89' lang='lat' dir='ltr'><strong>decem</strong></span> <span class='ocrx_word' id='word_1_149' title='bbox 314 1595 467 1639; x_wconf 90' lang='lat' dir='ltr'><strong>annorum</strong></span> <span class='ocrx_word' id='word_1_150' title='bbox 497 1583 621 1659; x_wconf 86' lang='lat' dir='ltr'><strong>peccata</strong></span> <span class='ocrx_word' id='word_1_151' title='bbox 651 1572 835 1646; x_wconf 90' lang='lat' dir='ltr'><strong>recordans,</strong></span> <span class='ocrx_word' id='word_1_152' title='bbox 863 1573 896 1637; x_wconf 92' lang='lat' dir='ltr'><strong>in</strong></span> <span class='ocrx_word' id='word_1_153' title='bbox 925 1573 1038 1659; x_wconf 92' lang='lat' dir='ltr'><strong>quibus</strong></span> <span class='ocrx_word' id='word_1_154' title='bbox 1060 1574 1161 1639; x_wconf 88' lang='lat' dir='ltr'><strong>inerat</strong></span> <span class='ocrx_word' id='word_1_155' title='bbox 1187 1575 1238 1640; x_wconf 91' lang='lat' dir='ltr'><strong>ille</strong></span> <span class='ocrx_word' id='word_1_156' title='bbox 1261 1577 1354 1641; x_wconf 87' lang='lat' dir='ltr'><strong>ctiam</strong></span> <span class='ocrx_word' id='word_1_157' title='bbox 1377 1600 1505 1650; x_wconf 89' lang='lat' dir='ltr'><strong>annus,</strong></span> 
     </span>
     <span class='ocr_line' id='line_1_16' title="bbox 142 1666 1505 1756; baseline 0.002 -22"><span class='ocrx_word' id='word_1_158' title='bbox 142 1670 232 1756; x_wconf 78' lang='lat' dir='ltr'><strong>oqui</strong></span> <span class='ocrx_word' id='word_1_159' title='bbox 254 1690 326 1742; x_wconf 90' lang='lat' dir='ltr'><strong>uos,</strong></span> <span class='ocrx_word' id='word_1_160' title='bbox 356 1668 416 1733; x_wconf 89' lang='lat' dir='ltr'><strong>hoc</strong></span> <span class='ocrx_word' id='word_1_161' title='bbox 437 1690 499 1733; x_wconf 93' lang='lat' dir='ltr'><strong>uon</strong></span> <span class='ocrx_word' id='word_1_162' title='bbox 522 1667 723 1741; x_wconf 79' lang='lat' dir='ltr'><strong>defendente,</strong></span> <span class='ocrx_word' id='word_1_163' title='bbox 751 1688 790 1731; x_wconf 90' lang='lat' dir='ltr'><strong>ne</strong></span> <span class='ocrx_word' id='word_1_164' title='bbox 812 1666 912 1732; x_wconf 93' lang='lat' dir='ltr'><strong>dicam</strong></span> <span class='ocrx_word' id='word_1_165' title='bbox 934 1668 1076 1752; x_wconf 78' lang='lat' dir='ltr'><strong>gravius,</strong></span> <span class='ocrx_word' id='word_1_166' title='bbox 1105 1668 1274 1744; x_wconf 82' lang='lat' dir='ltr'><strong>afflixerat,</strong></span> <span class='ocrx_word' id='word_1_167' title='bbox 1304 1673 1505 1756; x_wconf 90' lang='lat' dir='ltr'><strong>praesentis-</strong></span> 
     </span>
     <span class='ocr_line' id='line_1_17' title="bbox 177 1762 1506 1849; baseline 0.002 -23"><span class='ocrx_word' id='word_1_168' title='bbox 177 1784 237 1849; x_wconf 90' lang='lat' dir='ltr'><strong>que</strong></span> <span class='ocrx_word' id='word_1_169' title='bbox 265 1763 415 1846; x_wconf 89' lang='lat' dir='ltr'><strong>temporis</strong></span> <span class='ocrx_word' id='word_1_170' title='bbox 446 1782 637 1847; x_wconf 81' lang='lat' dir='ltr'><strong>cognoscens</strong></span> <span class='ocrx_word' id='word_1_171' title='bbox 669 1762 888 1833; x_wconf 78' lang='lat' dir='ltr'><strong>temeritatem,</strong></span> <span class='ocrx_word' id='word_1_172' title='bbox 917 1762 1086 1845; x_wconf 86' lang='lat' dir='ltr'><strong>ignaviam,</strong></span> <span class='ocrx_word' id='word_1_173' title='bbox 1116 1762 1335 1847; x_wconf 79' lang='lat' dir='ltr'><strong>negligentiam</strong></span> <span class='ocrx_word' id='word_1_174' title='bbox 1365 1785 1506 1829; x_wconf 89' lang='lat' dir='ltr'><strong>succen-</strong></span> 
     </span>
     <span class='ocr_line' id='line_1_18' title="bbox 176 1855 1503 1942; baseline 0.002 -22"><span class='ocrx_word' id='word_1_175' title='bbox 176 1856 292 1921; x_wconf 84' lang='lat' dir='ltr'><strong>sebam.</strong></span> <span class='ocrx_word' id='word_1_176' title='bbox 349 1862 379 1922; x_wconf 88' lang='lat'><strong>3.</strong></span> <span class='ocrx_word' id='word_1_177' title='bbox 408 1856 468 1921; x_wconf 91' lang='lat' dir='ltr'><strong>Sed</strong></span> <span class='ocrx_word' id='word_1_178' title='bbox 505 1878 540 1919; x_wconf 90' lang='lat' dir='ltr'><strong>ea</strong></span> <span class='ocrx_word' id='word_1_179' title='bbox 570 1855 632 1919; x_wconf 92' lang='lat' dir='ltr'><strong>iam</strong></span> <span class='ocrx_word' id='word_1_180' title='bbox 660 1855 736 1919; x_wconf 91' lang='lat' dir='ltr'><strong>mibi</strong></span> <span class='ocrx_word' id='word_1_181' title='bbox 771 1855 964 1920; x_wconf 85' lang='lat' dir='ltr'><strong>exciderunt.</strong></span> <span class='ocrx_word' id='word_1_182' title='bbox 1017 1855 1171 1920; x_wconf 86' lang='lat' dir='ltr'><strong>Beneficia</strong></span> <span class='ocrx_word' id='word_1_183' title='bbox 1200 1857 1340 1923; x_wconf 89' lang='lat' dir='ltr'><strong>eiusdem</strong></span> <span class='ocrx_word' id='word_1_184' title='bbox 1372 1859 1503 1942; x_wconf 75' lang='lat' dir='ltr'><strong>cogit03</strong></span> 
     </span>
     <span class='ocr_line' id='line_1_19' title="bbox 175 1949 1503 2036; baseline 0.002 -23"><span class='ocrx_word' id='word_1_185' title='bbox 175 1950 279 2033; x_wconf 78' lang='lat' dir='ltr'><strong>cogito</strong></span> <span class='ocrx_word' id='word_1_186' title='bbox 301 1950 393 2014; x_wconf 90' lang='lat' dir='ltr'><strong>etiam</strong></span> <span class='ocrx_word' id='word_1_187' title='bbox 416 1949 606 2033; x_wconf 78' lang='lat' dir='ltr'><strong>dignitatem.</strong></span> <span class='ocrx_word' id='word_1_188' title='bbox 649 1949 812 2035; x_wconf 78' lang='lat' dir='ltr'><strong>Intelligo,</strong></span> <span class='ocrx_word' id='word_1_189' title='bbox 836 1949 938 2014; x_wconf 88' lang='lat' dir='ltr'><strong>serius</strong></span> <span class='ocrx_word' id='word_1_190' title='bbox 960 1949 1121 2035; x_wconf 88' lang='lat' dir='ltr'><strong>equidem,</strong></span> <span class='ocrx_word' id='word_1_191' title='bbox 1149 1971 1241 2035; x_wconf 90' lang='lat' dir='ltr'><strong>quam</strong></span> <span class='ocrx_word' id='word_1_192' title='bbox 1263 1951 1396 2023; x_wconf 90' lang='lat' dir='ltr'><strong>vellem,</strong></span> <span class='ocrx_word' id='word_1_193' title='bbox 1420 1971 1503 2036; x_wconf 90' lang='lat' dir='ltr'><strong>pro·</strong></span> 
     </span>
     <span class='ocr_line' id='line_1_20' title="bbox 174 2041 1503 2129; baseline 0.002 -23"><span class='ocrx_word' id='word_1_194' title='bbox 174 2052 245 2128; x_wconf 91' lang='lat' dir='ltr'><strong>pter</strong></span> <span class='ocrx_word' id='word_1_195' title='bbox 267 2044 412 2129; x_wconf 88' lang='lat' dir='ltr'><strong>epistolas</strong></span> <span class='ocrx_word' id='word_1_196' title='bbox 434 2064 658 2129; x_wconf 90' lang='lat' dir='ltr'><strong>sermonesque</strong></span> <span class='ocrx_word' id='word_1_197' title='bbox 679 2042 783 2120; x_wconf 89' lang='lat' dir='ltr'><strong>Balbi;</strong></span> <span class='ocrx_word' id='word_1_198' title='bbox 815 2043 871 2107; x_wconf 92' lang='lat' dir='ltr'><strong>sed</strong></span> <span class='ocrx_word' id='word_1_199' title='bbox 893 2041 985 2107; x_wconf 82' lang='lat' dir='ltr'><strong>video</strong></span> <span class='ocrx_word' id='word_1_200' title='bbox 1007 2045 1096 2129; x_wconf 87' lang='lat' dir='ltr'><strong>plane</strong></span> <span class='ocrx_word' id='word_1_201' title='bbox 1119 2044 1195 2108; x_wconf 93' lang='lat' dir='ltr'><strong>nibil</strong></span> <span class='ocrx_word' id='word_1_202' title='bbox 1217 2045 1302 2109; x_wconf 91' lang='lat' dir='ltr'><strong>aliud</strong></span> <span class='ocrx_word' id='word_1_203' title='bbox 1323 2044 1391 2129; x_wconf 78' lang='lat' dir='ltr'><strong>agi,</strong></span> <span class='ocrx_word' id='word_1_204' title='bbox 1416 2044 1503 2109; x_wconf 91' lang='lat' dir='ltr'><strong>nibil</strong></span> 
     </span>
     <span class='ocr_line' id='line_1_21' title="bbox 139 2136 1503 2225; baseline 0.001 -23"><span class='ocrx_word' id='word_1_205' title='bbox 139 2146 167 2188; x_wconf 60' lang='grc' dir='ltr'><strong>ί·</strong></span> <span class='ocrx_word' id='word_1_206' title='bbox 176 2148 278 2202; x_wconf 90' lang='lat' dir='ltr'><strong>actum</strong></span> <span class='ocrx_word' id='word_1_207' title='bbox 309 2136 348 2201; x_wconf 93' lang='lat' dir='ltr'><strong>ab</strong></span> <span class='ocrx_word' id='word_1_208' title='bbox 378 2137 481 2210; x_wconf 92' lang='lat' dir='ltr'><strong>initio,</strong></span> <span class='ocrx_word' id='word_1_209' title='bbox 521 2158 613 2222; x_wconf 89' lang='lat' dir='ltr'><strong>quam</strong></span> <span class='ocrx_word' id='word_1_210' title='bbox 631 2146 669 2211; x_wconf 30' lang='lat' dir='ltr'><strong>,ut</strong></span> <span class='ocrx_word' id='word_1_211' title='bbox 690 2137 772 2201; x_wconf 92' lang='lat' dir='ltr'><strong>bunc</strong></span> <span class='ocrx_word' id='word_1_212' title='bbox 793 2136 960 2204; x_wconf 90' lang='lat' dir='ltr'><strong>occideret.</strong></span> <span class='ocrx_word' id='word_1_213' title='bbox 1004 2142 1070 2222; x_wconf 79' lang='lat' dir='ltr'><strong>Ego</strong></span> <span class='ocrx_word' id='word_1_214' title='bbox 1092 2136 1205 2222; x_wconf 80' lang='lat' dir='ltr'><strong>igitur,</strong></span> <span class='ocrx_word' id='word_1_215' title='bbox 1228 2139 1290 2218; x_wconf 85' lang='lat' dir='ltr'><strong>†si</strong></span> <span class='ocrx_word' id='word_1_216' title='bbox 1311 2138 1389 2225; x_wconf 94' lang='lat' dir='ltr'><strong>quid</strong></span> <span class='ocrx_word' id='word_1_217' title='bbox 1411 2137 1503 2224; x_wconf 87' lang='lat' dir='ltr'><strong>apud</strong></span> 
     </span>
     <span class='ocr_line' id='line_1_22' title="bbox 176 2229 909 2303; baseline -0.001 -8"><span class='ocrx_word' id='word_1_218' title='bbox 176 2234 362 2303; x_wconf 86' lang='lat' dir='ltr'><strong>Homerum,</strong></span> <span class='ocrx_word' id='word_1_219' title='bbox 387 2231 438 2295; x_wconf 91' lang='lat' dir='ltr'><strong>cui</strong></span> <span class='ocrx_word' id='word_1_220' title='bbox 460 2240 491 2294; x_wconf 90' lang='lat' dir='ltr'><strong>et</strong></span> <span class='ocrx_word' id='word_1_221' title='bbox 511 2240 609 2295; x_wconf 90' lang='lat' dir='ltr'><strong>mater</strong></span> <span class='ocrx_word' id='word_1_222' title='bbox 631 2238 663 2294; x_wconf 90' lang='lat' dir='ltr'><strong>et</strong></span> <span class='ocrx_word' id='word_1_223' title='bbox 683 2229 741 2294; x_wconf 90' lang='lat' dir='ltr'><strong>dea</strong></span> <span class='ocrx_word' id='word_1_224' title='bbox 763 2230 909 2303; x_wconf 83' lang='lat' dir='ltr'><strong>dixisset,</strong></span> 
     </span>
    </p>
   </div>
   <div class='ocr_carea' id='block_1_3' title="bbox 177 2352 1284 2559">
    <p class='ocr_par' dir='ltr' id='par_1_3' title="bbox 177 2352 1284 2559">
     <span class='ocr_line' id='line_1_23' title="bbox 302 2352 1284 2437; baseline 0.002 -21"><span class='ocrx_word' id='word_1_225' title='bbox 302 2355 428 2417; x_wconf 77' lang='grc' dir='ltr'><em>Αὐτίκα</em></span> <span class='ocrx_word' id='word_1_226' title='bbox 451 2353 515 2437; x_wconf 82' lang='grc' dir='ltr'><strong>γάρ</strong></span> <span class='ocrx_word' id='word_1_227' title='bbox 538 2379 587 2418; x_wconf 83' lang='grc' dir='ltr'><strong>τοι</strong></span> <span class='ocrx_word' id='word_1_228' title='bbox 609 2353 721 2418; x_wconf 81' lang='grc' dir='ltr'><em>ἔπειτα</em></span> <span class='ocrx_word' id='word_1_229' title='bbox 741 2354 812 2435; x_wconf 59' lang='grc' dir='ltr'><strong>μεθ’</strong></span> <span class='ocrx_word' id='word_1_230' title='bbox 828 2352 976 2436; x_wconf 80' lang='grc' dir='ltr'><em>Ἕκτορα</em></span> <span class='ocrx_word' id='word_1_231' title='bbox 999 2352 1119 2436; x_wconf 79' lang='grc' dir='ltr'><em>πότμος</em></span> <span class='ocrx_word' id='word_1_232' title='bbox 1141 2354 1284 2437; x_wconf 78' lang='grc' dir='ltr'><em>ἕτοιμος,</em></span> 
     </span>
     <span class='ocr_line' id='line_1_24' title="bbox 177 2472 553 2559; baseline 0.003 -23"><span class='ocrx_word' id='word_1_233' title='bbox 177 2472 268 2537; x_wconf 90' lang='lat' dir='ltr'><strong>matri</strong></span> <span class='ocrx_word' id='word_1_234' title='bbox 290 2477 356 2558; x_wconf 91' lang='lat' dir='ltr'><strong>ipse</strong></span> <span class='ocrx_word' id='word_1_235' title='bbox 378 2472 553 2559; x_wconf 91' lang='lat' dir='ltr'><strong>respoudit,</strong></span> 
     </span>
    </p>
   </div>
   <div class='ocr_carea' id='block_1_4' title="bbox 139 2594 1150 2774">
    <p class='ocr_par' dir='ltr' id='par_1_4' title="bbox 139 2594 1150 2774">
     <span class='ocr_line' id='line_1_25' title="bbox 302 2594 1150 2681; baseline 0.002 -22"><span class='ocrx_word' id='word_1_236' title='bbox 302 2599 428 2660; x_wconf 81' lang='grc' dir='ltr'><em>Λύτίκα</em></span> <span class='ocrx_word' id='word_1_237' title='bbox 451 2602 616 2674; x_wconf 60' lang='grc' dir='ltr'><em>τεθναίην,</em></span> <span class='ocrx_word' id='word_1_238' title='bbox 639 2606 707 2662; x_wconf 75' lang='grc' dir='ltr'><strong>ἐπεὶ</strong></span> <span class='ocrx_word' id='word_1_239' title='bbox 728 2598 788 2662; x_wconf 77' lang='grc' dir='ltr'><strong>οὐκ</strong></span> <span class='ocrx_word' id='word_1_240' title='bbox 809 2595 854 2681; x_wconf 83' lang='grc' dir='ltr'><strong>ἄῤ</strong></span> <span class='ocrx_word' id='word_1_241' title='bbox 878 2594 1012 2678; x_wconf 75' lang='grc' dir='ltr'><em>ἔμελλον</em></span> <span class='ocrx_word' id='word_1_242' title='bbox 1033 2605 1150 2679; x_wconf 79' lang='grc' dir='ltr'><em>ἑταίρῳ</em></span> 
     </span>
     <span class='ocr_line' id='line_1_26' title="bbox 139 2694 707 2774; baseline 0.007 -23"><span class='ocrx_word' id='word_1_243' title='bbox 139 2710 167 2751; x_wconf 80' lang='lat' dir='ltr'><strong>aa</strong></span> <span class='ocrx_word' id='word_1_244' title='bbox 302 2694 505 2772; x_wconf 70' lang='grc' dir='ltr'><em>Κτεινομένῳ</em></span> <span class='ocrx_word' id='word_1_245' title='bbox 527 2695 707 2774; x_wconf 74' lang='grc' dir='ltr'><em>ἐπαμῦναι·</em></span> 
     </span>
    </p>
   </div>
   <div class='ocr_carea' id='block_1_5' title="bbox 175 2810 1495 3460">
    <p class='ocr_par' dir='ltr' id='par_1_5' title="bbox 175 2810 1495 3460">
     <span class='ocr_line' id='line_1_27' title="bbox 176 2810 1495 2898; baseline 0.002 -22"><span class='ocrx_word' id='word_1_246' title='bbox 176 2812 267 2898; x_wconf 90' lang='lat' dir='ltr'><strong>quid,</strong></span> <span class='ocrx_word' id='word_1_247' title='bbox 290 2812 400 2875; x_wconf 91' lang='lat' dir='ltr'><strong>sinon</strong></span> <span class='ocrx_word' id='word_1_248' title='bbox 422 2821 538 2894; x_wconf 80' lang='grc' dir='ltr'><em>ἑταίρῳ</em></span> <span class='ocrx_word' id='word_1_249' title='bbox 561 2811 680 2884; x_wconf 90' lang='lat' dir='ltr'><strong>solum,</strong></span> <span class='ocrx_word' id='word_1_250' title='bbox 704 2810 759 2876; x_wconf 91' lang='lat' dir='ltr'><strong>sed</strong></span> <span class='ocrx_word' id='word_1_251' title='bbox 781 2811 1067 2898; x_wconf 56' lang='lat' dir='ltr'><strong>etiamedspycrp?</strong></span> <span class='ocrx_word' id='word_1_252' title='bbox 1105 2810 1200 2885; x_wconf 91' lang='lat' dir='ltr'><strong>adde,</strong></span> <span class='ocrx_word' id='word_1_253' title='bbox 1231 2811 1285 2876; x_wconf 89' lang='lat' dir='ltr'><strong>tali</strong></span> <span class='ocrx_word' id='word_1_254' title='bbox 1305 2812 1375 2876; x_wconf 82' lang='lat' dir='ltr'><strong>viro</strong></span> <span class='ocrx_word' id='word_1_255' title='bbox 1398 2814 1495 2878; x_wconf 88' lang='lat' dir='ltr'><strong>talem</strong></span> 
     </span>
     <span class='ocr_line' id='line_1_28' title="bbox 175 2903 1495 2991; baseline 0 -20"><span class='ocrx_word' id='word_1_256' title='bbox 175 2927 299 2971; x_wconf 88' lang='lat' dir='ltr'><strong>causam</strong></span> <span class='ocrx_word' id='word_1_257' title='bbox 321 2909 441 2988; x_wconf 61' lang='lat' dir='ltr'><strong>argentm</strong></span> <span class='ocrx_word' id='word_1_258' title='bbox 466 2914 497 2968; x_wconf 96' lang='lat' dir='ltr'><strong>et</strong></span> <span class='ocrx_word' id='word_1_259' title='bbox 514 2925 572 2989; x_wconf 84' lang='lat' dir='ltr'><strong>ego</strong></span> <span class='ocrx_word' id='word_1_260' title='bbox 589 2926 663 2969; x_wconf 90' lang='lat' dir='ltr'><strong>vero</strong></span> <span class='ocrx_word' id='word_1_261' title='bbox 685 2903 761 2969; x_wconf 90' lang='lat' dir='ltr'><strong>baec</strong></span> <span class='ocrx_word' id='word_1_262' title='bbox 776 2904 876 2968; x_wconf 83' lang='lat' dir='ltr'><strong>officia</strong></span> <span class='ocrx_word' id='word_1_263' title='bbox 891 2904 1056 2969; x_wconf 89' lang='lat' dir='ltr'><strong>mercanda</strong></span> <span class='ocrx_word' id='word_1_264' title='bbox 1072 2904 1134 2968; x_wconf 83' lang='lat' dir='ltr'><strong>vita</strong></span> <span class='ocrx_word' id='word_1_265' title='bbox 1150 2913 1236 2989; x_wconf 90' lang='lat' dir='ltr'><strong>puto.</strong></span> <span class='ocrx_word' id='word_1_266' title='bbox 1281 2906 1495 2991; x_wconf 86' lang='lat' dir='ltr'><strong>Optimatibus</strong></span> 
     </span>
     <span class='ocr_line' id='line_1_29' title="bbox 176 2996 1494 3083; baseline -0.001 -19"><span class='ocrx_word' id='word_1_267' title='bbox 176 3020 252 3064; x_wconf 91' lang='lat' dir='ltr'><strong>vero</strong></span> <span class='ocrx_word' id='word_1_268' title='bbox 281 2998 341 3062; x_wconf 90' lang='lat' dir='ltr'><strong>tuis</strong></span> <span class='ocrx_word' id='word_1_269' title='bbox 371 2997 446 3061; x_wconf 90' lang='lat' dir='ltr'><strong>nibil</strong></span> <span class='ocrx_word' id='word_1_270' title='bbox 468 2996 605 3068; x_wconf 90' lang='lat' dir='ltr'><strong>conlido,</strong></span> <span class='ocrx_word' id='word_1_271' title='bbox 643 2996 804 3062; x_wconf 78' lang='lat' dir='ltr'><strong>nihilium</strong></span> <span class='ocrx_word' id='word_1_272' title='bbox 825 3020 865 3062; x_wconf 92' lang='lat' dir='ltr'><strong>ne</strong></span> <span class='ocrx_word' id='word_1_273' title='bbox 891 2999 1030 3063; x_wconf 89' lang='lat' dir='ltr'><strong>inservio</strong></span> <span class='ocrx_word' id='word_1_274' title='bbox 1052 2999 1190 3083; x_wconf 91' lang='lat' dir='ltr'><strong>quidem.</strong></span> <span class='ocrx_word' id='word_1_275' title='bbox 1244 2998 1361 3071; x_wconf 88' lang='lat' dir='ltr'><strong>Video,</strong></span> <span class='ocrx_word' id='word_1_276' title='bbox 1400 3008 1435 3063; x_wconf 90' lang='lat' dir='ltr'><strong>ut</strong></span> <span class='ocrx_word' id='word_1_277' title='bbox 1458 3021 1494 3063; x_wconf 90' lang='lat' dir='ltr'><strong>se</strong></span> 
     </span>
     <span class='ocr_line' id='line_1_30' title="bbox 175 3091 1494 3176; baseline -0.001 -19"><span class='ocrx_word' id='word_1_278' title='bbox 175 3092 248 3157; x_wconf 89' lang='lat' dir='ltr'><strong>huic</strong></span> <span class='ocrx_word' id='word_1_279' title='bbox 269 3091 357 3164; x_wconf 91' lang='lat' dir='ltr'><strong>dent,</strong></span> <span class='ocrx_word' id='word_1_280' title='bbox 389 3102 423 3156; x_wconf 92' lang='lat' dir='ltr'><strong>ut</strong></span> <span class='ocrx_word' id='word_1_281' title='bbox 444 3091 545 3155; x_wconf 92' lang='lat' dir='ltr'><strong>daturi</strong></span> <span class='ocrx_word' id='word_1_282' title='bbox 567 3092 637 3156; x_wconf 91' lang='lat' dir='ltr'><strong>sint.</strong></span> <span class='ocrx_word' id='word_1_283' title='bbox 689 3091 867 3176; x_wconf 87' lang='lat' dir='ltr'><strong>Quidquam</strong></span> <span class='ocrx_word' id='word_1_284' title='bbox 889 3102 923 3155; x_wconf 95' lang='lat' dir='ltr'><strong>tu</strong></span> <span class='ocrx_word' id='word_1_285' title='bbox 943 3091 996 3155; x_wconf 92' lang='lat' dir='ltr'><strong>illa</strong></span> <span class='ocrx_word' id='word_1_286' title='bbox 1017 3103 1109 3176; x_wconf 91' lang='lat' dir='ltr'><strong>putas</strong></span> <span class='ocrx_word' id='word_1_287' title='bbox 1130 3091 1227 3157; x_wconf 89' lang='lat' dir='ltr'><strong>luisse</strong></span> <span class='ocrx_word' id='word_1_288' title='bbox 1248 3092 1288 3156; x_wconf 90' lang='lat' dir='ltr'><strong>de</strong></span> <span class='ocrx_word' id='word_1_289' title='bbox 1310 3092 1494 3156; x_wconf 90' lang='lat' dir='ltr'><strong>valetudine</strong></span> 
     </span>
     <span class='ocr_line' id='line_1_31' title="bbox 175 3183 1492 3269; baseline 0 -19"><span class='ocrx_word' id='word_1_290' title='bbox 175 3185 300 3251; x_wconf 86' lang='lat' dir='ltr'><strong>decreta</strong></span> <span class='ocrx_word' id='word_1_291' title='bbox 322 3183 563 3268; x_wconf 83' lang='lat' dir='ltr'><strong>municipiorum</strong></span> <span class='ocrx_word' id='word_1_292' title='bbox 593 3204 667 3269; x_wconf 90' lang='lat' dir='ltr'><strong>prae</strong></span> <span class='ocrx_word' id='word_1_293' title='bbox 695 3184 744 3248; x_wconf 88' lang='lat' dir='ltr'><strong>bis</strong></span> <span class='ocrx_word' id='word_1_294' title='bbox 773 3185 811 3249; x_wconf 89' lang='lat' dir='ltr'><strong>de</strong></span> <span class='ocrx_word' id='word_1_295' title='bbox 834 3185 964 3249; x_wconf 83' lang='lat' dir='ltr'><strong>victoria</strong></span> <span class='ocrx_word' id='word_1_296' title='bbox 990 3184 1272 3268; x_wconf 78' lang='lat' dir='ltr'><strong>gratulationibus?</strong></span> <span class='ocrx_word' id='word_1_297' title='bbox 1299 3186 1492 3260; x_wconf 89' lang='lat' dir='ltr'><strong>„Timent”,</strong></span> 
     </span>
     <span class='ocr_line' id='line_1_32' title="bbox 175 3278 1494 3366; baseline 0.002 -23"><span class='ocrx_word' id='word_1_298' title='bbox 175 3279 306 3366; x_wconf 90' lang='lat' dir='ltr'><strong>inquies.</strong></span> <span class='ocrx_word' id='word_1_299' title='bbox 349 3284 387 3342; x_wconf 80' lang='lat' dir='ltr'><strong>dt</strong></span> <span class='ocrx_word' id='word_1_300' title='bbox 414 3278 474 3363; x_wconf 86' lang='lat' dir='ltr'><strong>ipsi</strong></span> <span class='ocrx_word' id='word_1_301' title='bbox 502 3289 567 3343; x_wconf 91' lang='lat' dir='ltr'><strong>tum</strong></span> <span class='ocrx_word' id='word_1_302' title='bbox 595 3299 628 3342; x_wconf 86' lang='lat' dir='ltr'><strong>se</strong></span> <span class='ocrx_word' id='word_1_303' title='bbox 655 3278 796 3342; x_wconf 88' lang='lat' dir='ltr'><strong>timuisse</strong></span> <span class='ocrx_word' id='word_1_304' title='bbox 825 3278 940 3343; x_wconf 90' lang='lat' dir='ltr'><strong>dicunt.</strong></span> <span class='ocrx_word' id='word_1_305' title='bbox 990 3279 1051 3344; x_wconf 88' lang='lat' dir='ltr'><strong>Sed</strong></span> <span class='ocrx_word' id='word_1_306' title='bbox 1077 3280 1255 3354; x_wconf 87' lang='lat' dir='ltr'><strong>videamus,</strong></span> <span class='ocrx_word' id='word_1_307' title='bbox 1288 3279 1365 3366; x_wconf 93' lang='lat' dir='ltr'><strong>quid</strong></span> <span class='ocrx_word' id='word_1_308' title='bbox 1387 3289 1494 3345; x_wconf 88' lang='lat' dir='ltr'><strong>actum</strong></span> 
     </span>
     <span class='ocr_line' id='line_1_33' title="bbox 175 3370 1448 3460; baseline 0.001 -23"><span class='ocrx_word' id='word_1_309' title='bbox 175 3376 214 3438; x_wconf 90' lang='lat' dir='ltr'><strong>sit</strong></span> <span class='ocrx_word' id='word_1_310' title='bbox 233 3371 398 3438; x_wconf 88' lang='lat' dir='ltr'><strong>Brundisii.</strong></span> <span class='ocrx_word' id='word_1_311' title='bbox 441 3376 486 3435; x_wconf 83' lang='lat' dir='ltr'><strong>Ex</strong></span> <span class='ocrx_word' id='word_1_312' title='bbox 511 3393 549 3435; x_wconf 86' lang='lat' dir='ltr'><strong>eo</strong></span> <span class='ocrx_word' id='word_1_313' title='bbox 572 3370 704 3434; x_wconf 80' lang='lat' dir='ltr'><strong>sortasse</strong></span> <span class='ocrx_word' id='word_1_314' title='bbox 725 3372 791 3452; x_wconf 64' lang='lat' dir='ltr'><strong>&#39;sea</strong></span> <span class='ocrx_word' id='word_1_315' title='bbox 814 3373 942 3435; x_wconf 90' lang='lat' dir='ltr'><strong>consilia</strong></span> <span class='ocrx_word' id='word_1_316' title='bbox 965 3383 1131 3438; x_wconf 87' lang='lat' dir='ltr'><strong>nascentur</strong></span> <span class='ocrx_word' id='word_1_317' title='bbox 1151 3375 1293 3460; x_wconf 85' lang='lat' dir='ltr'><strong>aliaeque</strong></span> <span class='ocrx_word' id='word_1_318' title='bbox 1314 3373 1448 3438; x_wconf 89' lang='lat' dir='ltr'><strong>litterae.</strong></span> 
     </span>
    </p>
   </div>
   <div class='ocr_carea' id='block_1_6' title="bbox 116 3582 1493 4617">
    <p class='ocr_par' dir='ltr' id='par_1_6' title="bbox 116 3582 1493 4617">
     <span class='ocr_line' id='line_1_34' title="bbox 244 3582 1493 3645; baseline 0 -9"><span class='ocrx_word' id='word_1_319' title='bbox 244 3588 269 3636; x_wconf 90' lang='lat'><strong>1.</strong></span> <span class='ocrx_word' id='word_1_320' title='bbox 290 3586 382 3636; x_wconf 75' lang='lat' dir='ltr'><strong>Furius</strong></span> <span class='ocrx_word' id='word_1_321' title='bbox 399 3584 473 3634; x_wconf 83' lang='lat' dir='ltr'><strong>llllll.</strong></span> <span class='ocrx_word' id='word_1_322' title='bbox 511 3583 644 3644; x_wconf 79' lang='lat' dir='ltr'><strong>(Correxit</strong></span> <span class='ocrx_word' id='word_1_323' title='bbox 667 3582 837 3645; x_wconf 85' lang='lat' dir='ltr'><strong>Lambinus.)</strong></span> <span class='ocrx_word' id='word_1_324' title='bbox 866 3609 893 3618; x_wconf 96' lang='lat'>-</span> <span class='ocrx_word' id='word_1_325' title='bbox 933 3585 958 3636; x_wconf 81' lang='lat'><strong>3.</strong></span> <span class='ocrx_word' id='word_1_326' title='bbox 988 3582 1118 3645; x_wconf 80' lang='lat' dir='ltr'><strong>Curtium]</strong></span> <span class='ocrx_word' id='word_1_327' title='bbox 1137 3593 1255 3635; x_wconf 84' lang='lat' dir='ltr'><strong>curtum</strong></span> <span class='ocrx_word' id='word_1_328' title='bbox 1271 3586 1345 3637; x_wconf 80' lang='lat' dir='ltr'><strong>Mill.</strong></span> <span class='ocrx_word' id='word_1_329' title='bbox 1384 3587 1493 3640; x_wconf 77' lang='lat' dir='ltr'><strong>[Corre-</strong></span> 
     </span>
     <span class='ocr_line' id='line_1_35' title="bbox 174 3652 1492 3720; baseline -0.002 -12"><span class='ocrx_word' id='word_1_330' title='bbox 174 3660 211 3708; x_wconf 87' lang='lat' dir='ltr'><strong>rit</strong></span> <span class='ocrx_word' id='word_1_331' title='bbox 230 3659 320 3707; x_wconf 83' lang='lat' dir='ltr'><strong>nescio</strong></span> <span class='ocrx_word' id='word_1_332' title='bbox 340 3656 384 3718; x_wconf 89' lang='lat' dir='ltr'><strong>qui</strong></span> <span class='ocrx_word' id='word_1_333' title='bbox 403 3654 473 3717; x_wconf 86' lang='lat' dir='ltr'><strong>apud</strong></span> <span class='ocrx_word' id='word_1_334' title='bbox 500 3652 672 3712; x_wconf 79' lang='lat' dir='ltr'><strong>corradum.)</strong></span> <span class='ocrx_word' id='word_1_335' title='bbox 705 3679 735 3689; x_wconf 89' lang='lat'>-</span> <span class='ocrx_word' id='word_1_336' title='bbox 770 3655 797 3703; x_wconf 84' lang='lat' dir='ltr'><strong>t.</strong></span> <span class='ocrx_word' id='word_1_337' title='bbox 816 3653 866 3717; x_wconf 83' lang='lat' dir='ltr'><strong>me]</strong></span> <span class='ocrx_word' id='word_1_338' title='bbox 885 3670 917 3705; x_wconf 81' lang='lat' dir='ltr'><strong>nc</strong></span> <span class='ocrx_word' id='word_1_339' title='bbox 936 3669 975 3716; x_wconf 87' lang='lat' dir='ltr'><strong>pr.</strong></span> <span class='ocrx_word' id='word_1_340' title='bbox 995 3654 1031 3704; x_wconf 93' lang='grc' dir='ltr'><strong>Μ.</strong></span> <span class='ocrx_word' id='word_1_341' title='bbox 1062 3679 1091 3690; x_wconf 96' lang='grc'>-</span> <span class='ocrx_word' id='word_1_342' title='bbox 1128 3653 1184 3717; x_wconf 80' lang='lat' dir='ltr'><strong>nte]</strong></span> <span class='ocrx_word' id='word_1_343' title='bbox 1211 3658 1253 3706; x_wconf 81' lang='lat' dir='ltr'><strong>dic</strong></span> <span class='ocrx_word' id='word_1_344' title='bbox 1277 3656 1299 3706; x_wconf 90' lang='lat'><strong>1.</strong></span> <span class='ocrx_word' id='word_1_345' title='bbox 1328 3681 1358 3691; x_wconf 90' lang='lat'>-</span> <span class='ocrx_word' id='word_1_346' title='bbox 1395 3658 1421 3706; x_wconf 86' lang='lat'><strong>5.</strong></span> <span class='ocrx_word' id='word_1_347' title='bbox 1443 3655 1492 3720; x_wconf 78' lang='lat' dir='ltr'><strong>Et]</strong></span> 
     </span>
     <span class='ocr_line' id='line_1_36' title="bbox 175 3723 1492 3788; baseline -0.003 -9"><span class='ocrx_word' id='word_1_348' title='bbox 175 3729 224 3779; x_wconf 81' lang='lat' dir='ltr'><strong>Sed</strong></span> <span class='ocrx_word' id='word_1_349' title='bbox 242 3727 360 3776; x_wconf 81' lang='lat' dir='ltr'><strong>malebat</strong></span> <span class='ocrx_word' id='word_1_350' title='bbox 377 3725 525 3774; x_wconf 83' lang='lat' dir='ltr'><strong>Manutius.</strong></span> <span class='ocrx_word' id='word_1_351' title='bbox 546 3750 576 3758; x_wconf 95' lang='lat'>-</span> <span class='ocrx_word' id='word_1_352' title='bbox 615 3725 640 3773; x_wconf 86' lang='grc'><strong>6.</strong></span> <span class='ocrx_word' id='word_1_353' title='bbox 660 3725 700 3773; x_wconf 77' lang='lat' dir='ltr'><strong>bis</strong></span> <span class='ocrx_word' id='word_1_354' title='bbox 718 3725 750 3773; x_wconf 88' lang='lat' dir='ltr'><strong>n.</strong></span> <span class='ocrx_word' id='word_1_355' title='bbox 771 3747 803 3759; x_wconf 93' lang='lat'>-</span> <span class='ocrx_word' id='word_1_356' title='bbox 839 3726 865 3774; x_wconf 82' lang='lat'><strong>7.</strong></span> <span class='ocrx_word' id='word_1_357' title='bbox 886 3723 937 3787; x_wconf 82' lang='lat' dir='ltr'><strong>cui]</strong></span> <span class='ocrx_word' id='word_1_358' title='bbox 957 3728 1002 3788; x_wconf 83' lang='lat' dir='ltr'><strong>qui</strong></span> <span class='ocrx_word' id='word_1_359' title='bbox 1022 3740 1061 3788; x_wconf 84' lang='lat' dir='ltr'><strong>pr.</strong></span> <span class='ocrx_word' id='word_1_360' title='bbox 1081 3725 1118 3775; x_wconf 91' lang='grc' dir='ltr'><strong>Μ.</strong></span> <span class='ocrx_word' id='word_1_361' title='bbox 1142 3751 1168 3760; x_wconf 88' lang='grc'>-</span> <span class='ocrx_word' id='word_1_362' title='bbox 1201 3726 1227 3775; x_wconf 85' lang='grc'><strong>8.</strong></span> <span class='ocrx_word' id='word_1_363' title='bbox 1247 3729 1314 3776; x_wconf 75' lang='lat' dir='ltr'><strong>enim</strong></span> <span class='ocrx_word' id='word_1_364' title='bbox 1332 3741 1372 3776; x_wconf 83' lang='lat' dir='ltr'><strong>me</strong></span> <span class='ocrx_word' id='word_1_365' title='bbox 1389 3726 1492 3777; x_wconf 81' lang='lat' dir='ltr'><strong>Casan·</strong></span> 
     </span>
     <span class='ocr_line' id='line_1_37' title="bbox 176 3794 1492 3850; baseline -0.002 -2"><span class='ocrx_word' id='word_1_366' title='bbox 176 3800 246 3848; x_wconf 88' lang='lat' dir='ltr'><strong>bono</strong></span> <span class='ocrx_word' id='word_1_367' title='bbox 263 3803 373 3847; x_wconf 87' lang='lat' dir='ltr'><strong>auctore</strong></span> <span class='ocrx_word' id='word_1_368' title='bbox 391 3795 562 3844; x_wconf 86' lang='lat' dir='ltr'><strong>Schuetzius:</strong></span> <span class='ocrx_word' id='word_1_369' title='bbox 581 3797 648 3844; x_wconf 79' lang='lat' dir='ltr'><strong>enim</strong></span> <span class='ocrx_word' id='word_1_370' title='bbox 658 3794 754 3844; x_wconf 77' lang='lat' dir='ltr'><strong>Mltlli.</strong></span> <span class='ocrx_word' id='word_1_371' title='bbox 769 3820 800 3828; x_wconf 91' lang='lat'>-</span> <span class='ocrx_word' id='word_1_372' title='bbox 822 3798 863 3844; x_wconf 88' lang='lat'><strong>10.</strong></span> <span class='ocrx_word' id='word_1_373' title='bbox 875 3796 1030 3844; x_wconf 75' lang='lat' dir='ltr'><strong>inimicictor</strong></span> <span class='ocrx_word' id='word_1_374' title='bbox 1040 3795 1071 3850; x_wconf 85' lang='lat' dir='ltr'><strong>ll,</strong></span> <span class='ocrx_word' id='word_1_375' title='bbox 1082 3797 1207 3845; x_wconf 78' lang='lat' dir='ltr'><strong>immitior</strong></span> <span class='ocrx_word' id='word_1_376' title='bbox 1217 3797 1237 3844; x_wconf 87' lang='lat'><strong>1.</strong></span> <span class='ocrx_word' id='word_1_377' title='bbox 1253 3820 1282 3832; x_wconf 93' lang='lat'>-</span> <span class='ocrx_word' id='word_1_378' title='bbox 1304 3797 1343 3846; x_wconf 72' lang='lat' dir='ltr'><strong>lt.</strong></span> <span class='ocrx_word' id='word_1_379' title='bbox 1356 3799 1437 3845; x_wconf 82' lang='lat' dir='ltr'><strong>etium</strong></span> <span class='ocrx_word' id='word_1_380' title='bbox 1447 3797 1492 3846; x_wconf 69' lang='lat' dir='ltr'><strong>ute</strong></span> 
     </span>
     <span class='ocr_line' id='line_1_38' title="bbox 177 3862 1491 3932; baseline -0.002 -15"><span class='ocrx_word' id='word_1_381' title='bbox 177 3870 247 3918; x_wconf 89' lang='lat'><strong>1.-</strong></span> <span class='ocrx_word' id='word_1_382' title='bbox 285 3866 557 3929; x_wconf 66' lang='lat' dir='ltr'><strong>tunmuesmuenn</strong></span> <span class='ocrx_word' id='word_1_383' title='bbox 582 3865 654 3915; x_wconf 75' lang='lat' dir='ltr'><strong>lint.</strong></span> <span class='ocrx_word' id='word_1_384' title='bbox 691 3862 822 3916; x_wconf 78' lang='lat' dir='ltr'><strong>(Correxit</strong></span> <span class='ocrx_word' id='word_1_385' title='bbox 840 3863 995 3926; x_wconf 83' lang='lat' dir='ltr'><strong>Victorius.)</strong></span> <span class='ocrx_word' id='word_1_386' title='bbox 1028 3891 1059 3900; x_wconf 92' lang='lat'><em>-</em></span> <span class='ocrx_word' id='word_1_387' title='bbox 1094 3863 1136 3927; x_wconf 80' lang='lat' dir='ltr'><strong>ne]</strong></span> <span class='ocrx_word' id='word_1_388' title='bbox 1156 3879 1210 3914; x_wconf 83' lang='lat' dir='ltr'><strong>non</strong></span> <span class='ocrx_word' id='word_1_389' title='bbox 1227 3866 1257 3915; x_wconf 83' lang='lat' dir='ltr'><strong>li.</strong></span> <span class='ocrx_word' id='word_1_390' title='bbox 1280 3890 1310 3901; x_wconf 92' lang='lat'><em>-</em></span> <span class='ocrx_word' id='word_1_391' title='bbox 1346 3866 1491 3932; x_wconf 63' lang='lat' dir='ltr'><strong>despice·</strong></span> 
     </span>
     <span class='ocr_line' id='line_1_39' title="bbox 175 3935 1491 3999; baseline -0.002 -12"><span class='ocrx_word' id='word_1_392' title='bbox 175 3946 218 3987; x_wconf 85' lang='lat' dir='ltr'><strong>rut</strong></span> <span class='ocrx_word' id='word_1_393' title='bbox 238 3939 268 3987; x_wconf 84' lang='lat' dir='ltr'><strong>R.</strong></span> <span class='ocrx_word' id='word_1_394' title='bbox 297 3962 329 3971; x_wconf 93' lang='lat'><em>-</em></span> <span class='ocrx_word' id='word_1_395' title='bbox 366 3935 408 3985; x_wconf 82' lang='lat'><strong>17.</strong></span> <span class='ocrx_word' id='word_1_396' title='bbox 428 3936 549 3985; x_wconf 76' lang='lat' dir='ltr'><strong>Alterum</strong></span> <span class='ocrx_word' id='word_1_397' title='bbox 568 3936 653 3999; x_wconf 79' lang='lat' dir='ltr'><strong>cupito</strong></span> <span class='ocrx_word' id='word_1_398' title='bbox 672 3948 726 3984; x_wconf 86' lang='lat' dir='ltr'><strong>om.</strong></span> <span class='ocrx_word' id='word_1_399' title='bbox 748 3935 779 3984; x_wconf 83' lang='lat' dir='ltr'><strong>R.</strong></span> <span class='ocrx_word' id='word_1_400' title='bbox 810 3961 841 3971; x_wconf 92' lang='lat'>-</span> <span class='ocrx_word' id='word_1_401' title='bbox 878 3936 919 3985; x_wconf 78' lang='lat'><strong>19.</strong></span> <span class='ocrx_word' id='word_1_402' title='bbox 937 3936 1189 3998; x_wconf 77' lang='lat' dir='ltr'><strong>plenemibiutiud</strong></span> <span class='ocrx_word' id='word_1_403' title='bbox 1208 3936 1252 3984; x_wconf 88' lang='lat' dir='ltr'><strong>ltl.</strong></span> <span class='ocrx_word' id='word_1_404' title='bbox 1278 3962 1306 3971; x_wconf 95' lang='lat'>-</span> <span class='ocrx_word' id='word_1_405' title='bbox 1344 3938 1387 3985; x_wconf 77' lang='lat' dir='ltr'><strong>su.</strong></span> <span class='ocrx_word' id='word_1_406' title='bbox 1408 3951 1491 3999; x_wconf 81' lang='lat' dir='ltr'><strong>quam</strong></span> 
     </span>
     <span class='ocr_line' id='line_1_40' title="bbox 175 4001 1491 4068; baseline -0.003 -10"><span class='ocrx_word' id='word_1_407' title='bbox 175 4023 230 4058; x_wconf 89' lang='lat' dir='ltr'><strong>om.</strong></span> <span class='ocrx_word' id='word_1_408' title='bbox 251 4009 323 4058; x_wconf 78' lang='lat' dir='ltr'><strong>lllltl.</strong></span> <span class='ocrx_word' id='word_1_409' title='bbox 345 4029 376 4043; x_wconf 92' lang='lat'><em>-</em></span> <span class='ocrx_word' id='word_1_410' title='bbox 414 4003 479 4068; x_wconf 80' lang='lat' dir='ltr'><strong>qu]</strong></span> <span class='ocrx_word' id='word_1_411' title='bbox 499 4008 537 4055; x_wconf 79' lang='lat' dir='ltr'><strong>Eo</strong></span> <span class='ocrx_word' id='word_1_412' title='bbox 555 4005 606 4054; x_wconf 87' lang='lat' dir='ltr'><strong>Ml.</strong></span> <span class='ocrx_word' id='word_1_413' title='bbox 645 4001 688 4066; x_wconf 88' lang='lat' dir='ltr'><strong>(Ut</strong></span> <span class='ocrx_word' id='word_1_414' title='bbox 707 4017 755 4054; x_wconf 87' lang='lat' dir='ltr'><strong>nos</strong></span> <span class='ocrx_word' id='word_1_415' title='bbox 774 4002 842 4066; x_wconf 80' lang='lat' dir='ltr'><strong>ru.)</strong></span> <span class='ocrx_word' id='word_1_416' title='bbox 872 4030 901 4040; x_wconf 91' lang='lat'>-</span> <span class='ocrx_word' id='word_1_417' title='bbox 937 4009 960 4054; x_wconf 79' lang='lat' dir='ltr'><strong>si</strong></span> <span class='ocrx_word' id='word_1_418' title='bbox 986 4007 1048 4068; x_wconf 81' lang='lat' dir='ltr'><strong>quid</strong></span> <span class='ocrx_word' id='word_1_419' title='bbox 1079 4007 1151 4068; x_wconf 81' lang='lat' dir='ltr'><strong>apud</strong></span> <span class='ocrx_word' id='word_1_420' title='bbox 1176 4006 1262 4056; x_wconf 80' lang='lat' dir='ltr'><strong>utut:</strong></span> <span class='ocrx_word' id='word_1_421' title='bbox 1293 4008 1316 4053; x_wconf 76' lang='lat' dir='ltr'><strong>ri</strong></span> <span class='ocrx_word' id='word_1_422' title='bbox 1340 4008 1397 4068; x_wconf 74' lang='lat' dir='ltr'><strong>quia</strong></span> <span class='ocrx_word' id='word_1_423' title='bbox 1415 4008 1491 4067; x_wconf 79' lang='lat' dir='ltr'><strong>apud</strong></span> 
     </span>
     <span class='ocr_line' id='line_1_41' title="bbox 175 4074 1491 4137; baseline -0.002 -10"><span class='ocrx_word' id='word_1_424' title='bbox 175 4093 237 4127; x_wconf 87' lang='lat' dir='ltr'><strong>eum</strong></span> <span class='ocrx_word' id='word_1_425' title='bbox 252 4081 314 4127; x_wconf 79' lang='lat' dir='ltr'><strong>Asc.</strong></span> <span class='ocrx_word' id='word_1_426' title='bbox 328 4091 381 4126; x_wconf 83' lang='lat' dir='ltr'><strong>sec.</strong></span> <span class='ocrx_word' id='word_1_427' title='bbox 397 4076 426 4124; x_wconf 77' lang='lat' dir='ltr'><strong>ll.</strong></span> <span class='ocrx_word' id='word_1_428' title='bbox 441 4074 520 4137; x_wconf 73' lang='lat' dir='ltr'><strong>(aiem</strong></span> <span class='ocrx_word' id='word_1_429' title='bbox 533 4078 556 4124; x_wconf 78' lang='lat' dir='ltr'><strong>ts</strong></span> <span class='ocrx_word' id='word_1_430' title='bbox 568 4075 751 4137; x_wconf 84' lang='lat' dir='ltr'><strong>upudluuius.</strong></span> <span class='ocrx_word' id='word_1_431' title='bbox 766 4075 877 4123; x_wconf 83' lang='lat' dir='ltr'><strong>Malim:</strong></span> <span class='ocrx_word' id='word_1_432' title='bbox 898 4077 963 4124; x_wconf 79' lang='lat' dir='ltr'><strong>aient</strong></span> <span class='ocrx_word' id='word_1_433' title='bbox 975 4077 1057 4135; x_wconf 82' lang='lat' dir='ltr'><strong>apud.</strong></span> <span class='ocrx_word' id='word_1_434' title='bbox 1067 4075 1132 4130; x_wconf 77' lang='lat' dir='ltr'><strong>Oa.)</strong></span> <span class='ocrx_word' id='word_1_435' title='bbox 1146 4101 1173 4112; x_wconf 95' lang='lat'><em>-</em></span> <span class='ocrx_word' id='word_1_436' title='bbox 1195 4077 1238 4125; x_wconf 77' lang='lat'><strong>21.</strong></span> <span class='ocrx_word' id='word_1_437' title='bbox 1251 4076 1411 4126; x_wconf 74' lang='lat' dir='ltr'><strong>cutetltlltlt</strong></span> <span class='ocrx_word' id='word_1_438' title='bbox 1430 4091 1491 4124; x_wconf 81' lang='lat' dir='ltr'><strong>cum</strong></span> 
     </span>
     <span class='ocr_line' id='line_1_42' title="bbox 175 4145 1492 4209; baseline -0.002 -11"><span class='ocrx_word' id='word_1_439' title='bbox 175 4151 319 4198; x_wconf 72' lang='lat' dir='ltr'><strong>alateum</strong></span> <span class='ocrx_word' id='word_1_440' title='bbox 337 4149 400 4196; x_wconf 77' lang='lat' dir='ltr'><strong>Asc.</strong></span> <span class='ocrx_word' id='word_1_441' title='bbox 421 4159 474 4194; x_wconf 84' lang='lat' dir='ltr'><strong>sec.</strong></span> <span class='ocrx_word' id='word_1_442' title='bbox 496 4146 525 4194; x_wconf 83' lang='lat' dir='ltr'><strong>E.</strong></span> <span class='ocrx_word' id='word_1_443' title='bbox 556 4171 583 4181; x_wconf 98' lang='lat'>-</span> <span class='ocrx_word' id='word_1_444' title='bbox 621 4145 855 4207; x_wconf 72' lang='lat' dir='ltr'><strong>as.tpstn1.-</strong></span> <span class='ocrx_word' id='word_1_445' title='bbox 892 4145 936 4194; x_wconf 76' lang='lat'><strong>26.</strong></span> <span class='ocrx_word' id='word_1_446' title='bbox 956 4145 1034 4194; x_wconf 80' lang='lat' dir='ltr'><strong>addet</strong></span> <span class='ocrx_word' id='word_1_447' title='bbox 1053 4146 1230 4196; x_wconf 70' lang='lat' dir='ltr'><strong>usturam.</strong></span> <span class='ocrx_word' id='word_1_448' title='bbox 1267 4172 1291 4180; x_wconf 95' lang='lat'>-</span> <span class='ocrx_word' id='word_1_449' title='bbox 1329 4147 1492 4209; x_wconf 52' lang='lat' dir='ltr'><strong>‘stupendi</strong></span> 
     </span>
     <span class='ocr_line' id='line_1_43' title="bbox 175 4214 1488 4281; baseline -0.002 -14"><span class='ocrx_word' id='word_1_450' title='bbox 175 4218 212 4267; x_wconf 91' lang='grc' dir='ltr'><strong>Μ.</strong></span> <span class='ocrx_word' id='word_1_451' title='bbox 231 4243 260 4251; x_wconf 91' lang='lat'>-</span> <span class='ocrx_word' id='word_1_452' title='bbox 289 4219 394 4281; x_wconf 80' lang='lat' dir='ltr'><strong>uqenti:</strong></span> <span class='ocrx_word' id='word_1_453' title='bbox 415 4229 461 4279; x_wconf 78' lang='lat' dir='ltr'><strong>eqo</strong></span> <span class='ocrx_word' id='word_1_454' title='bbox 478 4229 538 4265; x_wconf 82' lang='lat' dir='ltr'><strong>uero</strong></span> <span class='ocrx_word' id='word_1_455' title='bbox 555 4241 566 4251; x_wconf 94' lang='lat'>-</span> <span class='ocrx_word' id='word_1_456' title='bbox 583 4241 594 4250; x_wconf 95' lang='lat'><em>-</em></span> <span class='ocrx_word' id='word_1_457' title='bbox 611 4216 698 4277; x_wconf 84' lang='lat' dir='ltr'><strong>puto?</strong></span> <span class='ocrx_word' id='word_1_458' title='bbox 717 4228 778 4263; x_wconf 89' lang='lat' dir='ltr'><strong>cum</strong></span> <span class='ocrx_word' id='word_1_459' title='bbox 798 4228 851 4275; x_wconf 80' lang='lat' dir='ltr'><strong>mg.</strong></span> <span class='ocrx_word' id='word_1_460' title='bbox 871 4214 943 4265; x_wconf 81' lang='lat' dir='ltr'><strong>Crat.</strong></span> <span class='ocrx_word' id='word_1_461' title='bbox 963 4221 989 4265; x_wconf 89' lang='lat' dir='ltr'><strong>et</strong></span> <span class='ocrx_word' id='word_1_462' title='bbox 1007 4229 1062 4276; x_wconf 74' lang='lat' dir='ltr'><strong>mg.</strong></span> <span class='ocrx_word' id='word_1_463' title='bbox 1083 4217 1188 4278; x_wconf 83' lang='lat' dir='ltr'><strong>chett.</strong></span> <span class='ocrx_word' id='word_1_464' title='bbox 1210 4216 1303 4265; x_wconf 85' lang='lat' dir='ltr'><strong>Lamb.</strong></span> <span class='ocrx_word' id='word_1_465' title='bbox 1318 4215 1488 4265; x_wconf 81' lang='lat' dir='ltr'><strong>Schuetzius.</strong></span> 
     </span>
     <span class='ocr_line' id='line_1_44' title="bbox 177 4285 1490 4351; baseline -0.002 -14"><span class='ocrx_word' id='word_1_466' title='bbox 177 4313 205 4323; x_wconf 94' lang='lat'>-</span> <span class='ocrx_word' id='word_1_467' title='bbox 225 4289 287 4337; x_wconf 73' lang='lat' dir='ltr'><strong>lance</strong></span> <span class='ocrx_word' id='word_1_468' title='bbox 304 4288 417 4351; x_wconf 67' lang='lat' dir='ltr'><strong>officium</strong></span> <span class='ocrx_word' id='word_1_469' title='bbox 434 4287 457 4335; x_wconf 84' lang='lat' dir='ltr'><strong>ci</strong></span> <span class='ocrx_word' id='word_1_470' title='bbox 474 4286 587 4334; x_wconf 80' lang='lat' dir='ltr'><strong>candidu</strong></span> <span class='ocrx_word' id='word_1_471' title='bbox 605 4288 661 4334; x_wconf 83' lang='lat' dir='ltr'><strong>otta</strong></span> <span class='ocrx_word' id='word_1_472' title='bbox 684 4285 728 4342; x_wconf 88' lang='grc' dir='ltr'><strong>Μ,</strong></span> <span class='ocrx_word' id='word_1_473' title='bbox 757 4285 819 4333; x_wconf 77' lang='lat' dir='ltr'><strong>buce</strong></span> <span class='ocrx_word' id='word_1_474' title='bbox 836 4286 945 4349; x_wconf 66' lang='lat' dir='ltr'><strong>effictum</strong></span> <span class='ocrx_word' id='word_1_475' title='bbox 965 4287 988 4334; x_wconf 82' lang='grc' dir='ltr'><strong>α’</strong></span> <span class='ocrx_word' id='word_1_476' title='bbox 1014 4287 1128 4335; x_wconf 81' lang='lat' dir='ltr'><strong>candidu</strong></span> <span class='ocrx_word' id='word_1_477' title='bbox 1146 4290 1201 4335; x_wconf 81' lang='lat' dir='ltr'><strong>citu</strong></span> <span class='ocrx_word' id='word_1_478' title='bbox 1226 4287 1265 4344; x_wconf 86' lang='lat' dir='ltr'><strong>n,</strong></span> <span class='ocrx_word' id='word_1_479' title='bbox 1296 4287 1357 4335; x_wconf 81' lang='lat' dir='ltr'><strong>boec</strong></span> <span class='ocrx_word' id='word_1_480' title='bbox 1375 4286 1490 4349; x_wconf 68' lang='lat' dir='ltr'><strong>effictam</strong></span> 
     </span>
     <span class='ocr_line' id='line_1_45' title="bbox 175 4354 1489 4418; baseline -0.002 -11"><span class='ocrx_word' id='word_1_481' title='bbox 175 4366 197 4407; x_wconf 83' lang='lat' dir='ltr'><strong>at</strong></span> <span class='ocrx_word' id='word_1_482' title='bbox 217 4359 330 4406; x_wconf 81' lang='lat' dir='ltr'><strong>candidu</strong></span> <span class='ocrx_word' id='word_1_483' title='bbox 347 4359 404 4404; x_wconf 82' lang='lat' dir='ltr'><strong>nite</strong></span> <span class='ocrx_word' id='word_1_484' title='bbox 422 4356 442 4405; x_wconf 89' lang='lat'><strong>1.</strong></span> <span class='ocrx_word' id='word_1_485' title='bbox 482 4355 525 4417; x_wconf 87' lang='lat' dir='ltr'><strong>(Ut</strong></span> <span class='ocrx_word' id='word_1_486' title='bbox 544 4369 614 4414; x_wconf 88' lang='lat' dir='ltr'><strong>nos,</strong></span> <span class='ocrx_word' id='word_1_487' title='bbox 634 4369 664 4404; x_wconf 84' lang='lat' dir='ltr'><strong>er</strong></span> <span class='ocrx_word' id='word_1_488' title='bbox 684 4361 759 4418; x_wconf 81' lang='lat' dir='ltr'><strong>parte</strong></span> <span class='ocrx_word' id='word_1_489' title='bbox 778 4368 839 4403; x_wconf 89' lang='lat' dir='ltr'><strong>cum</strong></span> <span class='ocrx_word' id='word_1_490' title='bbox 860 4369 912 4415; x_wconf 79' lang='lat' dir='ltr'><strong>mg.</strong></span> <span class='ocrx_word' id='word_1_491' title='bbox 933 4355 1017 4414; x_wconf 76' lang='lat' dir='ltr'><strong>Crat,</strong></span> <span class='ocrx_word' id='word_1_492' title='bbox 1038 4354 1193 4416; x_wconf 84' lang='lat' dir='ltr'><strong>Victorius.)</strong></span> <span class='ocrx_word' id='word_1_493' title='bbox 1216 4381 1243 4391; x_wconf 92' lang='lat'>-</span> <span class='ocrx_word' id='word_1_494' title='bbox 1264 4357 1308 4405; x_wconf 66' lang='lat'><strong>28.</strong></span> <span class='ocrx_word' id='word_1_495' title='bbox 1332 4357 1391 4405; x_wconf 64' lang='grc' dir='ltr'><strong>Μίαν</strong></span> <span class='ocrx_word' id='word_1_496' title='bbox 1410 4356 1442 4405; x_wconf 85' lang='lat' dir='ltr'><strong>n.</strong></span> <span class='ocrx_word' id='word_1_497' title='bbox 1456 4380 1489 4392; x_wconf 89' lang='lat'>-</span> 
     </span>
     <span class='ocr_line' id='line_1_46' title="bbox 175 4424 1491 4488; baseline -0.001 -11"><span class='ocrx_word' id='word_1_498' title='bbox 175 4429 217 4477; x_wconf 82' lang='lat'><strong>³0.</strong></span> <span class='ocrx_word' id='word_1_499' title='bbox 235 4424 367 4488; x_wconf 76' lang='lat' dir='ltr'><strong>praebia]</strong></span> <span class='ocrx_word' id='word_1_500' title='bbox 384 4426 531 4487; x_wconf 73' lang='lat' dir='ltr'><strong>procliui.</strong></span> <span class='ocrx_word' id='word_1_501' title='bbox 553 4450 582 4460; x_wconf 91' lang='lat'>-</span> <span class='ocrx_word' id='word_1_502' title='bbox 618 4425 661 4475; x_wconf 71' lang='lat'><strong>32.</strong></span> <span class='ocrx_word' id='word_1_503' title='bbox 681 4425 1068 4488; x_wconf 60' lang='lat' dir='ltr'><strong>saepememoratus</strong></span> <span class='ocrx_word' id='word_1_504' title='bbox 1106 4433 1220 4476; x_wconf 87' lang='lat' dir='ltr'><strong>etcorr.</strong></span> <span class='ocrx_word' id='word_1_505' title='bbox 1241 4427 1277 4476; x_wconf 91' lang='grc' dir='ltr'><strong>Μ.</strong></span> <span class='ocrx_word' id='word_1_506' title='bbox 1315 4427 1426 4487; x_wconf 83' lang='lat' dir='ltr'><strong>(Sensus</strong></span> <span class='ocrx_word' id='word_1_507' title='bbox 1448 4439 1491 4476; x_wconf 83' lang='lat' dir='ltr'><strong>re·</strong></span> 
     </span>
     <span class='ocr_line' id='line_1_47' title="bbox 116 4493 1487 4561; baseline 0 -16"><span class='ocrx_word' id='word_1_508' title='bbox 116 4555 119 4561; x_wconf 18' lang='lat'><strong>⁴</strong></span> <span class='ocrx_word' id='word_1_509' title='bbox 176 4498 257 4560; x_wconf 89' lang='lat' dir='ltr'><strong>quirit</strong></span> <span class='ocrx_word' id='word_1_510' title='bbox 288 4497 329 4546; x_wconf 79' lang='lat' dir='ltr'><strong>vel</strong></span> <span class='ocrx_word' id='word_1_511' title='bbox 351 4497 406 4546; x_wconf 79' lang='lat' dir='ltr'><strong>utta</strong></span> <span class='ocrx_word' id='word_1_512' title='bbox 436 4496 477 4544; x_wconf 82' lang='lat' dir='ltr'><strong>rel</strong></span> <span class='ocrx_word' id='word_1_513' title='bbox 510 4504 582 4546; x_wconf 83' lang='lat' dir='ltr'><strong>certa</strong></span> <span class='ocrx_word' id='word_1_514' title='bbox 607 4496 647 4545; x_wconf 77' lang='lat' dir='ltr'><strong>rel</strong></span> <span class='ocrx_word' id='word_1_515' title='bbox 679 4501 805 4544; x_wconf 73' lang='lat' dir='ltr'><strong>extreme.</strong></span> <span class='ocrx_word' id='word_1_516' title='bbox 843 4493 898 4545; x_wconf 83' lang='lat' dir='ltr'><strong>Clr.</strong></span> <span class='ocrx_word' id='word_1_517' title='bbox 929 4495 1091 4546; x_wconf 79' lang='lat' dir='ltr'><strong>Lambiuum</strong></span> <span class='ocrx_word' id='word_1_518' title='bbox 1115 4503 1142 4546; x_wconf 90' lang='lat' dir='ltr'><strong>et</strong></span> <span class='ocrx_word' id='word_1_519' title='bbox 1174 4498 1333 4546; x_wconf 83' lang='lat' dir='ltr'><strong>Ernestium.</strong></span> <span class='ocrx_word' id='word_1_520' title='bbox 1362 4494 1426 4556; x_wconf 82' lang='grc' dir='ltr'><strong>Οι.)</strong></span> <span class='ocrx_word' id='word_1_521' title='bbox 1458 4521 1487 4533; x_wconf 91' lang='grc'>-</span> 
     </span>
     <span class='ocr_line' id='line_1_48' title="bbox 176 4565 594 4617; baseline 0 -2"><span class='ocrx_word' id='word_1_522' title='bbox 176 4569 285 4617; x_wconf 80' lang='lat' dir='ltr'><strong>litterae.</strong></span> <span class='ocrx_word' id='word_1_523' title='bbox 306 4568 356 4617; x_wconf 77' lang='lat' dir='ltr'><strong>Noa</strong></span> <span class='ocrx_word' id='word_1_524' title='bbox 375 4580 428 4617; x_wconf 90' lang='lat' dir='ltr'><strong>uno</strong></span> <span class='ocrx_word' id='word_1_525' title='bbox 447 4574 539 4617; x_wconf 88' lang='lat' dir='ltr'><strong>tenore</strong></span> <span class='ocrx_word' id='word_1_526' title='bbox 557 4565 594 4616; x_wconf 91' lang='grc' dir='ltr'><strong>Μ.</strong></span> 
     </span>
    </p>
   </div>
   <div class='ocr_carea' id='block_1_7' title="bbox 0 0 1632 5400">
    <p class='ocr_par' dir='ltr' id='par_1_7' title="bbox 0 0 1632 5400">
     <span class='ocr_line' id='line_1_49' title="bbox 0 0 1632 5400; baseline 0 0"><span class='ocrx_word' id='word_1_527' title='bbox 0 0 1632 5400; x_wconf 95' lang='lat' dir='ltr'><strong> </strong></span> 
     </span>
    </p>
   </div>
  </div>
 </body>
</html>
