3256 5400
197 244 262 310 sta
628 240 902 305 EPISTULARUM
923 242 975 303 At)
997 242 1088 305 itit.

197 402 339 486 'somnia
370 422 389 465 a
419 409 449 463 te
481 397 583 463 studia
610 418 731 463 summa
761 418 837 463 cura
865 407 950 483 peto.
998 399 1087 475 Quae
1110 417 1149 462 ne
1170 396 1293 482 singula
1313 419 1518 477 enumerem,

197 507 294 562 totam
316 494 372 559 tibi
398 492 526 557 domum
558 490 765 568 commend0;
797 491 829 555 in
862 490 910 555 his
932 488 1160 555 adolescentem
1183 490 1280 557 lilium
1312 493 1395 567 eius,
1425 516 1518 579 quem

197 595 230 657 C.
252 588 415 655 Memmius
430 585 602 658 Gemellus,
624 585 721 649 cliens
739 606 843 657 meus,
867 605 937 649 cum
954 583 984 648 in
1001 584 1176 649 calamitate
1191 585 1276 649 exilii
1299 587 1347 650 sui
1361 588 1519 652 Patrensis

196 684 274 749 civis
306 682 405 746 faetus
432 690 528 751 esset,
561 677 755 743 Patrensium
778 677 900 763 legibus
923 677 1097 764 adoptavit;
1128 688 1162 744 ut
1184 679 1251 743 eius
1273 680 1371 764 ipsius
1393 679 1518 746 heredi·

174 778 265 842 nutis
287 777 335 841 ius
357 794 544 860 causamque
566 782 684 838 tueare.
728 777 760 838 3.
782 775 881 857 Caput
902 771 979 838 illud
1000 780 1067 844 cst,
1090 778 1126 835 ut
1150 776 1321 860 Lysonem,
1345 795 1438 859 quem
1458 795 1518 858 ego

196 870 302 935 virum
336 868 488 954 optimum
519 865 791 951 gratissimumque
826 864 990 949 cognovi,
1023 863 1158 950 recipias
1190 865 1221 929 in
1257 867 1517 932 uecessitudinem

196 972 291 1029 tuam.
349 960 444 1040 Quod
473 960 500 1025 si
528 958 655 1032 feceris,
684 980 747 1024 non
777 957 901 1031 duhito,
937 957 1013 1044 quin
1041 957 1074 1024 in
1096 978 1135 1023 eo
1161 957 1318 1043 diligendo
1340 962 1518 1048 ceterisque

195 1066 304 1142 postea
324 1053 588 1125 commendando,
611 1052 715 1126 idem,
738 1052 823 1139 quod
836 1072 909 1136 ego,
931 1051 974 1116 sis
992 1051 1099 1118 iudicii
1114 1058 1145 1115 et
1161 1051 1327 1118 voluntatis
1341 1053 1516 1119 habiturus.

196 1150 290 1228 Quod
322 1170 392 1216 cum
429 1147 497 1212 fieri
526 1147 729 1212 vehementer
757 1143 887 1219 studeo,
924 1155 990 1210 tum
1013 1145 1106 1209 etiam
1128 1144 1206 1210 illud
1227 1166 1356 1220 vereor,
1392 1168 1452 1221 ne,
1489 1150 1516 1216 si

162 1242 299 1308 ruminus
320 1242 474 1307 cumulate
495 1239 646 1305 videbere
669 1238 781 1304 fecisse
807 1237 923 1326 aliquid
951 1239 1019 1304 eius
1043 1259 1153 1314 causa,
1176 1259 1227 1303 me
1245 1239 1301 1304 ille
1322 1242 1517 1325 negligenter

196 1335 358 1422 scripsisse
380 1344 482 1421 putet,
505 1356 568 1399 non
590 1344 621 1399 te
642 1332 775 1399 oblitum
796 1332 868 1398 mei.
924 1331 1040 1410 Quanti
1063 1333 1146 1397 enim
1169 1353 1219 1397 mc
1241 1331 1360 1400 faceres
1381 1356 1451 1400 cum
1475 1357 1515 1400 ex

194 1426 393 1495 sermonibus
405 1427 595 1516 quotidianis
606 1426 700 1502 meis,
722 1438 787 1493 tum
806 1424 998 1514 exepistolis
1010 1425 1103 1491 etiam
1121 1426 1183 1494 tuis
1196 1426 1298 1512 potuit
1313 1449 1514 1514 cognoscere.

666 1570 733 1632 ss.
776 1564 825 1650 (A.
851 1569 883 1632 u.
906 1570 938 1632 c.
960 1567 1047 1650 ros.)

670 1690 811 1755 CICERO
834 1690 979 1753 SERVIO
1002 1690 1034 1755 S.

160 1827 185 1868 m
277 1802 450 1889 Asclapone
471 1800 627 1875 Patrensi,
657 1799 796 1875 medico,
828 1808 901 1865 utor
921 1798 1120 1865 familiariter
1140 1799 1271 1888 eiusque
1290 1821 1361 1867 cum
1382 1823 1515 1868 consue-

194 1895 271 1963 tudo
293 1896 368 1960 mihi
390 1894 525 1960 iucunda
554 1894 627 1968 fuit,
661 1902 725 1959 tum
747 1915 798 1958 ars
820 1893 930 1966 etiam,
963 1913 1057 1980 quam
1079 1915 1149 1959 sum
1171 1902 1321 1980 expertus
1342 1896 1373 1960 in
1396 1896 1512 1963 valetu-

194 1990 267 2056 dine
288 2011 448 2065 meorum;
472 1988 504 2052 in
529 2010 590 2075 qua
614 1987 689 2053 mihi
711 2007 782 2052 cum
805 1987 871 2072 ipsa
892 1986 1038 2064 scientia,
1061 1996 1127 2055 tum
1147 1988 1241 2054 etiam
1256 1987 1402 2055 fidelitate
1417 1989 1514 2055 bene·-

194 2082 390 2168 volentiaque
417 2081 574 2147 satisfecit.
625 2085 714 2146 Mune
738 2079 835 2165 igitur
856 2078 912 2146 tihi
934 2081 1120 2147 commendo
1142 2092 1173 2146 et
1194 2103 1212 2147 a
1235 2092 1265 2147 te
1287 2090 1376 2168 peto,
1400 2094 1434 2148 ut
1457 2083 1512 2148 des

194 2196 338 2263 operam,
361 2185 396 2241 ut
417 2175 566 2260 intelligat
587 2173 753 2259 diligenter
773 2195 823 2238 me
846 2175 1006 2260 scrIpsisse
1028 2175 1067 2240 de
1089 2197 1157 2240 sese
1177 2198 1339 2263 meamque
1354 2197 1513 2243 commen·

156 2294 186 2338 m
195 2268 352 2334 dationem
374 2269 444 2334 usui
466 2289 580 2354 magno
601 2266 662 2333 sihi
683 2266 789 2332 fuisse.
831 2267 899 2332 Erit
920 2267 952 2332 id
974 2267 1050 2333 mihi
1072 2268 1272 2335 vehementer
1293 2279 1426 2354 gratum.

656 2409 740 2473 sss.
781 2405 832 2489 (s.
858 2410 890 2472 u.
912 2410 944 2474 e.
966 2410 1056 2490 ms.)

670 2530 812 2594 CICERO
836 2531 979 2595 SERVIO
1002 2533 1033 2596 S.

280 2646 307 2707 1.
333 2645 374 2706 Μ.
409 2639 559 2706 Aemilius
586 2638 775 2705 Avianianus
802 2639 841 2704 ab
868 2641 994 2706 ineunte
1022 2640 1226 2708 adolescentia
1260 2664 1310 2709 me
1332 2643 1511 2711 observavit

194 2754 380 2819 semperque
402 2734 526 2809 dilexit,
549 2733 599 2798 vir
621 2755 692 2798 cum
714 2732 831 2806 bonus,
860 2742 925 2799 tum
947 2734 1159 2819 perhumanus
1181 2735 1265 2801 etin
1286 2739 1372 2803 omni
1394 2759 1510 2823 genere

161 2827 288 2899 asoliicii
310 2826 494 2910 diligendus.
552 2831 653 2905 Quem
676 2827 703 2892 si
724 2826 896 2892 arbitrarer
917 2848 986 2893 esse
1007 2828 1140 2916 Sicyone
1168 2838 1199 2893 et
1220 2830 1279 2895 nisi
1302 2832 1444 2896 audirem
1466 2832 1509 2896 ibi

194 2941 266 2986 eum
288 2919 483 2994 etiamnunc,
520 2920 575 2985 ubi
597 2941 657 3004 ego
680 2921 810 3007 reliqui,
847 2920 979 3010 Cibyrae
1000 2924 1210 2997 commorari,
1248 2924 1326 2990 nihil
1354 2938 1435 2991 esset
1456 2947 1511 2989 ne-

193 3035 279 3079 cesse
299 3012 390 3099 plura
411 3034 460 3078 me
482 3014 522 3079 ad
544 3025 574 3078 te
596 3013 635 3078 de
657 3034 696 3078 eo
718 3013 868 3079 scribere.
910 3015 1078 3080 Perficerct
1099 3016 1181 3080 enim
1203 3016 1271 3102 ipse
1285 3018 1427 3104 profecto
1443 3019 1508 3083 suis

193 3105 334 3172 moribus
356 3127 475 3193 suaque
496 3107 701 3183 humanitate,
729 3116 764 3172 ut
785 3106 851 3172 sine
873 3109 1055 3194 cuiusquam
1075 3110 1343 3176 commendatione
1365 3111 1509 3196 diligere-

192 3210 244 3267 tur
275 3199 330 3265 abs
368 3208 398 3264 te
432 3221 494 3265 non
521 3205 624 3266 minus
652 3222 745 3288 quam
776 3210 807 3265 et
833 3223 852 3266 a
880 3223 930 3266 me
958 3211 989 3266 et
1018 3223 1035 3266 a
1063 3203 1175 3268 ceteris
1207 3204 1271 3269 suis
1293 3203 1507 3269 familiaribus.

77 3319 83 3326 ·
157 3299 223 3361 mi.
256 3296 319 3361 Sed
346 3315 416 3361 cum
445 3294 532 3360 illum
561 3293 671 3360 abesse
699 3302 821 3381 putem,
857 3295 1043 3361 commendo
1073 3294 1128 3360 tihi
1151 3296 1182 3361 in
1203 3299 1356 3363 maiorem
1378 3297 1507 3363 modum

192 3387 321 3455 domum
343 3392 427 3462 eius,
460 3409 540 3475 quae
562 3399 609 3454 est
631 3387 778 3476 Sicyone,
815 3411 946 3476 remque
968 3387 1167 3465 familiarem,
1205 3395 1340 3456 maxime
1362 3395 1395 3458 C.
1416 3392 1508 3456 Avia-

192 3481 278 3548 nium
300 3481 533 3553 Hammonium,
556 3481 705 3546 libertum
727 3483 809 3559 eius;
838 3504 931 3569 quem
954 3482 1078 3569 quidem
1107 3481 1163 3548 tibi
1186 3483 1279 3548 ctiam
1302 3506 1359 3550 suo
1381 3485 1508 3549 nominc

192 3574 388 3642 commendo.
430 3580 506 3640 Nam
528 3595 598 3640 cum
620 3583 787 3662 propterea
815 3575 892 3641 mihi
914 3585 960 3641 est
981 3576 1150 3662 probatus,
1173 3576 1258 3663 quod
1280 3587 1327 3642 est
1347 3578 1380 3641 in
1400 3586 1508 3663 patre-

192 3690 266 3734 num
293 3689 383 3733 suum
419 3667 522 3734 officio
556 3676 588 3733 et
616 3667 677 3732 fide
704 3667 870 3753 singulari,
904 3679 970 3735 tum
1007 3669 1099 3734 etiam
1128 3670 1160 3735 in
1189 3691 1240 3734 me
1269 3671 1371 3756 ipsum
1395 3692 1507 3755 magna

155 3761 292 3833 uotiicia
313 3761 442 3827 contulit
470 3760 610 3849 mihique
645 3761 873 3827 molestissimis
901 3762 1095 3849 temporibus
1121 3763 1163 3828 ita
1185 3762 1319 3829 fideliter
1339 3763 1508 3830 benevole·

190 3877 252 3945 que
280 3864 405 3944 praesto
427 3853 501 3930 fuit,
531 3863 567 3920 ut
587 3853 615 3920 si
636 3876 654 3919 a
676 3874 728 3919 me
750 3855 956 3921 manumissus
978 3866 1069 3922 esset.
1125 3862 1233 3943 Itaque
1254 3868 1328 3943 peto
1349 3880 1368 3922 a
1389 3867 1434 3931 te,
1472 3867 1507 3923 ut

190 3970 262 4016 eum
296 3945 539 4035 [Hammonium]
561 3955 593 4013 et
613 3947 646 4014 in
667 3948 791 4033 patroni
812 3948 880 4014 eius
907 3949 1034 4034 negotio
1063 3949 1108 4014 sic
1135 3958 1258 4025 tueare,
1280 3959 1315 4015 ut
1339 3951 1406 4015 eius
1432 3970 1507 4035 pre-

189 4054 384 4118 curatorem,
414 4062 508 4130 mem
528 4039 585 4106 tibi
607 4041 807 4117 commendo,
837 4050 869 4107 et
889 4042 990 4128 ipsum
1020 4064 1078 4109 suo
1099 4044 1225 4109 nomine
1246 4042 1356 4129 diligas
1378 4041 1507 4108 habeas·

189 4158 252 4224 que
272 4136 306 4203 in
326 4155 461 4201 numero
480 4143 618 4201 tuorum.
661 4135 827 4200 Hominem
848 4136 1018 4223 pudentem
1040 4146 1072 4202 ot
1092 4137 1266 4204 officiosum
1284 4156 1453 4224 cognosces
1475 4144 1507 4200 et

151 4227 333 4316 esdiguum,
355 4229 409 4316 qui
431 4248 449 4293 a
470 4237 501 4292 te
522 4227 678 4313 diligatur.
720 4230 806 4296 Vale.

257 4393 283 4445 1.
311 4393 401 4442 omniu
426 4407 443 4441 e
470 4399 494 4442 te
512 4404 613 4440 summo
630 4394 718 4443 studio
735 4407 884 4458 summeque
907 4408 972 4445 mro
988 4394 1102 4445 beccus.
1123 4408 1163 4457 pr.
1199 4396 1272 4445 Fert.
1292 4396 1381 4443 omme
1400 4394 1470 4442 omni
1488 4405 1506 4442 u

188 4470 214 4514 ts
232 4464 337 4521 studio,
364 4475 464 4511 memma
494 4474 568 4511 curu.
587 4461 638 4512 On.
667 4487 701 4500 -
735 4463 762 4514 3.
781 4466 898 4514 mumius
916 4465 952 4514 M.
973 4490 1002 4501 -
1040 4466 1066 4516 5.
1085 4462 1125 4528 ut]
1145 4472 1168 4515 et
1186 4464 1225 4515 M.
1246 4488 1275 4501 -
1314 4465 1356 4513 11.
1374 4464 1506 4525 scripsisse

187 4532 218 4584 de
243 4546 270 4583 se
298 4528 339 4595 (ut
369 4531 416 4595 Ep.
445 4528 500 4591 10.)
530 4531 687 4581 Lambinus.
720 4555 748 4566 -
798 4534 841 4583 15.
872 4535 1040 4596 fumttiutitsr
1065 4537 1110 4587 M:
1139 4535 1213 4585 que
1229 4534 1400 4600 fumitinm‘tsr
1419 4532 1450 4581 11.
1470 4556 1504 4566 -—

188 4602 231 4653 ts.
248 4608 348 4667 peteut
360 4601 459 4651 deeM:
476 4606 538 4664 peto
555 4601 598 4651 des
616 4600 646 4651 fi.
669 4627 697 4638 -
717 4600 762 4652 22.
781 4601 881 4666 Seruio]
901 4605 1003 4655 octavia
1021 4605 1057 4655 M.
1076 4632 1105 4640 -
1126 4606 1170 4655 23.
1189 4605 1352 4654 Autauiouus
1371 4602 1504 4653 Oreitiues

185 4673 302 4723 Ariassos
316 4671 375 4722 IIII.
400 4670 456 4721 Cis.
467 4672 515 4735 Ep.
531 4671 576 4721 R'f.
591 4694 622 4707 -
641 4671 804 4735 25.diiiqems
816 4673 962 4724 Manutius.
987 4674 1054 4725 Cum
1068 4675 1190 4726 Ernestio
1203 4675 1328 4723 metimus
1339 4674 1506 4736 diligentissi-

184 4755 252 4793 mus.
281 4768 314 4779 -
351 4741 395 4790 31.
415 4741 553 4791 Iuieuium
571 4741 616 4791 M:
635 4742 764 4790 Aeternum
789 4740 819 4791 11.
841 4767 871 4778 -
908 4744 953 4795 35.
972 4745 1157 4795 confertissimis
1174 4747 1237 4795 meis
1254 4744 1409 4806 temporibus
1428 4743 1506 4792 Lem·

186 4812 276 4863 binus.
307 4836 342 4846 -
384 4810 428 4860 37.
456 4811 642 4861 Hammonium
669 4815 779 4863 auctore
806 4811 927 4864 Munatio
952 4814 1064 4866 seclusit
1087 4815 1215 4866 Orelliue.
1233 4837 1267 4853 -
1301 4813 1346 4864 38.
1364 4827 1438 4879 quem
1456 4812 1506 4864 tihi

184 4881 335 4933 commendo
353 4878 418 4930 sect.
438 4880 588 4932 Ernesttus.
