3256 5400
198 221 262 287 534
699 219 759 284 ΕΡ.
779 220 834 282 ΔΙ)
854 217 1030 283 amedu

198 379 232 446 in
257 377 298 448 iis
325 375 453 452 litteris,
482 396 574 460 quam
596 374 708 441 adme
729 373 914 441 Philotimus
935 373 1120 459 scripserat:
1144 373 1306 461 -ipsam
1327 371 1385 439 tibi
1409 370 1537 458 episto·

196 473 259 538 lam
287 471 459 545 misissem,
487 469 548 535 nisi
574 462 641 536 tam*
665 468 770 535 subito
801 468 906 534 fratris
923 487 1008 553 puer
1027 464 1299 553 proficiscebatur;
1331 490 1403 536 cras
1427 467 1535 554 igitur

197 566 335 632 mittam:
370 599 411 610 -
438 563 495 629 sed
526 564 560 630 in
587 585 625 629 ea
644 561 785 648 Pompeii
813 560 945 647 epistola
975 571 1043 627 erat
1063 564 1097 626 in
1117 569 1261 628 extremo
1283 564 1383 650 ipsius
1405 584 1533 630 manu:

198 665 296 737 „Tu,
324 677 484 732 censeo,
517 656 727 723 Luceriam
753 654 908 732 venias;
940 674 1137 740 nusquam
1166 655 1250 721 eris
1278 658 1439 723 tutius.‘’
1493 656 1532 723 ld

175 772 258 838 sego
284 751 316 816 in
344 772 414 815 eam
441 760 562 837 partem
592 750 713 835 accepi,
743 748 821 814 haec
848 746 964 835 oppida
991 756 1085 834 atque
1112 768 1202 814 oram
1223 751 1412 817 maritimam
1434 751 1530 817 illum

196 864 257 932 pro
278 843 429 909 derelicto
450 841 589 920 habere;
625 863 684 907 nec
705 863 775 908 sum
796 840 928 907 miratus
950 861 1038 916 eum,
1061 840 1117 927 qui
1137 852 1231 927 caput
1252 843 1355 930 ipsum
1376 843 1531 932 reliquis-

196 947 260 1014 set,
296 936 427 1024 reliquis
454 934 604 1002 membris
625 957 689 1002 non
711 954 851 1021 parcere.
893 937 924 1000 2.
946 933 984 999 Ei
1005 935 1109 1000 statim
1129 936 1278 1022 rescripsi
1299 938 1530 1026 hominemque

196 1042 318 1098 certum
346 1029 417 1095 misi
446 1028 486 1095 de
515 1028 681 1096 comitibus
713 1029 808 1103 meis,
847 1048 911 1093 non
938 1048 1109 1113 quaerere,
1138 1027 1193 1094 uhi
1221 1031 1377 1098 tutissimo
1399 1038 1530 1110 essem

196 1126 224 1192 si
254 1145 305 1190 me
334 1123 429 1189 vellet
459 1144 516 1189 sua
547 1132 601 1190 aut
628 1122 849 1209 reipublicae
877 1141 970 1186 causa
992 1121 1156 1188 Luceriam
1176 1123 1303 1199 venire,
1325 1126 1430 1191 statim
1453 1146 1529 1192 esse

163 1227 381 1296 inventurum
403 1216 606 1303 hortatusque
627 1237 716 1291 sum,
745 1225 780 1281 ut
801 1236 890 1282 oram
912 1213 1103 1280 maritimam
1124 1215 1295 1292 retineret.
1317 1219 1344 1284 si
1365 1241 1434 1285 rem
1456 1218 1528 1285 fru-

196 1311 381 1380 mentariam
407 1309 468 1376 sibi
496 1331 537 1375 ex
564 1310 735 1397 provinciis
764 1307 959 1395 suppeditari
985 1308 1089 1374 vellet.
1144 1312 1214 1375 Hoc
1234 1331 1285 1375 me
1306 1311 1423 1379 frustra
1444 1313 1527 1379 scri·

196 1404 275 1477 bere
295 1402 450 1469 videbam.
505 1403 587 1479 Sed,
608 1404 655 1469 uti
676 1404 708 1469 iu
730 1401 810 1469 urbe
832 1400 993 1468 retinenda
1014 1409 1102 1478 tunc,
1126 1402 1171 1468 sic
1192 1405 1327 1471 nuncin
1348 1408 1435 1473 ltalia
1458 1430 1526 1474 nou

197 1497 402 1585 relinquenda
431 1496 620 1562 testificabar
648 1497 833 1563 seutentiam
862 1515 974 1564 meam.
1025 1494 1077 1585 Sic
1105 1497 1188 1561 enim
1209 1499 1315 1581 parari
1339 1500 1450 1578 video,
1490 1511 1529 1568 ut

196 1592 361 1658 Luceriam
383 1611 492 1656 omues
514 1591 623 1677 copiae
645 1590 882 1664 contrahantur,
905 1597 997 1653 etue
1019 1588 1046 1653 is
1063 1588 1189 1675 quidem
1204 1590 1292 1657 locus
1307 1592 1442 1670 stabilis,
1466 1596 1527 1661 sed

165 1709 239 1752 snex
261 1706 301 1751 eo
321 1684 407 1770 ipso,
437 1684 464 1749 si
485 1705 671 1770 urgeamur,
699 1694 829 1769 paretur
858 1682 941 1767 suga.
985 1686 1015 1746 3·
1029 1684 1112 1759 ouo
1135 1683 1238 1749 miuus
1260 1685 1397 1762 mirere,
1426 1693 1453 1754 si
1477 1690 1528 1754 iu-

198 1779 280 1845 vitus
301 1777 335 1843 in
355 1797 424 1842 eam
445 1797 569 1843 causam
592 1776 762 1852 descendo,
785 1776 819 1842 in
841 1796 902 1862 qua
925 1795 1030 1860 neque
1051 1776 1136 1861 pacis
1152 1798 1254 1864 neque
1269 1780 1420 1848 victoriae
1438 1784 1526 1850 ratio

198 1870 338 1960 quaesita
365 1870 406 1936 sit
434 1892 573 1956 uuquam
600 1870 656 1936 sed
682 1891 806 1957 semper
826 1869 998 1956 flagitiosae
1020 1879 1051 1934 et
1072 1871 1270 1937 calamitosae
1290 1874 1394 1959 fugae.
1436 1880 1527 1942 Eun·

197 1967 289 2044 dum;
321 1974 374 2040 ut,
403 1985 620 2052 quemcunque
642 1964 708 2031 lors
730 1963 837 2030 tulerit
857 1984 977 2038 casum,
1007 1961 1136 2029 subeam
1157 1964 1263 2050 potius
1284 1988 1355 2032 cum
1376 1969 1437 2045 iis,
1467 1969 1526 2056 qui

198 2059 345 2126 dicuntur
374 2078 443 2122 esse
471 2056 564 2134 boni,
597 2080 690 2145 quam
718 2057 829 2122 videar
856 2078 875 2123 a
902 2055 995 2122 bouis
1023 2055 1199 2125 dissentire.
1248 2061 1314 2126 Etsi
1334 2062 1525 2148 propediem

161 2153 292 2223 sovideo
313 2150 487 2226 bonorum,
510 2151 541 2217 id
564 2162 627 2226 est,
650 2152 806 2218 lautorum
829 2161 860 2216 et
880 2150 1098 2236 locupletium,
1129 2152 1241 2222 urbem
1261 2154 1410 2220 relortam
1432 2155 1525 2232 lore,

198 2245 376 2331 municipiis
397 2266 475 2311 vero
495 2243 544 2310 bis
565 2245 699 2320 relictis,
728 2244 976 2311 refertissimam.
1020 2245 1093 2321 Quo
1115 2267 1175 2333 ego
1196 2254 1228 2314 in
1250 2269 1383 2315 numero
1407 2269 1523 2323 essem,

199 2341 225 2407 si
246 2339 305 2406 bos
328 2338 452 2405 lictores
474 2340 711 2406 molestissimos
734 2362 797 2406 non
819 2336 979 2410 haberem.
1023 2344 1087 2405 Nec
1107 2361 1158 2406 me
1180 2348 1229 2408 Μ’.
1246 2342 1373 2428 Lepidi,
1396 2347 1431 2409 L.
1445 2343 1524 2410 Vol-

200 2434 288 2509 catii,
321 2437 390 2500 Ser.
420 2433 549 2518 Sulpicii
579 2435 728 2500 comitum
749 2433 940 2519 poeniteret,
976 2455 1112 2520 quorum
1134 2457 1227 2503 nemo
1249 2457 1307 2502 nec
1327 2438 1452 2503 stultior
1475 2446 1524 2502 est

199 2550 292 2615 quam
322 2531 357 2592 L.
386 2527 556 2602 Domitius,
592 2548 649 2592 nec
677 2527 902 2592 inconstantior
929 2548 1023 2612 quam
1050 2534 1129 2615 App.
1159 2530 1315 2597 Claudius.
1372 2536 1403 2597 d.
1436 2535 1523 2597 Unus

161 2626 366 2708 ssPompeius
388 2642 438 2686 me
460 2629 582 2696 movet,
604 2620 771 2695 beneficio,
795 2642 859 2686 uon
880 2622 1074 2687 auctoritate.
1120 2626 1223 2701 Quam
1241 2624 1324 2690 enim
1339 2623 1390 2688 ille
1408 2621 1524 2688 habeat

199 2714 415 2782 auctoritatem
437 2719 470 2780 in
489 2713 547 2780 hac
568 2721 683 2781 causat
705 2714 775 2800 qui,
798 2735 870 2779 cum
891 2735 1000 2779 omues
1018 2719 1182 2782 Caesarem
1204 2718 1429 2792 metuebamus,
1451 2718 1522 2805 ipse

200 2831 273 2876 eum
300 2807 463 2895 diligebat3
495 2818 661 2894 postquam
690 2809 765 2893 ipse¹
787 2817 929 2871 metuere
961 2808 1080 2893 coepit,
1108 2820 1196 2895 putat
1217 2834 1326 2878 omues
1348 2812 1453 2877 hostes
1475 2812 1522 2877 illi

198 2912 348 2990 oportere
377 2923 457 2968 esse.
511 2902 628 2969 Ibimus
659 2913 763 2967 tamen
790 2901 975 2980 Luceriam;
1007 2923 1065 2967 nec
1092 2925 1164 2969 eum
1193 2904 1324 2970 fortasse
1355 2905 1523 2971 delectabit

198 3011 306 3064 noster
327 2996 487 3062 adventus.
540 2997 744 3063 Dissimulare
766 2999 849 3058 enim
871 3016 935 3060 non
957 3007 1069 3082 potero
1090 2997 1184 3074 mihi,
1214 3021 1296 3084 quae
1324 3000 1425 3066 adhuc
1452 3010 1523 3066 acta

160 3102 284 3166 sosunt,
309 3089 483 3176 displicere.
526 3093 593 3174 Ego
615 3089 642 3154 si
664 3109 808 3155 somnum
829 3109 942 3173 capere
964 3111 1105 3172 possem,
1127 3101 1189 3157 tam
1211 3092 1313 3177 longis
1328 3104 1358 3158 te
1380 3094 1523 3178 epistolis

198 3206 262 3251 non
283 3183 500 3250 obtunderem.
543 3188 606 3260 Tu,
639 3183 666 3248 si
695 3181 751 3247 tibi
780 3181 889 3246 eadem
917 3203 1010 3248 causa
1038 3193 1101 3259 est,
1133 3207 1184 3252 me
1212 3207 1417 3252 remunerere
1445 3209 1524 3255 saue

195 3280 301 3345 velim

268 3500 294 3549 1.
313 3499 430 3550 iishlll:
450 3499 490 3548 his
507 3498 551 3549 111.
577 3524 610 3534 -
645 3494 786 3562 quemad]
806 3499 924 3561 qucsnd
943 3498 988 3548 ltl.
1024 3498 1137 3551 hialims
1169 3503 1393 3565 quumquceud.
1415 3500 1467 3554 On.
1490 3526 1523 3540 -

198 3567 354 3619 Philotimus
370 3570 526 3631 scripserat:
555 3569 640 3631 ipsum
657 3569 724 3618 hlll:
744 3568 907 3617 Philotimus.
945 3569 1011 3618 lieri
1028 3570 1114 3631 ipsum
1131 3570 1160 3626 l,
1180 3571 1349 3620 Philotimus:
1367 3574 1453 3634 ipsam
1471 3585 1523 3623 suo

198 3640 329 3688 arbitratu
348 3639 497 3688 Ernestiue.
530 3664 563 3675 -
599 3638 624 3687 2.
644 3640 783 3697 misissent,
812 3639 864 3686 rsisi
882 3644 937 3687 tam
955 3639 1041 3688 subito
1059 3653 1130 3691 corr.
1149 3641 1195 3691 hl:
1222 3643 1346 3691 misissem
1365 3644 1442 3693 miser
1465 3650 1524 3692 tum

196 3708 284 3759 subito
303 3722 343 3771 pr.
363 3709 408 3766 hl,
427 3711 570 3767 misissem,
588 3710 640 3755 rsisi
658 3708 727 3770 quod
743 3709 798 3756 ium
815 3708 899 3757 subito
919 3709 949 3766 l,
977 3711 1118 3771 misissem,
1144 3711 1188 3760 sed
1204 3711 1258 3759 iam
1276 3712 1360 3761 subito
1378 3713 1418 3771 lt,
1437 3715 1524 3762 misis-

198 3792 269 3840 sm,
299 3779 344 3827 sed
361 3778 445 3827 subito
463 3792 525 3827 cam
544 3778 666 3828 Manutio
686 3777 715 3827 ll.
745 3803 773 3813 -
812 3777 839 3827 3.
858 3777 948 3827 relicto
968 3779 1011 3828 XZ
1030 3786 1056 3828 et
1074 3795 1114 3843 pr.
1135 3781 1179 3840 Μ,
1206 3781 1298 3830 delicto
1317 3781 1347 3831 ll.
1387 3780 1521 3843 (Utres,

199 3849 211 3897 l
230 3855 256 3898 et
274 3861 345 3898 corr.
365 3845 415 3909 Μ.)
435 3872 466 3883 -
503 3850 530 3898 7.
547 3854 667 3910 parceret
686 3861 726 3909 pr.
745 3846 782 3894 Μ.
802 3871 837 3884 -
862 3848 889 3897 8.
907 3862 961 3897 non
979 3863 1101 3912 quaerere
1120 3850 1178 3900 hil:
1197 3864 1251 3899 noa
1268 3864 1307 3900 me
1324 3865 1446 3914 quaerere
1464 3852 1521 3913 illi,

196 3932 237 3968 me
253 3929 308 3967 nors
326 3931 447 3982 quaerere
466 3918 538 3968 Pius.
572 3941 602 3953 -
642 3919 772 3968 tutmsimo
790 3917 929 3968 Charisius
954 3917 993 3980 (p.
1015 3920 1075 3970 173.
1094 3920 1216 3978 Putseh.)
1235 3926 1262 3969 et
1280 3934 1334 3982 mg.
1355 3922 1520 3972 Cratandris

198 3991 335 4051 tupissimo
354 3986 391 4046 Z,
417 3995 446 4038 tu
462 3988 632 4050 pessimun,
653 3990 779 4038 tutusime
797 3987 854 4036 lilii
873 3994 900 4037 et
917 4002 972 4052 mg.
992 3989 1028 4039 Μ.
1057 4013 1088 4025 -
1125 3991 1169 4041 11.
1188 3990 1301 4040 umes.
1322 4016 1350 4028 -
1389 3992 1432 4040 12.
1451 3993 1523 4042 oide-

197 4055 268 4121 hum]
298 4057 414 4107 colebam
442 4073 481 4121 pr.
507 4060 546 4109 Μ.
570 4083 605 4092 -
639 4055 685 4119 sic]
713 4060 749 4106 sia
768 4071 808 4120 pr·
828 4059 865 4108 Μ.
896 4083 932 4093 -
978 4060 1007 4108 iss
1025 4073 1079 4108 om.
1100 4074 1140 4122 pr.
1158 4061 1197 4113 Μ.
1223 4085 1254 4096 -
1291 4061 1334 4111 13.
1357 4059 1410 4125 Sic]
1429 4061 1458 4112 Ss'
1477 4076 1521 4125 pr.

198 4128 235 4179 Μ.
265 4154 297 4167 -
333 4126 376 4177 ti.
407 4128 508 4178 stabitis
525 4130 577 4188 sit,
596 4130 640 4178 sesi
658 4127 776 4177 malebat
795 4127 943 4178 Ernestius.
964 4151 994 4163 -
1032 4130 1075 4179 15.
1100 4132 1164 4180 mire
1181 4143 1223 4180 res
1245 4137 1270 4181 et
1289 4145 1330 4195 pr.
1350 4132 1521 4193 hl,'mirere

198 4200 252 4258 sed,
275 4198 374 4248 deinde
392 4200 485 4248 mirere
502 4200 545 4256 st,
567 4212 637 4247 corr.
665 4198 702 4248 Μ.
728 4219 761 4231 -
797 4199 840 4246 16.
860 4212 940 4262 aeque
956 4198 1083 4248 eiciamus
1099 4214 1180 4264 meque
1194 4202 1270 4262 pacis
1289 4203 1320 4252 a.
1355 4227 1384 4238 —
1422 4203 1465 4252 17.
1486 4204 1522 4254 sit

198 4282 254 4318 nm.
274 4283 315 4332 pr.
336 4267 379 4327 Μ,
397 4276 434 4318 est
453 4269 605 4318 Victoriana
624 4282 665 4332 pr.
685 4293 718 4303 -
753 4263 807 4328 sed]
826 4270 849 4317 si
868 4283 908 4331 pr.
928 4267 966 4318 Μ.
989 4293 1017 4303 -
1054 4270 1354 4333 [memarmali.
1377 4295 1409 4307 -
1440 4274 1484 4323 19.
1503 4287 1522 4322 u

198 4336 281 4401 honis]
309 4337 341 4388 ab
370 4339 486 4388 omnihus
503 4339 564 4389 hili.
595 4362 626 4374 -
660 4338 704 4387 20.
725 4337 879 4400 locupletum
895 4338 968 4389 ldlll.
989 4364 1022 4374 -
1058 4341 1101 4390 22.
1129 4355 1186 4390 erec
1203 4340 1303 4402 ulepids'
1318 4342 1394 4391 Luces'
1411 4343 1522 4392 mureti

199 4423 239 4472 pr.
268 4409 315 4466 hl,
342 4421 381 4457 me
404 4410 463 4458 Auli
493 4409 599 4471 Lepidi:
627 4408 722 4457 Lucci:
754 4409 865 4458 l'oicatii
894 4409 930 4458 ltl
954 4412 981 4458 et
1003 4421 1074 4460 corr.
1101 4411 1139 4461 Μ.
1177 4409 1348 4472 (Correctum
1371 4412 1399 4461 in
1424 4412 1522 4462 hisnu-

198 4479 295 4535 tiaua.)
315 4503 343 4516 -
376 4480 420 4528 23.
439 4477 572 4542 comitum}
591 4493 688 4528 mecum
707 4491 747 4540 pr.
768 4478 805 4528 Μ.
827 4501 856 4512 -
876 4477 920 4528 23.
938 4492 985 4529 esec
1002 4485 1065 4530 snte
1081 4482 1189 4531 stultior
1207 4495 1261 4530 om·
1281 4481 1312 4530 n.
1332 4482 1429 4531 -21.
1451 4483 1522 4531 tirsus

198 4562 254 4599 om.
275 4549 296 4599 1.
327 4574 354 4585 -
393 4549 436 4599 27.
455 4557 595 4614 postquam
611 4563 672 4598 uero
689 4549 743 4610 ipse
762 4548 783 4596 1.
809 4571 840 4582 -
878 4547 923 4599 28.
942 4561 994 4602 esse
1016 4558 1136 4615 oportere
1157 4551 1316 4603 Lambinus.
1336 4577 1369 4590 —
1398 4553 1522 4618 suturis

199 4620 232 4670 Β·
250 4640 283 4656 ““
318 4620 363 4671 3οι
382 4621 435 4670 {dm
453 4619 475 4668 1·
494 4644 528 4654 “
563 4618 708 4684 dimdium]
728 4618 851 4681 ame
868 4632 911 4685 pre
929 4619 968 4672 Me
