<?xml version="1.0" encoding="UTF-8"?>
<!DOCTYPE html PUBLIC "-//W3C//DTD XHTML 1.0 Transitional//EN"
    "http://www.w3.org/TR/xhtml1/DTD/xhtml1-transitional.dtd">
<html xmlns="http://www.w3.org/1999/xhtml" xml:lang="en" lang="en">
 <head>
  <title>
</title>
<meta http-equiv="Content-Type" content="text/html;charset=utf-8" />
  <meta name='ocr-system' content='tesseract 3.04.00' />
  <meta name='ocr-capabilities' content='ocr_page ocr_carea ocr_par ocr_line ocrx_word'/>
</head>
<body>
  <div class='ocr_page' id='page_1' title='image "./operaquaesupers06halmgoog_0042.png"; bbox 0 0 3256 5400; ppageno 0'>
   <div class='ocr_carea' id='block_1_1' title="bbox 190 239 288 289">
    <p class='ocr_par' dir='ltr' id='par_1_1' title="bbox 190 239 288 289">
     <span class='ocr_line' id='line_1_1' title="bbox 190 239 288 289; baseline 0 -3"><span class='ocrx_word' id='word_1_1' title='bbox 190 239 288 289; x_wconf 68' lang='lat' dir='ltr'><strong>mvl</strong></span> 
     </span>
    </p>
   </div>
   <div class='ocr_carea' id='block_1_2' title="bbox 96 384 1574 4006">
    <p class='ocr_par' dir='ltr' id='par_1_2' title="bbox 96 384 1574 4006">
     <span class='ocr_line' id='line_1_2' title="bbox 192 384 1515 474; baseline -0.001 -17"><span class='ocrx_word' id='word_1_2' title='bbox 192 407 232 457; x_wconf 91' lang='lat' dir='ltr'><strong>eo</strong></span> <span class='ocrx_word' id='word_1_3' title='bbox 247 384 399 455; x_wconf 85' lang='lat' dir='ltr'><strong>feliciore</strong></span> <span class='ocrx_word' id='word_1_4' title='bbox 414 402 573 454; x_wconf 88' lang='lat' dir='ltr'><strong>successu</strong></span> <span class='ocrx_word' id='word_1_5' title='bbox 587 387 784 473; x_wconf 77' lang='lat' dir='ltr'><strong>perageret,</strong></span> <span class='ocrx_word' id='word_1_6' title='bbox 806 386 960 452; x_wconf 87' lang='lat' dir='ltr'><strong>instituio</strong></span> <span class='ocrx_word' id='word_1_7' title='bbox 975 385 1194 453; x_wconf 78' lang='lat' dir='ltr'><strong>eruendorum</strong></span> <span class='ocrx_word' id='word_1_8' title='bbox 1213 385 1515 474; x_wconf 88' lang='lat' dir='ltr'><strong>inspiciendorum·</strong></span> 
     </span>
     <span class='ocr_line' id='line_1_3' title="bbox 192 489 1517 580; baseline 0.002 -23"><span class='ocrx_word' id='word_1_9' title='bbox 192 511 256 579; x_wconf 94' lang='lat' dir='ltr'><strong>que</strong></span> <span class='ocrx_word' id='word_1_10' title='bbox 272 489 422 560; x_wconf 92' lang='lat' dir='ltr'><strong>codicum</strong></span> <span class='ocrx_word' id='word_1_11' title='bbox 435 491 641 575; x_wconf 89' lang='lat' dir='ltr'><strong>antiquorum</strong></span> <span class='ocrx_word' id='word_1_12' title='bbox 657 508 759 556; x_wconf 87' lang='lat' dir='ltr'><strong>causa</strong></span> <span class='ocrx_word' id='word_1_13' title='bbox 774 491 892 557; x_wconf 92' lang='lat' dir='ltr'><strong>itinere</strong></span> <span class='ocrx_word' id='word_1_14' title='bbox 906 492 1089 580; x_wconf 85' lang='lat' dir='ltr'><strong>litterario,</strong></span> <span class='ocrx_word' id='word_1_15' title='bbox 1111 494 1145 558; x_wconf 91' lang='lat' dir='ltr'><strong>et</strong></span> <span class='ocrx_word' id='word_1_16' title='bbox 1168 489 1305 558; x_wconf 82' lang='lat' dir='ltr'><strong>Romam</strong></span> <span class='ocrx_word' id='word_1_17' title='bbox 1321 511 1360 559; x_wconf 89' lang='lat' dir='ltr'><strong>se</strong></span> <span class='ocrx_word' id='word_1_18' title='bbox 1374 495 1517 561; x_wconf 91' lang='lat' dir='ltr'><strong>eontulit</strong></span> 
     </span>
     <span class='ocr_line' id='line_1_4' title="bbox 192 594 1516 684; baseline 0.002 -22"><span class='ocrx_word' id='word_1_19' title='bbox 192 600 227 662; x_wconf 84' lang='lat' dir='ltr'><strong>et</strong></span> <span class='ocrx_word' id='word_1_20' title='bbox 246 614 358 662; x_wconf 92' lang='lat' dir='ltr'><strong>omnes</strong></span> <span class='ocrx_word' id='word_1_21' title='bbox 373 596 490 661; x_wconf 88' lang='lat' dir='ltr'><strong>Italiae</strong></span> <span class='ocrx_word' id='word_1_22' title='bbox 508 594 683 682; x_wconf 76' lang='lat' dir='ltr'><strong>regiones,</strong></span> <span class='ocrx_word' id='word_1_23' title='bbox 706 595 739 658; x_wconf 92' lang='lat' dir='ltr'><strong>in</strong></span> <span class='ocrx_word' id='word_1_24' title='bbox 755 594 873 680; x_wconf 91' lang='lat' dir='ltr'><strong>quihus</strong></span> <span class='ocrx_word' id='word_1_25' title='bbox 888 601 1002 661; x_wconf 83' lang='lat' dir='ltr'><strong>essent</strong></span> <span class='ocrx_word' id='word_1_26' title='bbox 1021 594 1242 663; x_wconf 77' lang='lat' dir='ltr'><strong>bibliothecae</strong></span> <span class='ocrx_word' id='word_1_27' title='bbox 1264 595 1317 663; x_wconf 89' lang='lat' dir='ltr'><strong>hia</strong></span> <span class='ocrx_word' id='word_1_28' title='bbox 1338 599 1446 684; x_wconf 89' lang='lat' dir='ltr'><strong>copiis</strong></span> <span class='ocrx_word' id='word_1_29' title='bbox 1460 598 1516 664; x_wconf 93' lang='lat' dir='ltr'><strong>ln-</strong></span> 
     </span>
     <span class='ocr_line' id='line_1_5' title="bbox 192 698 1517 790; baseline 0 -24"><span class='ocrx_word' id='word_1_30' title='bbox 192 702 340 766; x_wconf 86' lang='lat' dir='ltr'><strong>atructae</strong></span> <span class='ocrx_word' id='word_1_31' title='bbox 356 716 460 786; x_wconf 91' lang='lat' dir='ltr'><strong>eoque</strong></span> <span class='ocrx_word' id='word_1_32' title='bbox 475 700 606 763; x_wconf 93' lang='lat' dir='ltr'><strong>nomine</strong></span> <span class='ocrx_word' id='word_1_33' title='bbox 621 698 788 785; x_wconf 80' lang='lat' dir='ltr'><strong>celebres,</strong></span> <span class='ocrx_word' id='word_1_34' title='bbox 805 700 935 787; x_wconf 81' lang='lat' dir='ltr'><strong>magnis</strong></span> <span class='ocrx_word' id='word_1_35' title='bbox 949 700 1134 784; x_wconf 85' lang='lat' dir='ltr'><strong>sumptibus</strong></span> <span class='ocrx_word' id='word_1_36' title='bbox 1148 701 1355 790; x_wconf 79' lang='lat' dir='ltr'><strong>peragravit.</strong></span> <span class='ocrx_word' id='word_1_37' title='bbox 1393 699 1517 767; x_wconf 81' lang='lat' dir='ltr'><strong>Redux</strong></span> 
     </span>
     <span class='ocr_line' id='line_1_6' title="bbox 192 799 1516 891; baseline -0.002 -19"><span class='ocrx_word' id='word_1_38' title='bbox 192 823 235 872; x_wconf 88' lang='lat' dir='ltr'><strong>ex</strong></span> <span class='ocrx_word' id='word_1_39' title='bbox 250 805 382 890; x_wconf 90' lang='lat' dir='ltr'><strong>itinere,</strong></span> <span class='ocrx_word' id='word_1_40' title='bbox 404 804 438 867; x_wconf 93' lang='lat' dir='ltr'><strong>in</strong></span> <span class='ocrx_word' id='word_1_41' title='bbox 461 800 617 869; x_wconf 92' lang='lat' dir='ltr'><strong>mediocri</strong></span> <span class='ocrx_word' id='word_1_42' title='bbox 641 799 768 888; x_wconf 90' lang='lat' dir='ltr'><strong>quidem</strong></span> <span class='ocrx_word' id='word_1_43' title='bbox 786 801 997 891; x_wconf 88' lang='lat' dir='ltr'><strong>valetudine,</strong></span> <span class='ocrx_word' id='word_1_44' title='bbox 1026 821 1122 889; x_wconf 88' lang='lat' dir='ltr'><strong>quam</strong></span> <span class='ocrx_word' id='word_1_45' title='bbox 1146 802 1328 869; x_wconf 90' lang='lat' dir='ltr'><strong>studiorum</strong></span> <span class='ocrx_word' id='word_1_46' title='bbox 1349 803 1516 889; x_wconf 90' lang='lat' dir='ltr'><strong>intempe-</strong></span> 
     </span>
     <span class='ocr_line' id='line_1_7' title="bbox 191 904 1515 997; baseline -0.002 -22"><span class='ocrx_word' id='word_1_47' title='bbox 191 909 300 975; x_wconf 87' lang='lat' dir='ltr'><strong>rantia</strong></span> <span class='ocrx_word' id='word_1_48' title='bbox 326 906 557 992; x_wconf 84' lang='lat' dir='ltr'><strong>continuisque</strong></span> <span class='ocrx_word' id='word_1_49' title='bbox 586 906 753 973; x_wconf 88' lang='lat' dir='ltr'><strong>laboribus</strong></span> <span class='ocrx_word' id='word_1_50' title='bbox 777 904 878 973; x_wconf 82' lang='lat' dir='ltr'><strong>valde</strong></span> <span class='ocrx_word' id='word_1_51' title='bbox 906 906 1146 994; x_wconf 80' lang='lat' dir='ltr'><strong>infirmaverat,</strong></span> <span class='ocrx_word' id='word_1_52' title='bbox 1177 905 1239 973; x_wconf 91' lang='lat' dir='ltr'><strong>sed</strong></span> <span class='ocrx_word' id='word_1_53' title='bbox 1268 925 1389 997; x_wconf 80' lang='lat' dir='ltr'><strong>magns</strong></span> <span class='ocrx_word' id='word_1_54' title='bbox 1417 909 1515 974; x_wconf 87' lang='lat' dir='ltr'><strong>animi</strong></span> 
     </span>
     <span class='ocr_line' id='line_1_8' title="bbox 96 1009 1515 1100; baseline -0.002 -23"><span class='ocrx_word' id='word_1_55' title='bbox 96 1057 103 1077; x_wconf 82' lang='lat'><strong>.</strong></span> <span class='ocrx_word' id='word_1_56' title='bbox 191 1012 405 1080; x_wconf 89' lang='lat' dir='ltr'><strong>contentione</strong></span> <span class='ocrx_word' id='word_1_57' title='bbox 423 1010 595 1078; x_wconf 80' lang='lat' dir='ltr'><strong>Ciceronis</strong></span> <span class='ocrx_word' id='word_1_58' title='bbox 609 1009 872 1077; x_wconf 86' lang='lat' dir='ltr'><strong>emendationem</strong></span> <span class='ocrx_word' id='word_1_59' title='bbox 886 1009 1102 1100; x_wconf 81' lang='lat' dir='ltr'><strong>aggreditur,</strong></span> <span class='ocrx_word' id='word_1_60' title='bbox 1124 1009 1267 1096; x_wconf 87' lang='lat' dir='ltr'><strong>huicque</strong></span> <span class='ocrx_word' id='word_1_61' title='bbox 1280 1012 1337 1077; x_wconf 93' lang='lat' dir='ltr'><strong>uni</strong></span> <span class='ocrx_word' id='word_1_62' title='bbox 1351 1011 1400 1078; x_wconf 88' lang='lat' dir='ltr'><strong>rei</strong></span> <span class='ocrx_word' id='word_1_63' title='bbox 1417 1009 1515 1077; x_wconf 81' lang='lat' dir='ltr'><strong>addi-</strong></span> 
     </span>
     <span class='ocr_line' id='line_1_9' title="bbox 191 1112 1516 1199; baseline -0.001 -17"><span class='ocrx_word' id='word_1_64' title='bbox 191 1117 284 1198; x_wconf 91' lang='lat' dir='ltr'><strong>ctus,</strong></span> <span class='ocrx_word' id='word_1_65' title='bbox 306 1116 394 1181; x_wconf 91' lang='lat' dir='ltr'><strong>intra</strong></span> <span class='ocrx_word' id='word_1_66' title='bbox 418 1114 521 1180; x_wconf 87' lang='lat' dir='ltr'><strong>breve</strong></span> <span class='ocrx_word' id='word_1_67' title='bbox 542 1115 684 1199; x_wconf 87' lang='lat' dir='ltr'><strong>spatium</strong></span> <span class='ocrx_word' id='word_1_68' title='bbox 704 1133 808 1198; x_wconf 88' lang='lat' dir='ltr'><strong>opera</strong></span> <span class='ocrx_word' id='word_1_69' title='bbox 827 1117 900 1181; x_wconf 88' lang='lat' dir='ltr'><strong>eius</strong></span> <span class='ocrx_word' id='word_1_70' title='bbox 920 1117 954 1180; x_wconf 96' lang='lat' dir='ltr'><strong>in</strong></span> <span class='ocrx_word' id='word_1_71' title='bbox 975 1115 1081 1182; x_wconf 91' lang='lat' dir='ltr'><strong>lueem</strong></span> <span class='ocrx_word' id='word_1_72' title='bbox 1107 1113 1178 1181; x_wconf 91' lang='lat' dir='ltr'><strong>edit</strong></span> <span class='ocrx_word' id='word_1_73' title='bbox 1200 1115 1352 1182; x_wconf 82' lang='lat' dir='ltr'><strong>venetiis</strong></span> <span class='ocrx_word' id='word_1_74' title='bbox 1372 1132 1404 1180; x_wconf 88' lang='lat' dir='ltr'><strong>a.</strong></span> <span class='ocrx_word' id='word_1_75' title='bbox 1417 1112 1516 1181; x_wconf 74' lang='lat' dir='ltr'><strong>aad.</strong></span> 
     </span>
     <span class='ocr_line' id='line_1_10' title="bbox 189 1209 1515 1305; baseline -0.002 -19"><span class='ocrx_word' id='word_1_76' title='bbox 189 1217 263 1286; x_wconf 66' lang='lat' dir='ltr'><strong>Xlu</strong></span> <span class='ocrx_word' id='word_1_77' title='bbox 271 1209 332 1300; x_wconf 66' lang='lat' dir='ltr'><strong>a),</strong></span> <span class='ocrx_word' id='word_1_78' title='bbox 375 1214 450 1299; x_wconf 77' lang='lat' dir='ltr'><strong>Quo</strong></span> <span class='ocrx_word' id='word_1_79' title='bbox 465 1216 595 1304; x_wconf 89' lang='lat' dir='ltr'><strong>quidem</strong></span> <span class='ocrx_word' id='word_1_80' title='bbox 610 1223 758 1303; x_wconf 88' lang='lat' dir='ltr'><strong>tempore</strong></span> <span class='ocrx_word' id='word_1_81' title='bbox 779 1216 909 1284; x_wconf 91' lang='lat' dir='ltr'><strong>scholia</strong></span> <span class='ocrx_word' id='word_1_82' title='bbox 923 1221 956 1283; x_wconf 96' lang='lat' dir='ltr'><strong>in</strong></span> <span class='ocrx_word' id='word_1_83' title='bbox 973 1218 1146 1305; x_wconf 75' lang='lat' dir='ltr'><strong>Epistulas</strong></span> <span class='ocrx_word' id='word_1_84' title='bbox 1164 1217 1206 1284; x_wconf 87' lang='lat' dir='ltr'><strong>sd</strong></span> <span class='ocrx_word' id='word_1_85' title='bbox 1220 1218 1416 1285; x_wconf 79' lang='lat' dir='ltr'><strong>Familiares</strong></span> <span class='ocrx_word' id='word_1_86' title='bbox 1430 1236 1515 1284; x_wconf 91' lang='lat' dir='ltr'><strong>oon-</strong></span> 
     </span>
     <span class='ocr_line' id='line_1_11' title="bbox 189 1321 1515 1414; baseline -0.002 -26"><span class='ocrx_word' id='word_1_87' title='bbox 189 1324 343 1410; x_wconf 90' lang='lat' dir='ltr'><strong>scrlpsit,</strong></span> <span class='ocrx_word' id='word_1_88' title='bbox 376 1322 494 1408; x_wconf 90' lang='lat' dir='ltr'><strong>quihus</strong></span> <span class='ocrx_word' id='word_1_89' title='bbox 520 1324 554 1388; x_wconf 92' lang='lat' dir='ltr'><strong>ct</strong></span> <span class='ocrx_word' id='word_1_90' title='bbox 577 1323 672 1390; x_wconf 90' lang='lat' dir='ltr'><strong>locos</strong></span> <span class='ocrx_word' id='word_1_91' title='bbox 693 1321 899 1389; x_wconf 84' lang='lat' dir='ltr'><strong>difficiliores</strong></span> <span class='ocrx_word' id='word_1_92' title='bbox 923 1324 1118 1407; x_wconf 87' lang='lat' dir='ltr'><strong>explanavit</strong></span> <span class='ocrx_word' id='word_1_93' title='bbox 1138 1329 1172 1389; x_wconf 90' lang='lat' dir='ltr'><strong>et</strong></span> <span class='ocrx_word' id='word_1_94' title='bbox 1196 1323 1454 1414; x_wconf 79' lang='lat' dir='ltr'><strong>castigationum</strong></span> <span class='ocrx_word' id='word_1_95' title='bbox 1481 1321 1515 1386; x_wconf 91' lang='lat' dir='ltr'><strong>ln</strong></span> 
     </span>
     <span class='ocr_line' id='line_1_12' title="bbox 191 1423 1516 1514; baseline 0.002 -24"><span class='ocrx_word' id='word_1_96' title='bbox 191 1425 306 1493; x_wconf 88' lang='lat' dir='ltr'><strong>lisdem</strong></span> <span class='ocrx_word' id='word_1_97' title='bbox 324 1427 487 1492; x_wconf 82' lang='lat' dir='ltr'><strong>factarum</strong></span> <span class='ocrx_word' id='word_1_98' title='bbox 508 1427 669 1492; x_wconf 87' lang='lat' dir='ltr'><strong>rationem</strong></span> <span class='ocrx_word' id='word_1_99' title='bbox 689 1423 859 1492; x_wconf 44' lang='lat' dir='ltr'><strong>reddidit.w</strong></span> <span class='ocrx_word' id='word_1_100' title='bbox 887 1424 1039 1512; x_wconf 82' lang='lat' dir='ltr'><strong>Reliquis</strong></span> <span class='ocrx_word' id='word_1_101' title='bbox 1059 1431 1168 1492; x_wconf 89' lang='lat' dir='ltr'><strong>autem</strong></span> <span class='ocrx_word' id='word_1_102' title='bbox 1191 1426 1284 1492; x_wconf 89' lang='lat' dir='ltr'><strong>libris</strong></span> <span class='ocrx_word' id='word_1_103' title='bbox 1304 1425 1386 1490; x_wconf 92' lang='lat' dir='ltr'><strong>nihil</strong></span> <span class='ocrx_word' id='word_1_104' title='bbox 1406 1426 1516 1514; x_wconf 85' lang='lat' dir='ltr'><strong>inier-</strong></span> 
     </span>
     <span class='ocr_line' id='line_1_13' title="bbox 192 1525 1516 1617; baseline -0.002 -21"><span class='ocrx_word' id='word_1_105' title='bbox 192 1531 391 1617; x_wconf 87' lang='lat' dir='ltr'><strong>pretatlonls</strong></span> <span class='ocrx_word' id='word_1_106' title='bbox 407 1528 570 1596; x_wconf 85' lang='lat' dir='ltr'><strong>adtexuit.</strong></span> <span class='ocrx_word' id='word_1_107' title='bbox 612 1530 688 1596; x_wconf 88' lang='lat' dir='ltr'><strong>Hoc</strong></span> <span class='ocrx_word' id='word_1_108' title='bbox 702 1528 900 1596; x_wconf 88' lang='lat' dir='ltr'><strong>recensendi</strong></span> <span class='ocrx_word' id='word_1_109' title='bbox 914 1530 1017 1596; x_wconf 90' lang='lat' dir='ltr'><strong>libros</strong></span> <span class='ocrx_word' id='word_1_110' title='bbox 1031 1525 1270 1597; x_wconf 79' lang='lat' dir='ltr'><strong>Ciceronianus</strong></span> <span class='ocrx_word' id='word_1_111' title='bbox 1285 1547 1420 1595; x_wconf 87' lang='lat' dir='ltr'><strong>munere</strong></span> <span class='ocrx_word' id='word_1_112' title='bbox 1435 1548 1516 1615; x_wconf 89' lang='lat' dir='ltr'><strong>per-</strong></span> 
     </span>
     <span class='ocr_line' id='line_1_14' title="bbox 191 1632 1517 1723; baseline -0.004 -22"><span class='ocrx_word' id='word_1_113' title='bbox 191 1634 328 1701; x_wconf 89' lang='lat' dir='ltr'><strong>functus</strong></span> <span class='ocrx_word' id='word_1_114' title='bbox 343 1653 459 1699; x_wconf 89' lang='lat' dir='ltr'><strong>rursus</strong></span> <span class='ocrx_word' id='word_1_115' title='bbox 476 1632 616 1699; x_wconf 86' lang='lat' dir='ltr'><strong>Romam</strong></span> <span class='ocrx_word' id='word_1_116' title='bbox 637 1632 900 1722; x_wconf 72' lang='lat' dir='ltr'><strong>integendorum</strong></span> <span class='ocrx_word' id='word_1_117' title='bbox 918 1638 1067 1701; x_wconf 88' lang='lat' dir='ltr'><strong>veterum</strong></span> <span class='ocrx_word' id='word_1_118' title='bbox 1083 1635 1239 1700; x_wconf 88' lang='lat' dir='ltr'><strong>librorum</strong></span> <span class='ocrx_word' id='word_1_119' title='bbox 1253 1635 1365 1723; x_wconf 81' lang='lat' dir='ltr'><strong>gratia</strong></span> <span class='ocrx_word' id='word_1_120' title='bbox 1380 1632 1517 1719; x_wconf 90' lang='lat' dir='ltr'><strong>protici-</strong></span> 
     </span>
     <span class='ocr_line' id='line_1_15' title="bbox 192 1734 1518 1824; baseline -0.002 -21"><span class='ocrx_word' id='word_1_121' title='bbox 192 1740 306 1804; x_wconf 87' lang='lat' dir='ltr'><strong>scltur.</strong></span> <span class='ocrx_word' id='word_1_122' title='bbox 347 1737 459 1804; x_wconf 84' lang='lat' dir='ltr'><strong>Finita</strong></span> <span class='ocrx_word' id='word_1_123' title='bbox 472 1737 683 1824; x_wconf 84' lang='lat' dir='ltr'><strong>proiectione</strong></span> <span class='ocrx_word' id='word_1_124' title='bbox 705 1740 959 1804; x_wconf 87' lang='lat' dir='ltr'><strong>commentarios</strong></span> <span class='ocrx_word' id='word_1_125' title='bbox 976 1739 1011 1803; x_wconf 92' lang='lat' dir='ltr'><strong>in</strong></span> <span class='ocrx_word' id='word_1_126' title='bbox 1028 1736 1202 1823; x_wconf 81' lang='lat' dir='ltr'><strong>Epistulas</strong></span> <span class='ocrx_word' id='word_1_127' title='bbox 1223 1736 1265 1803; x_wconf 89' lang='lat' dir='ltr'><strong>ad</strong></span> <span class='ocrx_word' id='word_1_128' title='bbox 1287 1735 1453 1818; x_wconf 81' lang='lat' dir='ltr'><strong>Atticum,</strong></span> <span class='ocrx_word' id='word_1_129' title='bbox 1474 1734 1518 1802; x_wconf 88' lang='lat' dir='ltr'><strong>ad</strong></span> 
     </span>
     <span class='ocr_line' id='line_1_16' title="bbox 166 1827 1574 1927; baseline -0.001 -20"><span class='ocrx_word' id='word_1_130' title='bbox 166 1837 235 1924; x_wconf 77' lang='grc'><strong>’0.</strong></span> <span class='ocrx_word' id='word_1_131' title='bbox 263 1840 413 1907; x_wconf 85' lang='lat' dir='ltr'><strong>Fratrem</strong></span> <span class='ocrx_word' id='word_1_132' title='bbox 446 1845 480 1906; x_wconf 88' lang='lat' dir='ltr'><strong>et</strong></span> <span class='ocrx_word' id='word_1_133' title='bbox 509 1840 648 1906; x_wconf 88' lang='lat' dir='ltr'><strong>Brutum</strong></span> <span class='ocrx_word' id='word_1_134' title='bbox 679 1840 929 1907; x_wconf 90' lang='lat' dir='ltr'><strong>conscribendis</strong></span> <span class='ocrx_word' id='word_1_135' title='bbox 957 1846 1058 1926; x_wconf 90' lang='lat' dir='ltr'><strong>atque</strong></span> <span class='ocrx_word' id='word_1_136' title='bbox 1092 1839 1320 1927; x_wconf 88' lang='lat' dir='ltr'><strong>perpoliendls</strong></span> <span class='ocrx_word' id='word_1_137' title='bbox 1352 1843 1518 1926; x_wconf 88' lang='lat' dir='ltr'><strong>intentus,</strong></span> <span class='ocrx_word' id='word_1_138' title='bbox 1570 1827 1574 1843; x_wconf 67' lang='grc'><strong>“</strong></span> 
     </span>
     <span class='ocr_line' id='line_1_17' title="bbox 194 1943 1518 2030; baseline -0.002 -20"><span class='ocrx_word' id='word_1_139' title='bbox 194 1943 410 2030; x_wconf 87' lang='lat' dir='ltr'><strong>quadriennio</strong></span> <span class='ocrx_word' id='word_1_140' title='bbox 430 1946 697 2011; x_wconf 90' lang='lat' dir='ltr'><strong>commentarium</strong></span> <span class='ocrx_word' id='word_1_141' title='bbox 725 1945 759 2009; x_wconf 92' lang='lat' dir='ltr'><strong>in</strong></span> <span class='ocrx_word' id='word_1_142' title='bbox 780 1944 954 2030; x_wconf 81' lang='lat' dir='ltr'><strong>Epistulas</strong></span> <span class='ocrx_word' id='word_1_143' title='bbox 972 1944 1015 2011; x_wconf 94' lang='lat' dir='ltr'><strong>ad</strong></span> <span class='ocrx_word' id='word_1_144' title='bbox 1039 1945 1188 2012; x_wconf 85' lang='lat' dir='ltr'><strong>Atticum</strong></span> <span class='ocrx_word' id='word_1_145' title='bbox 1207 1946 1392 2011; x_wconf 88' lang='lat' dir='ltr'><strong>absolutum</strong></span> <span class='ocrx_word' id='word_1_146' title='bbox 1415 1943 1518 2011; x_wconf 86' lang='lat' dir='ltr'><strong>edidit</strong></span> 
     </span>
     <span class='ocr_line' id='line_1_18' title="bbox 192 2039 1517 2136; baseline -0.002 -21"><span class='ocrx_word' id='word_1_147' title='bbox 192 2066 223 2115; x_wconf 88' lang='lat' dir='ltr'><strong>a.</strong></span> <span class='ocrx_word' id='word_1_148' title='bbox 247 2039 590 2129; x_wconf 58' lang='lat' dir='ltr'><strong>mamutii).</strong></span> <span class='ocrx_word' id='word_1_149' title='bbox 633 2045 776 2115; x_wconf 83' lang='lat' dir='ltr'><strong>Cireiter</strong></span> <span class='ocrx_word' id='word_1_150' title='bbox 800 2066 830 2113; x_wconf 93' lang='lat' dir='ltr'><strong>a.</strong></span> <span class='ocrx_word' id='word_1_151' title='bbox 844 2046 1042 2115; x_wconf 87' lang='lat' dir='ltr'><strong>M.D.Llll.</strong></span> <span class='ocrx_word' id='word_1_152' title='bbox 1068 2047 1208 2114; x_wconf 87' lang='lat' dir='ltr'><strong>Romam</strong></span> <span class='ocrx_word' id='word_1_153' title='bbox 1237 2068 1372 2136; x_wconf 90' lang='lat' dir='ltr'><strong>rursus,</strong></span> <span class='ocrx_word' id='word_1_154' title='bbox 1393 2051 1432 2114; x_wconf 93' lang='lat' dir='ltr'><strong>ut</strong></span> <span class='ocrx_word' id='word_1_155' title='bbox 1452 2065 1517 2114; x_wconf 86' lang='lat' dir='ltr'><strong>vo-</strong></span> 
     </span>
     <span class='ocr_line' id='line_1_19' title="bbox 192 2151 1520 2240; baseline 0 -22"><span class='ocrx_word' id='word_1_156' title='bbox 192 2154 284 2219; x_wconf 92' lang='lat' dir='ltr'><strong>teres</strong></span> <span class='ocrx_word' id='word_1_157' title='bbox 315 2152 409 2219; x_wconf 88' lang='lat' dir='ltr'><strong>libris</strong></span> <span class='ocrx_word' id='word_1_158' title='bbox 438 2151 635 2237; x_wconf 89' lang='lat' dir='ltr'><strong>inspiceret,</strong></span> <span class='ocrx_word' id='word_1_159' title='bbox 672 2153 839 2240; x_wconf 82' lang='lat' dir='ltr'><strong>migravit.</strong></span> <span class='ocrx_word' id='word_1_160' title='bbox 881 2154 951 2218; x_wconf 93' lang='lat' dir='ltr'><strong>Iam</strong></span> <span class='ocrx_word' id='word_1_161' title='bbox 977 2154 1116 2218; x_wconf 89' lang='lat' dir='ltr'><strong>animum</strong></span> <span class='ocrx_word' id='word_1_162' title='bbox 1143 2155 1241 2219; x_wconf 87' lang='lat' dir='ltr'><strong>etlam</strong></span> <span class='ocrx_word' id='word_1_163' title='bbox 1265 2151 1308 2219; x_wconf 91' lang='lat' dir='ltr'><strong>ad</strong></span> <span class='ocrx_word' id='word_1_164' title='bbox 1330 2152 1520 2238; x_wconf 81' lang='lat' dir='ltr'><strong>explanan-</strong></span> 
     </span>
     <span class='ocr_line' id='line_1_20' title="bbox 193 2252 1519 2344; baseline -0.002 -22"><span class='ocrx_word' id='word_1_165' title='bbox 193 2255 255 2323; x_wconf 88' lang='lat' dir='ltr'><strong>das</strong></span> <span class='ocrx_word' id='word_1_166' title='bbox 278 2252 450 2324; x_wconf 83' lang='lat' dir='ltr'><strong>Ciceronis</strong></span> <span class='ocrx_word' id='word_1_167' title='bbox 471 2252 652 2322; x_wconf 82' lang='lat' dir='ltr'><strong>Orationes</strong></span> <span class='ocrx_word' id='word_1_168' title='bbox 677 2259 845 2324; x_wconf 88' lang='lat' dir='ltr'><strong>convertit</strong></span> <span class='ocrx_word' id='word_1_169' title='bbox 867 2261 902 2323; x_wconf 94' lang='lat' dir='ltr'><strong>et</strong></span> <span class='ocrx_word' id='word_1_170' title='bbox 921 2261 1085 2344; x_wconf 90' lang='lat' dir='ltr'><strong>tamquam</strong></span> <span class='ocrx_word' id='word_1_171' title='bbox 1109 2260 1221 2342; x_wconf 91' lang='lat' dir='ltr'><strong>operis</strong></span> <span class='ocrx_word' id='word_1_172' title='bbox 1241 2258 1408 2343; x_wconf 86' lang='lat' dir='ltr'><strong>universi,</strong></span> <span class='ocrx_word' id='word_1_173' title='bbox 1431 2253 1519 2342; x_wconf 90' lang='lat' dir='ltr'><strong>quod</strong></span> 
     </span>
     <span class='ocr_line' id='line_1_21' title="bbox 192 2349 1519 2448; baseline -0.002 -22"><span class='ocrx_word' id='word_1_174' title='bbox 192 2360 295 2427; x_wconf 90' lang='lat' dir='ltr'><strong>multo</strong></span> <span class='ocrx_word' id='word_1_175' title='bbox 311 2360 425 2426; x_wconf 90' lang='lat' dir='ltr'><strong>labore</strong></span> <span class='ocrx_word' id='word_1_176' title='bbox 440 2358 673 2446; x_wconf 85' lang='lat' dir='ltr'><strong>perficiendum</strong></span> <span class='ocrx_word' id='word_1_177' title='bbox 690 2361 778 2443; x_wconf 88' lang='lat' dir='ltr'><strong>erat,</strong></span> <span class='ocrx_word' id='word_1_178' title='bbox 807 2361 983 2448; x_wconf 83' lang='lat' dir='ltr'><strong>imaginem</strong></span> <span class='ocrx_word' id='word_1_179' title='bbox 997 2379 1027 2427; x_wconf 87' lang='lat' dir='ltr'><strong>a.</strong></span> <span class='ocrx_word' id='word_1_180' title='bbox 1040 2359 1091 2427; x_wconf 89' lang='lat' dir='ltr'><strong>M.</strong></span> <span class='ocrx_word' id='word_1_181' title='bbox 1099 2349 1519 2428; x_wconf 71' lang='lat' dir='ltr'><strong>D.l.VI.&#39;oommentarlum</strong></span> 
     </span>
     <span class='ocr_line' id='line_1_22' title="bbox 192 2457 1520 2550; baseline -0.001 -21"><span class='ocrx_word' id='word_1_182' title='bbox 192 2465 228 2530; x_wconf 89' lang='lat' dir='ltr'><strong>in</strong></span> <span class='ocrx_word' id='word_1_183' title='bbox 245 2460 433 2531; x_wconf 82' lang='lat' dir='ltr'><strong>Orationem</strong></span> <span class='ocrx_word' id='word_1_184' title='bbox 449 2483 511 2549; x_wconf 94' lang='lat' dir='ltr'><strong>pro</strong></span> <span class='ocrx_word' id='word_1_185' title='bbox 531 2457 645 2530; x_wconf 88' lang='lat' dir='ltr'><strong>Sestio</strong></span> <span class='ocrx_word' id='word_1_186' title='bbox 666 2460 779 2529; x_wconf 89' lang='lat' dir='ltr'><strong>edidit.</strong></span> <span class='ocrx_word' id='word_1_187' title='bbox 804 2461 1089 2549; x_wconf 78' lang='lat' dir='ltr'><strong>n.M.li.i.v11.‚</strong></span> <span class='ocrx_word' id='word_1_188' title='bbox 1113 2483 1207 2544; x_wconf 90' lang='lat' dir='ltr'><strong>quem</strong></span> <span class='ocrx_word' id='word_1_189' title='bbox 1229 2465 1291 2529; x_wconf 87' lang='lat' dir='ltr'><strong>iam</strong></span> <span class='ocrx_word' id='word_1_190' title='bbox 1313 2465 1440 2550; x_wconf 89' lang='lat' dir='ltr'><strong>aliquot</strong></span> <span class='ocrx_word' id='word_1_191' title='bbox 1454 2464 1520 2529; x_wconf 90' lang='lat' dir='ltr'><strong>ab-</strong></span> 
     </span>
     <span class='ocr_line' id='line_1_23' title="bbox 193 2564 1520 2653; baseline -0.002 -20"><span class='ocrx_word' id='word_1_192' title='bbox 193 2566 272 2633; x_wconf 92' lang='lat' dir='ltr'><strong>hinc</strong></span> <span class='ocrx_word' id='word_1_193' title='bbox 293 2569 389 2634; x_wconf 92' lang='lat' dir='ltr'><strong>annis</strong></span> <span class='ocrx_word' id='word_1_194' title='bbox 411 2565 652 2653; x_wconf 85' lang='lat' dir='ltr'><strong>adornaverat,</strong></span> <span class='ocrx_word' id='word_1_195' title='bbox 674 2567 940 2633; x_wconf 87' lang='lat' dir='ltr'><strong>commentarium</strong></span> <span class='ocrx_word' id='word_1_196' title='bbox 961 2568 995 2632; x_wconf 94' lang='lat' dir='ltr'><strong>in</strong></span> <span class='ocrx_word' id='word_1_197' title='bbox 1012 2566 1187 2653; x_wconf 90' lang='lat' dir='ltr'><strong>Epistulas</strong></span> <span class='ocrx_word' id='word_1_198' title='bbox 1204 2565 1249 2633; x_wconf 93' lang='lat' dir='ltr'><strong>ad</strong></span> <span class='ocrx_word' id='word_1_199' title='bbox 1271 2567 1410 2633; x_wconf 89' lang='lat' dir='ltr'><strong>Brutum</strong></span> <span class='ocrx_word' id='word_1_200' title='bbox 1427 2571 1461 2634; x_wconf 91' lang='lat' dir='ltr'><strong>et</strong></span> <span class='ocrx_word' id='word_1_201' title='bbox 1476 2564 1520 2631; x_wconf 92' lang='lat' dir='ltr'><strong>ad</strong></span> 
     </span>
     <span class='ocr_line' id='line_1_24' title="bbox 98 2667 1519 2769; baseline -0.001 -33"><span class='ocrx_word' id='word_1_202' title='bbox 98 2751 102 2769; x_wconf 40' lang='grc' dir='ltr'>Ι</span> <span class='ocrx_word' id='word_1_203' title='bbox 195 2667 236 2753; x_wconf 77' lang='grc'><strong>0.</strong></span> <span class='ocrx_word' id='word_1_204' title='bbox 250 2669 401 2736; x_wconf 79' lang='lat' dir='ltr'><strong>Fratrem</strong></span> <span class='ocrx_word' id='word_1_205' title='bbox 417 2671 570 2757; x_wconf 90' lang='lat' dir='ltr'><strong>publicae</strong></span> <span class='ocrx_word' id='word_1_206' title='bbox 587 2669 652 2736; x_wconf 91' lang='lat' dir='ltr'><strong>luci</strong></span> <span class='ocrx_word' id='word_1_207' title='bbox 668 2672 833 2754; x_wconf 88' lang='lat' dir='ltr'><strong>exposuit.</strong></span> <span class='ocrx_word' id='word_1_208' title='bbox 866 2670 912 2736; x_wconf 93' lang='lat' dir='ltr'><strong>Et</strong></span> <span class='ocrx_word' id='word_1_209' title='bbox 928 2689 1000 2737; x_wconf 91' lang='lat' dir='ltr'><strong>eum</strong></span> <span class='ocrx_word' id='word_1_210' title='bbox 1015 2675 1177 2758; x_wconf 90' lang='lat' dir='ltr'><strong>sequente</strong></span> <span class='ocrx_word' id='word_1_211' title='bbox 1192 2690 1280 2737; x_wconf 89' lang='lat' dir='ltr'><strong>anno</strong></span> <span class='ocrx_word' id='word_1_212' title='bbox 1299 2670 1410 2738; x_wconf 83' lang='lat' dir='ltr'><strong>Aldus</strong></span> <span class='ocrx_word' id='word_1_213' title='bbox 1424 2671 1519 2757; x_wconf 89' lang='lat' dir='ltr'><strong>iilius,</strong></span> 
     </span>
     <span class='ocr_line' id='line_1_25' title="bbox 195 2769 1519 2869; baseline 0.002 -31"><span class='ocrx_word' id='word_1_214' title='bbox 195 2778 378 2869; x_wconf 83' lang='lat' dir='ltr'><strong>praeeunte</strong></span> <span class='ocrx_word' id='word_1_215' title='bbox 397 2776 508 2858; x_wconf 91' lang='lat' dir='ltr'><strong>patre,</strong></span> <span class='ocrx_word' id='word_1_216' title='bbox 530 2772 704 2859; x_wconf 87' lang='lat' dir='ltr'><strong>Epistulas</strong></span> <span class='ocrx_word' id='word_1_217' title='bbox 722 2769 766 2839; x_wconf 92' lang='lat' dir='ltr'><strong>ad</strong></span> <span class='ocrx_word' id='word_1_218' title='bbox 782 2772 976 2840; x_wconf 86' lang='lat' dir='ltr'><strong>Familiares</strong></span> <span class='ocrx_word' id='word_1_219' title='bbox 992 2774 1108 2864; x_wconf 83' lang='lat' dir='ltr'><strong>legere</strong></span> <span class='ocrx_word' id='word_1_220' title='bbox 1127 2777 1309 2863; x_wconf 88' lang='lat' dir='ltr'><strong>inciperet,</strong></span> <span class='ocrx_word' id='word_1_221' title='bbox 1329 2779 1366 2841; x_wconf 91' lang='lat' dir='ltr'><strong>ut</strong></span> <span class='ocrx_word' id='word_1_222' title='bbox 1384 2775 1519 2843; x_wconf 79' lang='lat' dir='ltr'><strong>facilio-</strong></span> 
     </span>
     <span class='ocr_line' id='line_1_26' title="bbox 193 2873 1518 2967; baseline 0 -25"><span class='ocrx_word' id='word_1_223' title='bbox 193 2896 264 2945; x_wconf 89' lang='lat' dir='ltr'><strong>rem</strong></span> <span class='ocrx_word' id='word_1_224' title='bbox 282 2896 392 2945; x_wconf 90' lang='lat' dir='ltr'><strong>earum</strong></span> <span class='ocrx_word' id='word_1_225' title='bbox 406 2877 660 2966; x_wconf 82' lang='lat' dir='ltr'><strong>intelligentiam</strong></span> <span class='ocrx_word' id='word_1_226' title='bbox 681 2877 729 2942; x_wconf 95' lang='lat' dir='ltr'><strong>illi</strong></span> <span class='ocrx_word' id='word_1_227' title='bbox 750 2873 923 2965; x_wconf 87' lang='lat' dir='ltr'><strong>redderet,</strong></span> <span class='ocrx_word' id='word_1_228' title='bbox 947 2897 1024 2958; x_wconf 81' lang='lat' dir='ltr'><strong>eas,</strong></span> <span class='ocrx_word' id='word_1_229' title='bbox 1046 2879 1204 2945; x_wconf 90' lang='lat' dir='ltr'><strong>brevibus</strong></span> <span class='ocrx_word' id='word_1_230' title='bbox 1223 2878 1359 2945; x_wconf 88' lang='lat' dir='ltr'><strong>scholiis</strong></span> <span class='ocrx_word' id='word_1_231' title='bbox 1377 2879 1518 2967; x_wconf 81' lang='lat' dir='ltr'><strong>margini</strong></span> 
     </span>
     <span class='ocr_line' id='line_1_27' title="bbox 194 2971 1557 3066; baseline 0 -19"><span class='ocrx_word' id='word_1_232' title='bbox 194 2980 332 3065; x_wconf 90' lang='lat' dir='ltr'><strong>additis,</strong></span> <span class='ocrx_word' id='word_1_233' title='bbox 354 2981 504 3047; x_wconf 77' lang='lat' dir='ltr'><strong>turmulis</strong></span> <span class='ocrx_word' id='word_1_234' title='bbox 524 2982 594 3047; x_wconf 91' lang='lat' dir='ltr'><strong>suls</strong></span> <span class='ocrx_word' id='word_1_235' title='bbox 615 2971 921 3065; x_wconf 63' lang='lat' dir='ltr'><strong>descripsit***).</strong></span> <span class='ocrx_word' id='word_1_236' title='bbox 963 2982 1020 3048; x_wconf 84' lang='lat' dir='ltr'><strong>Ab</strong></span> <span class='ocrx_word' id='word_1_237' title='bbox 1041 3001 1081 3048; x_wconf 92' lang='lat' dir='ltr'><strong>eo</strong></span> <span class='ocrx_word' id='word_1_238' title='bbox 1101 2980 1178 3048; x_wconf 92' lang='lat' dir='ltr'><strong>inde</strong></span> <span class='ocrx_word' id='word_1_239' title='bbox 1198 2985 1347 3066; x_wconf 88' lang='lat' dir='ltr'><strong>tempore</strong></span> <span class='ocrx_word' id='word_1_240' title='bbox 1363 2980 1405 3049; x_wconf 90' lang='lat' dir='ltr'><strong>de</strong></span> <span class='ocrx_word' id='word_1_241' title='bbox 1428 2983 1520 3049; x_wconf 88' lang='lat' dir='ltr'><strong>inte·</strong></span> <span class='ocrx_word' id='word_1_242' title='bbox 1554 3039 1557 3046; x_wconf 75' lang='grc'>,</span> 
     </span>
     <span class='ocr_line' id='line_1_28' title="bbox 194 3080 1519 3176; baseline -0.002 -24"><span class='ocrx_word' id='word_1_243' title='bbox 194 3080 268 3176; x_wconf 78' lang='lat' dir='ltr'><strong>gris</strong></span> <span class='ocrx_word' id='word_1_244' title='bbox 284 3085 528 3152; x_wconf 90' lang='lat' dir='ltr'><strong>commentariis</strong></span> <span class='ocrx_word' id='word_1_245' title='bbox 550 3086 583 3148; x_wconf 95' lang='lat' dir='ltr'><strong>in</strong></span> <span class='ocrx_word' id='word_1_246' title='bbox 605 3082 667 3149; x_wconf 91' lang='lat' dir='ltr'><strong>has</strong></span> <span class='ocrx_word' id='word_1_247' title='bbox 689 3083 864 3170; x_wconf 88' lang='lat' dir='ltr'><strong>Epistulas</strong></span> <span class='ocrx_word' id='word_1_248' title='bbox 885 3084 1098 3152; x_wconf 86' lang='lat' dir='ltr'><strong>elaborandis</strong></span> <span class='ocrx_word' id='word_1_249' title='bbox 1118 3087 1207 3153; x_wconf 88' lang='lat' dir='ltr'><strong>serio</strong></span> <span class='ocrx_word' id='word_1_250' title='bbox 1230 3087 1382 3172; x_wconf 82' lang='lat' dir='ltr'><strong>cogitare</strong></span> <span class='ocrx_word' id='word_1_251' title='bbox 1397 3086 1519 3170; x_wconf 89' lang='lat' dir='ltr'><strong>eoepit.</strong></span> 
     </span>
     <span class='ocr_line' id='line_1_29' title="bbox 196 3186 1519 3275; baseline -0.003 -18"><span class='ocrx_word' id='word_1_252' title='bbox 196 3189 297 3257; x_wconf 81' lang='lat' dir='ltr'><strong>Cuius</strong></span> <span class='ocrx_word' id='word_1_253' title='bbox 320 3190 369 3256; x_wconf 87' lang='lat' dir='ltr'><strong>rei</strong></span> <span class='ocrx_word' id='word_1_254' title='bbox 393 3188 519 3254; x_wconf 93' lang='lat' dir='ltr'><strong>initium</strong></span> <span class='ocrx_word' id='word_1_255' title='bbox 551 3188 632 3254; x_wconf 90' lang='lat' dir='ltr'><strong>iecit</strong></span> <span class='ocrx_word' id='word_1_256' title='bbox 654 3207 685 3253; x_wconf 92' lang='lat' dir='ltr'><strong>a.</strong></span> <span class='ocrx_word' id='word_1_257' title='bbox 700 3186 751 3253; x_wconf 91' lang='lat' dir='ltr'><strong>M.</strong></span> <span class='ocrx_word' id='word_1_258' title='bbox 760 3187 900 3272; x_wconf 64' lang='lat' dir='ltr'><strong>ltux,</strong></span> <span class='ocrx_word' id='word_1_259' title='bbox 930 3209 994 3275; x_wconf 94' lang='lat' dir='ltr'><strong>quo</strong></span> <span class='ocrx_word' id='word_1_260' title='bbox 1017 3188 1060 3255; x_wconf 91' lang='lat' dir='ltr'><strong>ad</strong></span> <span class='ocrx_word' id='word_1_261' title='bbox 1082 3188 1132 3255; x_wconf 91' lang='lat' dir='ltr'><strong>M.</strong></span> <span class='ocrx_word' id='word_1_262' title='bbox 1146 3189 1327 3255; x_wconf 86' lang='lat' dir='ltr'><strong>Antonium</strong></span> <span class='ocrx_word' id='word_1_263' title='bbox 1347 3189 1519 3256; x_wconf 87' lang='lat' dir='ltr'><strong>Mureium</strong></span> 
     </span>
     <span class='ocr_line' id='line_1_30' title="bbox 194 3289 1519 3382; baseline -0.002 -23"><span class='ocrx_word' id='word_1_264' title='bbox 194 3292 267 3360; x_wconf 81' lang='lat' dir='ltr'><strong>Lib.</strong></span> <span class='ocrx_word' id='word_1_265' title='bbox 280 3291 322 3359; x_wconf 87' lang='lat' dir='ltr'><strong>V.</strong></span> <span class='ocrx_word' id='word_1_266' title='bbox 342 3293 451 3379; x_wconf 91' lang='lat' dir='ltr'><strong>Epist.</strong></span> <span class='ocrx_word' id='word_1_267' title='bbox 468 3289 530 3360; x_wconf 85' lang='lat'><strong>19.</strong></span> <span class='ocrx_word' id='word_1_268' title='bbox 553 3294 600 3358; x_wconf 90' lang='lat' dir='ltr'><strong>lta</strong></span> <span class='ocrx_word' id='word_1_269' title='bbox 616 3293 749 3359; x_wconf 88' lang='lat' dir='ltr'><strong>scribit:</strong></span> <span class='ocrx_word' id='word_1_270' title='bbox 771 3289 850 3379; x_wconf 81' lang='lat' dir='ltr'><strong>Epo</strong></span> <span class='ocrx_word' id='word_1_271' title='bbox 866 3312 975 3382; x_wconf 81' lang='lat' dir='ltr'><strong>erutae,</strong></span> <span class='ocrx_word' id='word_1_272' title='bbox 997 3294 1088 3381; x_wconf 84' lang='lat' dir='ltr'><strong>quod</strong></span> <span class='ocrx_word' id='word_1_273' title='bbox 1107 3298 1288 3381; x_wconf 84' lang='lat' dir='ltr'><strong>occeptum</strong></span> <span class='ocrx_word' id='word_1_274' title='bbox 1302 3293 1443 3359; x_wconf 71' lang='lat' dir='ltr'><strong>dimotae</strong></span> <span class='ocrx_word' id='word_1_275' title='bbox 1458 3293 1519 3359; x_wconf 84' lang='lat' dir='ltr'><strong>be-</strong></span> 
     </span>
     <span class='ocr_line' id='line_1_31' title="bbox 195 3393 1519 3488; baseline -0.002 -25"><span class='ocrx_word' id='word_1_276' title='bbox 195 3400 362 3485; x_wconf 79' lang='lat' dir='ltr'><strong>ottpattutt</strong></span> <span class='ocrx_word' id='word_1_277' title='bbox 377 3393 505 3486; x_wconf 80' lang='lat' dir='ltr'><strong>resero,</strong></span> <span class='ocrx_word' id='word_1_278' title='bbox 528 3396 680 3488; x_wconf 78' lang='lat' dir='ltr'><strong>quodque</strong></span> <span class='ocrx_word' id='word_1_279' title='bbox 698 3394 762 3462; x_wconf 80' lang='lat' dir='ltr'><strong>tibi</strong></span> <span class='ocrx_word' id='word_1_280' title='bbox 784 3401 868 3484; x_wconf 84' lang='lat' dir='ltr'><strong>puto</strong></span> <span class='ocrx_word' id='word_1_281' title='bbox 888 3394 966 3482; x_wconf 82' lang='lat' dir='ltr'><strong>fore</strong></span> <span class='ocrx_word' id='word_1_282' title='bbox 989 3397 1293 3487; x_wconf 83' lang='lat' dir='ltr'><strong>tucuradtssimum,</strong></span> <span class='ocrx_word' id='word_1_283' title='bbox 1319 3395 1519 3462; x_wconf 82' lang='lat' dir='ltr'><strong>ootetudboe</strong></span> 
     </span>
     <span class='ocr_line' id='line_1_32' title="bbox 195 3499 1519 3591; baseline -0.004 -23"><span class='ocrx_word' id='word_1_284' title='bbox 195 3506 277 3568; x_wconf 84' lang='lat' dir='ltr'><strong>utor</strong></span> <span class='ocrx_word' id='word_1_285' title='bbox 290 3503 380 3567; x_wconf 83' lang='lat' dir='ltr'><strong>satio</strong></span> <span class='ocrx_word' id='word_1_286' title='bbox 395 3500 591 3591; x_wconf 85' lang='lat' dir='ltr'><strong>commoda,</strong></span> <span class='ocrx_word' id='word_1_287' title='bbox 614 3499 721 3565; x_wconf 81' lang='lat' dir='ltr'><strong>oculis</strong></span> <span class='ocrx_word' id='word_1_288' title='bbox 745 3500 881 3590; x_wconf 78' lang='lat' dir='ltr'><strong>quidem</strong></span> <span class='ocrx_word' id='word_1_289' title='bbox 896 3504 1052 3588; x_wconf 81' lang='lat' dir='ltr'><strong>optimis,</strong></span> <span class='ocrx_word' id='word_1_290' title='bbox 1075 3501 1166 3589; x_wconf 82' lang='lat' dir='ltr'><strong>quod</strong></span> <span class='ocrx_word' id='word_1_291' title='bbox 1185 3500 1318 3589; x_wconf 78' lang='lat' dir='ltr'><strong>aliquot</strong></span> <span class='ocrx_word' id='word_1_292' title='bbox 1332 3503 1436 3567; x_wconf 74' lang='lat' dir='ltr'><strong>onerata</strong></span> <span class='ocrx_word' id='word_1_293' title='bbox 1448 3516 1519 3564; x_wconf 78' lang='lat' dir='ltr'><strong>stoa</strong></span> 
     </span>
     <span class='ocr_line' id='line_1_33' title="bbox 197 3594 1519 3694; baseline -0.002 -23"><span class='ocrx_word' id='word_1_294' title='bbox 197 3606 351 3689; x_wconf 78' lang='lat' dir='ltr'><strong>coorttplt.</strong></span> <span class='ocrx_word' id='word_1_295' title='bbox 394 3598 535 3694; x_wconf 82' lang='lat' dir='ltr'><strong>ltaque,</strong></span> <span class='ocrx_word' id='word_1_296' title='bbox 557 3621 635 3669; x_wconf 84' lang='lat' dir='ltr'><strong>eam</strong></span> <span class='ocrx_word' id='word_1_297' title='bbox 660 3606 769 3668; x_wconf 85' lang='lat' dir='ltr'><strong>otium</strong></span> <span class='ocrx_word' id='word_1_298' title='bbox 793 3621 863 3668; x_wconf 82' lang='lat' dir='ltr'><strong>oron</strong></span> <span class='ocrx_word' id='word_1_299' title='bbox 886 3601 1018 3688; x_wconf 75' lang='lat' dir='ltr'><strong>seruam</strong></span> <span class='ocrx_word' id='word_1_300' title='bbox 1040 3594 1131 3683; x_wconf 78' lang='lat' dir='ltr'><strong>(scis</strong></span> <span class='ocrx_word' id='word_1_301' title='bbox 1152 3609 1244 3670; x_wconf 82' lang='lat' dir='ltr'><strong>etaim</strong></span> <span class='ocrx_word' id='word_1_302' title='bbox 1266 3621 1320 3669; x_wconf 86' lang='lat' dir='ltr'><strong>mo</strong></span> <span class='ocrx_word' id='word_1_303' title='bbox 1346 3607 1519 3694; x_wconf 79' lang='lat' dir='ltr'><strong>qesicseere</strong></span> 
     </span>
     <span class='ocr_line' id='line_1_34' title="bbox 197 3696 1520 3796; baseline -0.002 -23"><span class='ocrx_word' id='word_1_304' title='bbox 197 3725 268 3774; x_wconf 78' lang='lat' dir='ltr'><strong>aori</strong></span> <span class='ocrx_word' id='word_1_305' title='bbox 288 3696 431 3795; x_wconf 82' lang='lat' dir='ltr'><strong>posse),</strong></span> <span class='ocrx_word' id='word_1_306' title='bbox 465 3708 729 3772; x_wconf 80' lang='lat' dir='ltr'><strong>commentarios</strong></span> <span class='ocrx_word' id='word_1_307' title='bbox 757 3706 973 3796; x_wconf 76' lang='lat' dir='ltr'><strong>iatraliptice</strong></span> <span class='ocrx_word' id='word_1_308' title='bbox 1003 3700 1181 3774; x_wconf 77' lang='lat' dir='ltr'><strong>Ciceronis</strong></span> <span class='ocrx_word' id='word_1_309' title='bbox 1209 3705 1394 3794; x_wconf 77' lang='lat' dir='ltr'><strong>Epistulas</strong></span> <span class='ocrx_word' id='word_1_310' title='bbox 1423 3708 1520 3793; x_wconf 79' lang='lat' dir='ltr'><strong>coepi</strong></span> 
     </span>
     <span class='ocr_line' id='line_1_35' title="bbox 198 3805 1519 3900; baseline -0.002 -24"><span class='ocrx_word' id='word_1_311' title='bbox 198 3814 335 3897; x_wconf 78' lang='lat' dir='ltr'><strong>teuere3</strong></span> <span class='ocrx_word' id='word_1_312' title='bbox 358 3814 410 3900; x_wconf 86' lang='lat' dir='ltr'><strong>et,</strong></span> <span class='ocrx_word' id='word_1_313' title='bbox 431 3812 473 3877; x_wconf 83' lang='lat' dir='ltr'><strong>ut</strong></span> <span class='ocrx_word' id='word_1_314' title='bbox 491 3813 598 3876; x_wconf 78' lang='lat' dir='ltr'><strong>lotitia</strong></span> <span class='ocrx_word' id='word_1_315' title='bbox 618 3812 716 3899; x_wconf 78' lang='lat' dir='ltr'><strong>sutri,</strong></span> <span class='ocrx_word' id='word_1_316' title='bbox 737 3828 881 3895; x_wconf 80' lang='lat' dir='ltr'><strong>prorsus</strong></span> <span class='ocrx_word' id='word_1_317' title='bbox 901 3810 1078 3877; x_wconf 62' lang='lat' dir='ltr'><strong>irmeutria</strong></span> <span class='ocrx_word' id='word_1_318' title='bbox 1092 3829 1162 3876; x_wconf 83' lang='lat' dir='ltr'><strong>raon</strong></span> <span class='ocrx_word' id='word_1_319' title='bbox 1180 3809 1315 3885; x_wconf 80' lang='grc' dir='ltr'><strong>οἴχεται.</strong></span> <span class='ocrx_word' id='word_1_320' title='bbox 1358 3805 1519 3898; x_wconf 83' lang='lat' dir='ltr'><strong>Adsolot,</strong></span> 
     </span>
     <span class='ocr_line' id='line_1_36' title="bbox 196 3911 1520 4006; baseline -0.002 -24"><span class='ocrx_word' id='word_1_321' title='bbox 196 3918 239 3982; x_wconf 83' lang='lat' dir='ltr'><strong>ut</strong></span> <span class='ocrx_word' id='word_1_322' title='bbox 251 3911 337 3980; x_wconf 81' lang='lat' dir='ltr'><strong>mihi</strong></span> <span class='ocrx_word' id='word_1_323' title='bbox 351 3911 486 3999; x_wconf 67' lang='lat' dir='ltr'><strong>widem</strong></span> <span class='ocrx_word' id='word_1_324' title='bbox 499 3913 653 4003; x_wconf 74' lang='lat' dir='ltr'><strong>oidetm,</strong></span> <span class='ocrx_word' id='word_1_325' title='bbox 674 3917 841 3979; x_wconf 83' lang='lat' dir='ltr'><strong>maiorem</strong></span> <span class='ocrx_word' id='word_1_326' title='bbox 855 3918 1008 4006; x_wconf 85' lang='lat' dir='ltr'><strong>partem,</strong></span> <span class='ocrx_word' id='word_1_327' title='bbox 1031 3913 1154 4000; x_wconf 83' lang='lat' dir='ltr'><strong>idest,</strong></span> <span class='ocrx_word' id='word_1_328' title='bbox 1175 3918 1247 3983; x_wconf 87' lang='lat' dir='ltr'><strong>tres</strong></span> <span class='ocrx_word' id='word_1_329' title='bbox 1262 3917 1392 4002; x_wconf 81' lang='lat' dir='ltr'><strong>primos</strong></span> <span class='ocrx_word' id='word_1_330' title='bbox 1414 3912 1520 3979; x_wconf 80' lang='lat' dir='ltr'><strong>libros</strong></span> 
     </span>
    </p>
   </div>
   <div class='ocr_carea' id='block_1_3' title="bbox 198 4138 1520 4926">
    <p class='ocr_par' dir='ltr' id='par_1_3' title="bbox 198 4138 1520 4366">
     <span class='ocr_line' id='line_1_37' title="bbox 270 4138 1518 4207; baseline -0.001 -15"><span class='ocrx_word' id='word_1_331' title='bbox 270 4138 292 4207; x_wconf 81' lang='lat' dir='ltr'><strong>&#39;i</strong></span> <span class='ocrx_word' id='word_1_332' title='bbox 310 4140 369 4193; x_wconf 85' lang='lat' dir='ltr'><strong>Eoo</strong></span> <span class='ocrx_word' id='word_1_333' title='bbox 395 4140 505 4205; x_wconf 86' lang='lat' dir='ltr'><strong>quidam</strong></span> <span class='ocrx_word' id='word_1_334' title='bbox 530 4152 601 4193; x_wconf 82' lang='lat' dir='ltr'><strong>anuo</strong></span> <span class='ocrx_word' id='word_1_335' title='bbox 627 4138 698 4204; x_wconf 79' lang='lat' dir='ltr'><strong>Epp.</strong></span> <span class='ocrx_word' id='word_1_336' title='bbox 727 4139 868 4194; x_wconf 84' lang='lat' dir='ltr'><strong>iamlllaros</strong></span> <span class='ocrx_word' id='word_1_337' title='bbox 894 4147 920 4194; x_wconf 90' lang='lat' dir='ltr'><strong>et</strong></span> <span class='ocrx_word' id='word_1_338' title='bbox 946 4140 980 4194; x_wconf 85' lang='lat' dir='ltr'><strong>sd</strong></span> <span class='ocrx_word' id='word_1_339' title='bbox 1007 4138 1127 4192; x_wconf 76' lang='lat' dir='ltr'><strong>Atticum</strong></span> <span class='ocrx_word' id='word_1_340' title='bbox 1158 4144 1231 4202; x_wconf 78' lang='lat' dir='ltr'><strong>cot..</strong></span> <span class='ocrx_word' id='word_1_341' title='bbox 1266 4141 1330 4193; x_wconf 83' lang='lat' dir='ltr'><strong>liam</strong></span> <span class='ocrx_word' id='word_1_342' title='bbox 1357 4138 1518 4201; x_wconf 75' lang='lat' dir='ltr'><strong>Orationes,</strong></span> 
     </span>
     <span class='ocr_line' id='line_1_38' title="bbox 198 4219 1520 4288; baseline -0.002 -14"><span class='ocrx_word' id='word_1_343' title='bbox 198 4226 327 4288; x_wconf 83' lang='lat' dir='ltr'><strong>sequanis</strong></span> <span class='ocrx_word' id='word_1_344' title='bbox 353 4224 451 4284; x_wconf 84' lang='lat' dir='ltr'><strong>scripta</strong></span> <span class='ocrx_word' id='word_1_345' title='bbox 481 4219 655 4283; x_wconf 82' lang='lat' dir='ltr'><strong>philosopha,</strong></span> <span class='ocrx_word' id='word_1_346' title='bbox 689 4221 767 4272; x_wconf 85' lang='lat' dir='ltr'><strong>libros</strong></span> <span class='ocrx_word' id='word_1_347' title='bbox 796 4222 940 4275; x_wconf 80' lang='lat' dir='ltr'><strong>rhetoricos</strong></span> <span class='ocrx_word' id='word_1_348' title='bbox 968 4221 1076 4275; x_wconf 87' lang='lat' dir='ltr'><strong>demum</strong></span> <span class='ocrx_word' id='word_1_349' title='bbox 1102 4220 1320 4286; x_wconf 83' lang='lat' dir='ltr'><strong>ai.u.xi.v1.,</strong></span> <span class='ocrx_word' id='word_1_350' title='bbox 1358 4233 1411 4287; x_wconf 88' lang='lat' dir='ltr'><strong>quo</strong></span> <span class='ocrx_word' id='word_1_351' title='bbox 1439 4222 1520 4274; x_wconf 77' lang='lat' dir='ltr'><strong>aanor</strong></span> 
     </span>
     <span class='ocr_line' id='line_1_39' title="bbox 200 4300 795 4366; baseline -0.005 -10"><span class='ocrx_word' id='word_1_352' title='bbox 200 4309 288 4356; x_wconf 78' lang='lat' dir='ltr'><strong>cotors</strong></span> <span class='ocrx_word' id='word_1_353' title='bbox 306 4303 395 4353; x_wconf 87' lang='lat' dir='ltr'><strong>omnis</strong></span> <span class='ocrx_word' id='word_1_354' title='bbox 414 4300 546 4352; x_wconf 84' lang='lat' dir='ltr'><strong>Ciceronis</strong></span> <span class='ocrx_word' id='word_1_355' title='bbox 564 4304 661 4363; x_wconf 81' lang='lat' dir='ltr'><strong>scriptu</strong></span> <span class='ocrx_word' id='word_1_356' title='bbox 679 4304 795 4366; x_wconf 82' lang='lat' dir='ltr'><strong>repetiit.</strong></span> 
     </span>
    </p>

    <p class='ocr_par' dir='ltr' id='par_1_4' title="bbox 201 4378 1519 4525">
     <span class='ocr_line' id='line_1_40' title="bbox 269 4378 1519 4448; baseline 0 -15"><span class='ocrx_word' id='word_1_357' title='bbox 269 4378 304 4446; x_wconf 77' lang='lat' dir='ltr'><strong>“l</strong></span> <span class='ocrx_word' id='word_1_358' title='bbox 322 4381 383 4433; x_wconf 86' lang='lat' dir='ltr'><strong>ileo</strong></span> <span class='ocrx_word' id='word_1_359' title='bbox 399 4392 487 4442; x_wconf 84' lang='lat' dir='ltr'><strong>anuo,</strong></span> <span class='ocrx_word' id='word_1_360' title='bbox 515 4394 585 4442; x_wconf 86' lang='lat' dir='ltr'><strong>nou,</strong></span> <span class='ocrx_word' id='word_1_361' title='bbox 612 4387 642 4432; x_wconf 85' lang='lat' dir='ltr'><strong>ui</strong></span> <span class='ocrx_word' id='word_1_362' title='bbox 661 4381 742 4434; x_wconf 81' lang='lat' dir='ltr'><strong>trudit</strong></span> <span class='ocrx_word' id='word_1_363' title='bbox 759 4381 920 4445; x_wconf 76' lang='lat' dir='ltr'><strong>moliturus,</strong></span> <span class='ocrx_word' id='word_1_364' title='bbox 944 4390 1093 4448; x_wconf 83' lang='lat' dir='ltr'><strong>sequanis,</strong></span> <span class='ocrx_word' id='word_1_365' title='bbox 1113 4396 1167 4448; x_wconf 87' lang='lat' dir='ltr'><strong>quo</strong></span> <span class='ocrx_word' id='word_1_366' title='bbox 1187 4394 1277 4435; x_wconf 85' lang='lat' dir='ltr'><strong>rursus</strong></span> <span class='ocrx_word' id='word_1_367' title='bbox 1297 4379 1371 4433; x_wconf 83' lang='lat' dir='ltr'><strong>dedit</strong></span> <span class='ocrx_word' id='word_1_368' title='bbox 1388 4379 1519 4443; x_wconf 83' lang='lat' dir='ltr'><strong>Epistulas</strong></span> 
     </span>
     <span class='ocr_line' id='line_1_41' title="bbox 201 4458 1429 4525; baseline -0.003 -9"><span class='ocrx_word' id='word_1_369' title='bbox 201 4460 235 4516; x_wconf 83' lang='lat' dir='ltr'><strong>ad</strong></span> <span class='ocrx_word' id='word_1_370' title='bbox 251 4460 369 4515; x_wconf 76' lang='lat' dir='ltr'><strong>Atticum</strong></span> <span class='ocrx_word' id='word_1_371' title='bbox 387 4467 457 4515; x_wconf 81' lang='lat' dir='ltr'><strong>cot..</strong></span> <span class='ocrx_word' id='word_1_372' title='bbox 478 4461 576 4524; x_wconf 88' lang='lat' dir='ltr'><strong>prodiit</strong></span> <span class='ocrx_word' id='word_1_373' title='bbox 593 4458 802 4514; x_wconf 83' lang='lat' dir='ltr'><strong>Commentarius</strong></span> <span class='ocrx_word' id='word_1_374' title='bbox 820 4466 947 4525; x_wconf 81' lang='lat' dir='ltr'><strong>repetitur</strong></span> <span class='ocrx_word' id='word_1_375' title='bbox 964 4476 990 4514; x_wconf 84' lang='lat' dir='ltr'><strong>a.</strong></span> <span class='ocrx_word' id='word_1_376' title='bbox 1008 4464 1048 4520; x_wconf 83' lang='lat' dir='ltr'><strong>hl.</strong></span> <span class='ocrx_word' id='word_1_377' title='bbox 1061 4466 1095 4516; x_wconf 79' lang='lat'><strong>1).</strong></span> <span class='ocrx_word' id='word_1_378' title='bbox 1110 4463 1181 4515; x_wconf 74' lang='lat' dir='ltr'><strong>llll.</strong></span> <span class='ocrx_word' id='word_1_379' title='bbox 1202 4471 1228 4515; x_wconf 84' lang='lat' dir='ltr'><strong>at</strong></span> <span class='ocrx_word' id='word_1_380' title='bbox 1246 4461 1284 4514; x_wconf 81' lang='lat' dir='ltr'><strong>M.</strong></span> <span class='ocrx_word' id='word_1_381' title='bbox 1297 4461 1330 4512; x_wconf 83' lang='lat' dir='ltr'><strong>ii.</strong></span> <span class='ocrx_word' id='word_1_382' title='bbox 1345 4460 1429 4513; x_wconf 80' lang='lat' dir='ltr'><strong>LVll.</strong></span> 
     </span>
    </p>

    <p class='ocr_par' dir='ltr' id='par_1_5' title="bbox 201 4539 1519 4926">
     <span class='ocr_line' id='line_1_42' title="bbox 270 4539 1516 4609; baseline -0.001 -16"><span class='ocrx_word' id='word_1_383' title='bbox 270 4539 318 4609; x_wconf 76' lang='grc'><strong>’··)</strong></span> <span class='ocrx_word' id='word_1_384' title='bbox 336 4543 415 4593; x_wconf 82' lang='lat' dir='ltr'><strong>Error</strong></span> <span class='ocrx_word' id='word_1_385' title='bbox 431 4541 475 4593; x_wconf 82' lang='lat' dir='ltr'><strong>hle</strong></span> <span class='ocrx_word' id='word_1_386' title='bbox 492 4541 603 4602; x_wconf 85' lang='lat' dir='ltr'><strong>subssi;</strong></span> <span class='ocrx_word' id='word_1_387' title='bbox 629 4552 688 4591; x_wconf 86' lang='lat' dir='ltr'><strong>uam</strong></span> <span class='ocrx_word' id='word_1_388' title='bbox 707 4554 732 4593; x_wconf 86' lang='lat' dir='ltr'><strong>a·</strong></span> <span class='ocrx_word' id='word_1_389' title='bbox 750 4541 934 4594; x_wconf 73' lang='lat' dir='ltr'><strong>ahiahvlii.</strong></span> <span class='ocrx_word' id='word_1_390' title='bbox 954 4544 1024 4594; x_wconf 84' lang='lat' dir='ltr'><strong>nulla</strong></span> <span class='ocrx_word' id='word_1_391' title='bbox 1048 4543 1147 4607; x_wconf 85' lang='lat' dir='ltr'><strong>prodiit</strong></span> <span class='ocrx_word' id='word_1_392' title='bbox 1162 4543 1318 4596; x_wconf 82' lang='lat' dir='ltr'><strong>bisuntinus</strong></span> <span class='ocrx_word' id='word_1_393' title='bbox 1336 4540 1516 4603; x_wconf 80' lang='lat' dir='ltr'><strong>Epistularum</strong></span> 
     </span>
     <span class='ocr_line' id='line_1_43' title="bbox 201 4620 1517 4685; baseline -0.002 -9"><span class='ocrx_word' id='word_1_394' title='bbox 201 4622 236 4676; x_wconf 81' lang='lat' dir='ltr'><strong>sd</strong></span> <span class='ocrx_word' id='word_1_395' title='bbox 252 4623 326 4674; x_wconf 68' lang='lat' dir='ltr'><strong>ism.</strong></span> <span class='ocrx_word' id='word_1_396' title='bbox 345 4622 437 4675; x_wconf 84' lang='lat' dir='ltr'><strong>editio.</strong></span> <span class='ocrx_word' id='word_1_397' title='bbox 477 4621 584 4673; x_wconf 65' lang='lat' dir='ltr'><strong>Varum</strong></span> <span class='ocrx_word' id='word_1_398' title='bbox 612 4620 728 4684; x_wconf 75' lang='lat' dir='ltr'><strong>lntaliiqo</strong></span> <span class='ocrx_word' id='word_1_399' title='bbox 755 4620 787 4670; x_wconf 89' lang='lat' dir='ltr'><strong>do</strong></span> <span class='ocrx_word' id='word_1_400' title='bbox 805 4620 853 4671; x_wconf 90' lang='lat' dir='ltr'><strong>hsc</strong></span> <span class='ocrx_word' id='word_1_401' title='bbox 871 4621 1015 4674; x_wconf 70' lang='lat' dir='ltr'><strong>ladislaus:</strong></span> <span class='ocrx_word' id='word_1_402' title='bbox 1046 4623 1086 4678; x_wconf 78' lang='lat' dir='ltr'><strong>al.</strong></span> <span class='ocrx_word' id='word_1_403' title='bbox 1115 4623 1197 4673; x_wconf 81' lang='lat' dir='ltr'><strong>Tollit</strong></span> <span class='ocrx_word' id='word_1_404' title='bbox 1223 4623 1353 4674; x_wconf 75' lang='lat' dir='ltr'><strong>comune</strong></span> <span class='ocrx_word' id='word_1_405' title='bbox 1379 4621 1517 4685; x_wconf 78' lang='lat' dir='ltr'><strong>Epistulas</strong></span> 
     </span>
     <span class='ocr_line' id='line_1_44' title="bbox 202 4699 1519 4769; baseline -0.002 -13"><span class='ocrx_word' id='word_1_406' title='bbox 202 4703 358 4769; x_wconf 68' lang='lat' dir='ltr'><strong>somatum.</strong></span> <span class='ocrx_word' id='word_1_407' title='bbox 394 4700 472 4753; x_wconf 82' lang='lat' dir='ltr'><strong>Possit</strong></span> <span class='ocrx_word' id='word_1_408' title='bbox 496 4701 614 4754; x_wconf 76' lang='lat' dir='ltr'><strong>Munatii</strong></span> <span class='ocrx_word' id='word_1_409' title='bbox 640 4700 826 4752; x_wconf 75' lang='lat' dir='ltr'><strong>adnotationes</strong></span> <span class='ocrx_word' id='word_1_410' title='bbox 848 4699 1030 4762; x_wconf 83' lang='lat' dir='ltr'><strong>brevissimus,</strong></span> <span class='ocrx_word' id='word_1_411' title='bbox 1057 4704 1086 4753; x_wconf 86' lang='lat' dir='ltr'><strong>in</strong></span> <span class='ocrx_word' id='word_1_412' title='bbox 1108 4702 1232 4767; x_wconf 82' lang='lat' dir='ltr'><strong>morpine</strong></span> <span class='ocrx_word' id='word_1_413' title='bbox 1250 4703 1421 4766; x_wconf 82' lang='lat' dir='ltr'><strong>adscriptos,</strong></span> <span class='ocrx_word' id='word_1_414' title='bbox 1451 4714 1519 4765; x_wconf 80' lang='lat' dir='ltr'><strong>quoe</strong></span> 
     </span>
     <span class='ocr_line' id='line_1_45' title="bbox 201 4780 1517 4848; baseline 0.001 -12"><span class='ocrx_word' id='word_1_415' title='bbox 201 4783 382 4836; x_wconf 63' lang='lat' dir='ltr'><strong>conmmeatum</strong></span> <span class='ocrx_word' id='word_1_416' title='bbox 399 4782 454 4834; x_wconf 85' lang='lat' dir='ltr'><strong>iooo</strong></span> <span class='ocrx_word' id='word_1_417' title='bbox 473 4794 525 4834; x_wconf 85' lang='lat' dir='ltr'><strong>ssss</strong></span> <span class='ocrx_word' id='word_1_418' title='bbox 539 4783 656 4847; x_wconf 81' lang='lat' dir='ltr'><strong>possint,</strong></span> <span class='ocrx_word' id='word_1_419' title='bbox 677 4786 702 4832; x_wconf 84' lang='lat' dir='ltr'><strong>ot</strong></span> <span class='ocrx_word' id='word_1_420' title='bbox 720 4781 756 4831; x_wconf 88' lang='lat' dir='ltr'><strong>ud</strong></span> <span class='ocrx_word' id='word_1_421' title='bbox 773 4780 947 4844; x_wconf 81' lang='lat' dir='ltr'><strong>eloquentiam</strong></span> <span class='ocrx_word' id='word_1_422' title='bbox 965 4789 1098 4847; x_wconf 78' lang='lat' dir='ltr'><strong>ortamque</strong></span> <span class='ocrx_word' id='word_1_423' title='bbox 1115 4783 1245 4839; x_wconf 79' lang='lat' dir='ltr'><strong>scribendi</strong></span> <span class='ocrx_word' id='word_1_424' title='bbox 1260 4782 1372 4837; x_wconf 79' lang='lat' dir='ltr'><strong>muitum</strong></span> <span class='ocrx_word' id='word_1_425' title='bbox 1390 4781 1517 4848; x_wconf 69' lang='lat' dir='ltr'><strong>effuant.</strong></span> 
     </span>
     <span class='ocr_line' id='line_1_46' title="bbox 201 4860 1116 4926; baseline -0.007 -7"><span class='ocrx_word' id='word_1_426' title='bbox 201 4864 327 4919; x_wconf 74' lang='lat' dir='ltr'><strong>Eiusdem</strong></span> <span class='ocrx_word' id='word_1_427' title='bbox 341 4861 459 4920; x_wconf 73' lang='lat' dir='ltr'><strong>bimas·</strong></span> <span class='ocrx_word' id='word_1_428' title='bbox 473 4861 587 4919; x_wconf 75' lang='lat' dir='ltr'><strong>Scholia.</strong></span> <span class='ocrx_word' id='word_1_429' title='bbox 626 4861 759 4925; x_wconf 73' lang='lat' dir='ltr'><strong>lusoriis,</strong></span> <span class='ocrx_word' id='word_1_430' title='bbox 776 4860 876 4926; x_wconf 76' lang='lat' dir='ltr'><strong>Aldus,</strong></span> <span class='ocrx_word' id='word_1_431' title='bbox 893 4863 934 4919; x_wconf 85' lang='lat' dir='ltr'><strong>bl.</strong></span> <span class='ocrx_word' id='word_1_432' title='bbox 947 4863 982 4918; x_wconf 81' lang='lat' dir='ltr'><strong>io.</strong></span> <span class='ocrx_word' id='word_1_433' title='bbox 996 4862 1053 4916; x_wconf 82' lang='lat' dir='ltr'><strong>LX.</strong></span> <span class='ocrx_word' id='word_1_434' title='bbox 1089 4861 1116 4914; x_wconf 84' lang='lat'><strong>8.</strong></span> 
     </span>
    </p>
   </div>
   <div class='ocr_carea' id='block_1_4' title="bbox 0 0 1642 5400">
    <p class='ocr_par' dir='ltr' id='par_1_6' title="bbox 0 0 1642 5400">
     <span class='ocr_line' id='line_1_47' title="bbox 0 0 1642 5400; baseline 0 0"><span class='ocrx_word' id='word_1_435' title='bbox 0 0 1642 5400; x_wconf 95' lang='lat' dir='ltr'><strong> </strong></span> 
     </span>
    </p>
   </div>
  </div>
 </body>
</html>
