3256 5400
467 193 542 257 LIB.
563 195 617 260 Vl.
656 193 717 259 ΕΡ.
740 196 790 260 15.
813 196 863 259 16.
887 195 937 258 17.
959 195 1010 258 18.
1034 195 1084 257 13.
1409 198 1468 261 103

149 356 180 417 3.
200 354 248 416 lle
268 348 426 435 Hispaniis
447 348 522 415 novi
543 348 629 416 nihil.
671 355 818 435 Magnum
834 359 937 416 11111111
958 357 1129 418 exercitum
1148 358 1331 439 Pompeium
1353 353 1469 419 habere

149 454 284 523 constat3
306 464 378 508 nam
401 446 514 508 Caesar
535 447 602 529 ipse
624 443 663 509 ad
685 465 743 509 nos
765 444 848 510 misit
869 446 1046 531 exemplum
1069 446 1208 511 Paciaeci
1230 448 1413 521 litterarum,
1436 449 1469 513 in

150 559 213 626 quo
235 547 316 613 erat,
338 536 405 601 illas
426 536 571 601 undecim
595 558 664 602 esse
691 537 841 622 legiones,
897 540 1068 625 scripserat
1087 541 1179 605 etiam
1200 543 1330 606 Messala
1354 544 1391 619 O.
1415 546 1470 606 Sa-

149 635 232 699 lasso
262 637 295 696 P.
319 632 460 697 Curtium
480 630 610 695 fratrem
633 631 700 695 eius
723 637 809 697 iussu
836 633 977 719 Pompeii
998 634 1187 719 inspectante
1210 636 1352 700 exercitu
1373 635 1469 700 inter-

149 726 281 799 fectum,
318 724 404 810 quod
432 724 639 788 consensisset
667 746 738 790 cum
773 728 918 812 Hispanis
951 727 1156 813 quibusdam,
1193 729 1219 794 si
1251 729 1283 793 in
1318 728 1492 814 oppidnma

149 819 256 885 nescio
277 818 363 904 quod
383 818 550 903 Pompeius
572 817 620 881 rei
641 816 862 884 frumentariae
888 840 981 884 eausa
1002 820 1152 893 venisset,
1175 844 1246 888 eum
1265 822 1470 908 comprehen-

149 915 224 980 dere
247 913 286 978 ad
308 916 533 1000 Caesaremque
553 912 718 977 deducere.
761 918 790 978 3.
812 917 859 977 De
874 921 929 977 tuo
947 915 1083 999 negotio,
1107 916 1193 1000 quod
1213 938 1394 1002 sponsores
1410 937 1469 1002 pro

148 1006 315 1092 Pompeio,
330 1011 356 1071 si
367 1004 463 1073 Galba
475 1026 669 1091 consponsor
684 1017 756 1072 tuus
770 1006 915 1079 redierit,
931 1006 1026 1071 homo
1042 1007 1072 1072 in
1084 1029 1119 1071 re
1130 1008 1273 1075 familiari
1285 1033 1468 1098 nonparum

149 1102 291 1186 diligens,
306 1121 369 1165 nou
391 1100 530 1165 desinam
545 1122 615 1165 cum
630 1100 684 1165 illo
700 1101 948 1174 communicare,
964 1101 989 1166 si
1006 1101 1081 1188 quid
1096 1103 1237 1188 expediri
1249 1105 1360 1190 possit:
1384 1103 1469 1191 quod

148 1193 312 1260 videbatur
326 1193 401 1258 mihi
415 1193 466 1257 ille
481 1194 649 1259 confidere.
691 1199 722 1259 1.
746 1198 912 1260 Oratorem
931 1217 1036 1260 meum
1051 1205 1138 1261 tanto
1153 1218 1250 1282 opere
1264 1220 1283 1261 a
1295 1207 1325 1262 te
1340 1197 1468 1282 probari
1480 1213 1506 1253 1⁰

147 1288 351 1354 vehementer
371 1286 504 1371 gaudeo.
558 1287 634 1353 Mihi
656 1289 784 1375 quidem
805 1289 848 1353 sic
869 1290 1060 1374 persuadeo,
1084 1312 1154 1366 me,
1178 1291 1331 1377 quidquid
1353 1289 1469 1355 habue-

147 1380 207 1445 rim
237 1378 346 1445 iudicii
375 1378 413 1443 de
440 1379 591 1454 dicendo,
627 1380 660 1445 in
687 1381 775 1446 illum
803 1382 918 1447 librum
949 1385 1127 1450 contulisse.
1179 1385 1240 1463 Qui
1267 1384 1294 1449 si
1316 1394 1363 1448 est
1382 1384 1466 1458 talis,

147 1473 272 1560 qualem
294 1471 351 1536 tibi
371 1472 472 1537 videri
493 1473 621 1547 scribis,
644 1495 704 1559 ego
729 1496 856 1562 quoque
878 1477 995 1564 aliquid
1019 1501 1110 1556 sum;
1134 1479 1181 1543 sin
1206 1478 1312 1553 aliter,
1334 1499 1397 1543 non
1418 1498 1469 1541 re-

147 1587 243 1638 cuso,
275 1565 368 1650 quin,
402 1576 550 1653 quantum
571 1569 610 1632 de
628 1569 683 1634 illo
705 1569 803 1642 libro,
836 1571 1016 1636 tantundem
1039 1571 1077 1636 de
1100 1573 1161 1637 mei
1183 1571 1290 1638 iudicii
1311 1571 1393 1635 lama
1415 1569 1469 1634 de·

147 1659 296 1725 trahatur.
353 1664 481 1746 Leptam
504 1674 646 1728 nostrum
668 1669 761 1749 cupio
783 1664 932 1731 delectari
952 1666 1014 1730 iam
1037 1666 1148 1731 talibus
1171 1665 1310 1751 scriptis;
1333 1663 1392 1728 etsi
1413 1661 1505 1727 aba

147 1765 195 1819 est
215 1754 376 1819 maturitas
397 1755 522 1830 aetatis,
545 1756 606 1820 iam
629 1767 734 1822 tamen
754 1779 924 1844 personare
947 1781 1040 1823 aures
1062 1759 1129 1824 eius
1145 1758 1322 1824 huiusmodi
1337 1755 1468 1822 vocibus

146 1857 274 1912 nonest
293 1847 412 1912 inutile.
456 1853 486 1913 5.
508 1854 557 1913 Me
579 1856 696 1915 Romae
717 1852 817 1918 tenuit
839 1853 967 1918 omnino
990 1853 1108 1918 Tulliae
1133 1874 1221 1917 meae
1243 1860 1361 1937 partus.
1405 1847 1466 1914 Sed

146 1961 218 2005 cum
245 1962 296 2015 ea,
328 1942 591 2027 quemadmodum
618 1964 727 2029 spero,
766 1946 840 2010 satis
869 1945 958 2010 lirma
986 1947 1042 2021 sit,
1075 1956 1186 2011 teneor
1208 1955 1325 2019 tamen,
1353 1944 1467 2010 duma

145 2033 324 2099 Dolabellae
342 2035 602 2120 procuratoribus
624 2038 748 2121 exigam
773 2040 906 2124 primam
927 2038 1127 2124 pensionem;
1157 2048 1188 2104 et
1205 2039 1382 2104 mehercule
1403 2059 1466 2102 non

148 2140 208 2193 tam
231 2150 301 2193 sum
322 2130 541 2215 peregrinator
571 2130 648 2203 iam,
686 2152 779 2216 quam
801 2131 950 2198 solebam.
1000 2132 1147 2198 Aedilicia
1170 2154 1240 2197 mea
1261 2154 1311 2197 me
1334 2131 1503 2195 delecta-²⁰

146 2224 219 2290 bant
243 2233 275 2290 et
295 2226 405 2290 otium.
457 2230 577 2291 Domus
600 2235 664 2298 est,
698 2247 778 2311 quae
800 2226 875 2290 nulli
899 2247 1039 2290 mearum
1060 2226 1204 2291 villarum
1227 2226 1333 2302 cedat,
1366 2224 1465 2289 otium

145 2324 229 2384 omni
252 2320 461 2385 desertissima
484 2321 612 2404 regione
635 2319 744 2384 maius.
802 2325 909 2405 ltaque
937 2341 976 2383 ne
998 2319 1119 2385 litterae
1152 2320 1278 2406 quidem
1300 2340 1387 2384 meae
1408 2318 1466 2384 im-

145 2410 328 2497 pediuntur,
364 2415 399 2478 in
428 2413 541 2500 quibus
563 2414 630 2478 siue
651 2414 714 2478 ulla
734 2413 983 2498 interpellatione
1012 2434 1133 2478 versor.
1177 2403 1303 2491 Quare,
1326 2421 1361 2476 ut
1382 2410 1464 2474 arbi-

146 2513 226 2577 tror,
262 2505 351 2590 prius
374 2505 424 2570 hie
458 2515 489 2571 te
516 2528 574 2570 nos
607 2527 700 2592 quam
729 2507 798 2571 istic
820 2519 853 2573 tu
874 2528 931 2572 uos
959 2506 1090 2572 videbis.
1140 2511 1235 2592 Lepta
1263 2503 1465 2570 suavissimus

146 2599 261 2665 ediscat
282 2599 455 2665 Hesiodum
478 2609 508 2664 et
529 2598 641 2664 habeat
661 2599 694 2663 iu
716 2620 787 2673 ore,
1474 2611 1502 2650 2⁵

398 2726 464 2801 Τῆς
487 2724 519 2786 δ’
543 2725 658 2808 ἀρετῆς
680 2725 809 2808 ἱδρῶτα.

607 2892 690 2954 XIX.
733 2889 782 2972 (A.
808 2892 840 2954 U.
863 2892 895 2955 C.
917 2887 1002 2970 709.)

642 3023 784 3086 CICERO
806 3023 968 3085 LEPTAE.

228 3157 258 3218 1.
279 3152 432 3219 Maculam
453 3151 556 3216 officio
577 3150 718 3216 functum
739 3171 807 3214 esse
827 3151 959 3235 gaudeo.
1001 3155 1077 3216 Eius
1099 3152 1264 3216 Falernum
1286 3151 1362 3216 mihi
1383 3171 1464 3216 sem-

143 3268 202 3334 per
222 3247 370 3312 idoneum
402 3246 504 3310 visum
538 3255 585 3309 est
617 3243 813 3309 deversorio:
851 3245 877 3308 si
899 3245 995 3310 modo
1018 3246 1089 3310 tecti
1112 3251 1185 3310 satis
1208 3254 1254 3309 est
1275 3245 1314 3310 ad
1336 3247 1500 3314 comita-aa

143 3351 209 3407 tum
230 3351 372 3405 nostrum
393 3337 623 3424 recipiendum3
656 3338 817 3424 ceteroqui
840 3338 915 3402 mihi
937 3338 1025 3403 locus
1047 3361 1110 3404 non
1132 3339 1283 3425 displicet.
1343 3345 1405 3403 Nec
1427 3361 1463 3403 ea

142 3456 179 3500 re
199 3439 359 3499 Petrinum
381 3444 468 3498 tuum
491 3433 649 3508 deseram;
671 3454 742 3496 narn
766 3440 796 3495 et
817 3431 889 3496 villa
907 3442 937 3496 et
951 3433 1120 3497 amoenitas
1142 3433 1194 3498 illa
1210 3432 1463 3498 commorationis

143 3539 206 3600 est,
236 3549 299 3592 nou
328 3526 512 3592 deversorii.
561 3530 591 3589 2.
620 3529 665 3588 De
695 3524 856 3589 curatione
883 3525 986 3611 aliqua
1011 3547 1176 3590 munerum
1204 3527 1365 3612 regiorum
1392 3547 1463 3591 cum

145 3622 247 3708 Oppio
269 3622 391 3687 locutus
413 3643 496 3696 sum;
520 3641 591 3683 nam
612 3617 759 3690 Balbum,
782 3629 984 3705 posteaquam
1007 3629 1039 3684 tu
1055 3642 1088 3685 es
1104 3620 1277 3706 proiectus,
1300 3641 1363 3685 non
1383 3619 1462 3697 vidi;

142 3715 234 3782 tantis
256 3715 372 3800 pedum
395 3707 557 3778 doloribus
580 3711 726 3785 afficitur,
756 3721 791 3776 ut
812 3733 846 3775 se
868 3712 1028 3776 conveniri
1050 3713 1136 3778 nolit.
1181 3715 1315 3778 Omnino
1337 3712 1376 3777 de
1399 3721 1500 3780 totana

142 3831 193 3884 re,
216 3818 251 3874 ut
273 3809 349 3873 mihi
372 3806 505 3881 videris,
537 3804 704 3890 sapientius
726 3803 866 3879 laceres,
889 3804 1000 3870 sinon
1023 3827 1159 3870 curares.
1203 3806 1296 3883 Quod
1318 3809 1402 3870 enim
1423 3826 1462 3870 eo

142 3903 250 3968 labore
282 3902 406 3986 assequi
435 3901 501 3974 vis,
535 3899 620 3963 nullo
654 3897 749 3961 modo
771 3919 954 3984 assequere:
992 3908 1074 3964 tanta
1096 3910 1143 3965 est
1165 3901 1248 3965 enim
1280 3901 1460 3966 intimorum

143 3994 323 4068 multitudo,
356 4005 390 4060 ut
412 4014 451 4057 ex
474 3993 512 4057 iis
541 3991 651 4076 aliquis
673 3991 778 4075 potius
801 3992 919 4068 ellluat,
942 4015 1037 4079 quam
1059 4015 1142 4059 novo
1163 4000 1203 4059 sit
1224 3994 1342 4067 aditus,
1372 4013 1463 4078 prae·

143 4089 250 4154 sertim
273 4088 325 4173 qui
348 4087 424 4152 nihil
446 4086 556 4150 afferat
578 4095 702 4170 praeter
731 4106 880 4171 operam,
917 4085 950 4149 in
972 4107 1033 4172 qua
1060 4087 1112 4151 ille
1145 4109 1179 4151 se
1201 4087 1323 4151 dedisse
1345 4084 1463 4150 benefi-

143 4182 224 4245 cium
256 4179 377 4265 putabit
400 4215 438 4226 -
461 4180 487 4244 si
513 4178 609 4244 modo
636 4178 739 4264 ipsum
767 4179 843 4244 sciet
871 4223 932 4253 -‚
961 4200 1023 4243 non
1050 4181 1214 4265 accepisse.
1275 4180 1335 4245 Sed
1356 4191 1498 4246 tamenn

142 4273 261 4360 aliquid
282 4273 473 4348 videbimus,
496 4273 528 4336 in
550 4293 613 4359 quo
636 4270 675 4335 sit
697 4274 828 4358 species;
862 4274 952 4337 aliter
973 4273 1099 4359 quidem
1120 4294 1184 4338 non
1206 4272 1301 4338 modo
1323 4295 1386 4338 non
1408 4294 1462 4359 ap-

209 4490 237 4538 2.
255 4502 302 4538 eor
320 4489 357 4539 M.
388 4514 423 4522 -
458 4487 484 4537 3.
504 4488 564 4536 illos
581 4487 625 4537 M:
653 4489 693 4536 itti
711 4487 748 4548 V,
774 4489 846 4550 ipsos
864 4488 895 4536 E.
929 4512 960 4523 -
996 4489 1022 4537 ⁷.
1043 4489 1209 4552 tuomqott'o
1227 4488 1271 4537 M:
1294 4490 1396 4553 negotio
1416 4494 1460 4536 tuo

142 4559 226 4611 11.-
263 4559 306 4610 16.
327 4561 381 4608 iam
399 4559 568 4620 inperronore
586 4556 631 4617 M,
661 4565 748 4606 tomen
772 4563 837 4613 (om.
868 4554 933 4620 lem)
952 4571 1093 4619 personare
1114 4558 1145 4606 V.
1165 4557 1219 4608 Cir.
1240 4557 1318 4608 Offic.
1339 4559 1363 4608 3.
1384 4556 1413 4620 0.
1432 4557 1459 4606 5.

141 4628 462 4690 norar.npp.1.1,7.
501 4627 844 4690 atandrensium.
866 4651 896 4662 -
933 4627 976 4677 20.
996 4628 1124 4677 delectent
1142 4628 1173 4676 B.
1195 4649 1225 4663 -
1260 4630 1303 4678 21.
1324 4629 1460 4678 Exciditne

141 4699 214 4750 Nunc
240 4705 304 4748 ante
335 4699 447 4747 domur?
481 4696 532 4748 Or.
567 4720 596 4731 -
638 4698 682 4747 21.
708 4711 824 4747 meorum
849 4698 971 4746 villorum
996 4698 1041 4748 M:
1074 4699 1198 4747 vittarum
1223 4712 1339 4747 meorum
1371 4698 1401 4746 E.
1428 4720 1459 4733 -

142 4769 186 4819 33.
214 4771 345 4834 regiorum
363 4767 409 4818 Ma
440 4769 573 4831 reqionum
600 4766 630 4815 E.
667 4791 695 4801 -
733 4766 776 4817 36.
803 4769 898 4816 videm
916 4767 958 4817 M:
986 4769 1089 4817 videtur
1117 4768 1154 4818 M.
1183 4791 1214 4802 -
1250 4768 1294 4817 38.
1313 4769 1352 4817 his
1370 4767 1407 4817 M.
1428 4791 1459 4804 -

140 4835 241 4902 potius]
260 4840 337 4890 citior
356 4837 473 4887 malebat
491 4836 639 4887 Ernestius.
659 4862 693 4871 —
728 4836 772 4888 to.
790 4840 876 4900 iprum
892 4837 937 4889 tt:
956 4838 984 4886 id
1001 4839 1086 4900 iprum
1104 4838 1134 4888 ll.
1156 4861 1186 4872 -
1222 4836 1391 4900 41111111.
