3256 5400
655 225 726 286 ΗΒ.
750 224 772 285 Ι.
819 223 875 285 ΕΡ.
901 222 949 286 15.
1400 224 1462 287 767

140 391 221 454 bunc
245 385 488 455 adolescentem,
519 399 693 466 perquem
721 377 823 444 adbuc
845 397 967 452 sumus,
995 377 1023 441 si
1045 397 1155 442 verum
1183 378 1275 446 lateri
1300 385 1462 458 volumus,

139 481 266 547 linxisse
294 500 334 544 ex
362 475 448 542 lonte
478 473 683 540 consiliomm
711 493 866 538 meorum.
909 477 939 535 7.
971 470 1052 536 Huic
1079 470 1176 537 habiti
1204 495 1222 539 a
1248 495 1299 540 me
1325 476 1463 544 honores

139 574 214 644 nulli
235 571 379 659 quidem,
400 575 511 642 Brute,
535 566 597 632 nisi
617 565 728 641 debiti;
752 565 844 638 nulli,
867 564 927 629 nisi
949 565 1125 630 necessarii.
1162 570 1200 632 Ut
1220 573 1303 634 enim
1325 570 1462 654 primum

138 670 312 738 libertatem
335 683 486 730 revocare
507 661 686 748 coepimus,
715 680 786 725 cum
807 680 842 724 se
863 657 1003 724 nondum
1025 678 1065 723 ne
1085 660 1207 726 Decimi
1227 662 1353 747 quidem
1374 671 1463 734 Bruti

138 762 243 831 divina
272 758 370 824 virtus
398 758 442 822 ita
471 755 704 828 commovisset,
735 763 771 819 ut
793 753 855 818 iem
881 751 915 817 id
936 752 1017 817 scire
1038 773 1217 836 possemns;
1247 767 1341 843 atque
1368 772 1485 826 omnes

138 853 329 944 praesidium
351 858 435 916 esset
456 850 490 914 in
510 869 627 934 puero,
651 848 707 934 qui
728 846 938 913 acervicibus
959 848 1075 912 nostris
1096 849 1261 915 avertisset
1280 853 1461 920 Antonium:

137 949 207 1037 quis
228 946 330 1012 honos
352 946 383 1011 ei
404 965 468 1011 non
490 942 549 1009 luit
570 941 808 1008 decernendas?
835 943 1033 1026 Quamquam
1055 961 1115 1026 ego
1138 942 1183 1007 illi
1205 952 1270 1009 tum
1292 945 1463 1014 verborum

138 1041 261 1109 laudem
283 1039 396 1113 tribui,
421 1059 553 1124 eamque
575 1036 742 1102 modicam.
779 1035 912 1101 Decrevi
934 1034 1026 1099 etiam
1049 1035 1230 1121 imperium;
1253 1038 1339 1124 quod
1355 1061 1464 1126 quum·

137 1157 230 1224 quam
252 1133 416 1200 videbatur
437 1133 484 1198 illi
505 1132 598 1198 aetati
611 1128 836 1205 honorificum,
859 1139 962 1194 tamen
983 1139 1051 1194 erat
1073 1133 1246 1198 exercitum
1261 1132 1388 1200 habenti
1410 1157 1464 1201 ne·

137 1230 316 1296 cessarium.
361 1227 447 1306 Quid
474 1227 558 1292 enim
587 1224 729 1291 estsine
758 1223 893 1308 imperio
920 1223 1100 1289 exercitus?
1137 1229 1276 1292 Statuam
1304 1228 1464 1315 Philippus
1475 1240 1501 1279 ¹⁰

137 1323 291 1398 decrevit,
319 1323 509 1388 celeritatem
532 1318 690 1408 petitionis
712 1319 817 1403 primo
840 1317 987 1391 Servius,
1009 1327 1081 1404 post
1102 1320 1255 1386 maiorem
1277 1323 1371 1388 etiam
1393 1328 1465 1390 Scr-

137 1418 238 1483 vilius.
275 1416 357 1481 Nihil
379 1426 444 1481 tum
466 1414 598 1479 nimium
620 1412 797 1480 videbatur.
839 1416 870 1478 8.
893 1412 956 1478 Sed
977 1412 1083 1478 nescio
1106 1415 1266 1499 quomodo
1287 1416 1409 1484 facilius
1431 1419 1464 1484 in

137 1511 251 1577 timore
273 1508 401 1594 benigni
423 1528 516 1596 mam
537 1509 569 1573 in
589 1507 721 1574 victoria
741 1506 823 1591 grati
843 1506 1053 1591 reperiuntur.
1095 1511 1163 1591 Ego
1185 1509 1284 1585 enim,
1306 1515 1344 1576 B.
1365 1517 1464 1580 Bruto

137 1602 285 1676 liberato,
316 1623 388 1667 enm
409 1601 597 1667 laetissimus
617 1600 670 1667 illc
692 1600 808 1666 civitati
831 1599 898 1666 dies
920 1600 1086 1675 illuxisset,
1112 1601 1259 1688 idemque
1281 1626 1354 1671 casu
1375 1612 1464 1674 Bruti

138 1697 247 1762 natalis
269 1704 364 1769 esset,
388 1694 527 1770 decrevi,
550 1706 586 1761 ut
606 1694 639 1759 in
661 1693 748 1759 lastis
770 1694 809 1759 ad
831 1714 904 1760 eum
925 1693 1009 1759 diem
1023 1696 1110 1760 Bruti
1133 1717 1248 1762 nomen
1269 1699 1501 1767 adscribere-as

138 1801 203 1856 tur:
227 1790 261 1855 in
283 1809 386 1874 eoque
408 1810 477 1853 sum
501 1788 657 1853 maiorum
680 1787 859 1874 exemplum
882 1796 1022 1860 secutus,
1044 1789 1099 1873 qai
1118 1792 1199 1855 hunc
1220 1791 1374 1858 honorem
1395 1817 1464 1860 mn·

138 1883 208 1948 lieri
228 1884 392 1948 Larentiae
413 1881 608 1959 tribuerunt,
638 1883 688 1949 cui
710 1903 768 1949 vos
789 1881 952 1969 pontifices
978 1882 1018 1947 ad
1039 1902 1126 1947 aram
1148 1885 1180 1949 in
1202 1884 1339 1952 Velabro
1360 1886 1464 1955 lacere

136 1977 253 2043 soletis.
298 1976 392 2055 Quod
420 1997 481 2063 ego
509 1997 580 2044 eum
602 1976 715 2042 dabam
737 1982 849 2051 Bruto,
879 1984 984 2041 notam
1006 1996 1075 2042 esse
1104 1976 1244 2043 infestis
1268 1979 1464 2064 gratissimae

137 2070 287 2136 victoriae
316 2070 535 2157 sempiternam
568 2069 722 2138 volebam.
779 2076 881 2157 Atque
908 2069 963 2135 illo
992 2069 1044 2135 die
1072 2071 1208 2154 cognovi
1239 2071 1324 2139 baud
1357 2074 1463 2160 paullo

137 2165 244 2251 plures
265 2169 298 2229 in
312 2172 422 2230 senatu
443 2165 615 2231 malevolos
636 2185 706 2231 esse
727 2185 822 2252 mam
841 2172 957 2249 gratos.
994 2167 1058 2231 Bos
1080 2186 1137 2250 per
1159 2165 1245 2250 ipsos
1266 2166 1334 2232 dies
1355 2168 1502 2245 suedie

136 2261 163 2326 si
192 2261 234 2326 ita
266 2259 328 2333 vis,
359 2258 496 2324 bonores
525 2258 557 2323 in
586 2266 745 2331 mortuos,
776 2258 914 2323 Hirtium
943 2267 975 2323 et
1001 2262 1150 2332 Pansam,
1182 2261 1326 2347 Aquilam
1357 2264 1462 2328 etiam.

137 2353 232 2432 Quod
254 2353 324 2440 quis
340 2351 557 2438 reprehendit,
579 2352 640 2417 nisi
653 2352 726 2437 qui,
748 2351 893 2439 deposito
914 2361 1015 2427 metu,
1037 2353 1200 2440 praeteriti
1213 2355 1346 2439 periculi
1367 2356 1465 2423 luerit

99 2524 103 2531 ¹
137 2447 273 2514 oblitust
310 2451 340 2513 9.
370 2443 544 2511 Accedebat
573 2444 613 2510 ad
642 2444 786 2511 beneficii
815 2445 999 2511 memoriam
1027 2457 1147 2532 gratam
1175 2453 1257 2513 ratio
1284 2449 1353 2524 illa,
1383 2471 1464 2536 qnae

137 2542 229 2606 etiam
257 2541 392 2627 posteris
420 2547 501 2604 esset
529 2538 683 2604 salutaris.
727 2544 860 2605 Exstare
889 2544 972 2605 enim
1000 2540 1145 2607 volebam
1173 2540 1205 2607 in
1230 2542 1463 2611 crudelissimos

136 2634 242 2700 hostes
271 2645 470 2700 monumenta
500 2633 565 2698 odii
594 2632 710 2719 publici
739 2639 940 2720 sempiterna.
992 2638 1144 2721 Suspicor
1169 2634 1248 2701 illud
1276 2635 1333 2702 tibi
1360 2642 1501 2706 minusas

136 2727 280 2814 probari,
309 2728 395 2814 quod
422 2750 442 2792 a
463 2728 525 2793 tuis
547 2725 767 2802 lamiharibus,
797 2728 924 2812 optimis
950 2727 1013 2794 illis
1035 2730 1163 2816 quidem
1190 2729 1268 2795 viris
1295 2730 1351 2795 sed
1373 2731 1405 2796 in
1426 2753 1463 2799 re

136 2820 259 2907 publica
281 2820 427 2896 rudibus,
456 2843 519 2888 non
542 2819 753 2907 probabatur,
781 2821 883 2908 quod,
906 2830 941 2889 ut
961 2823 1066 2891 ovanti
1088 2823 1221 2890 introire
1244 2825 1370 2890 Caesari
1389 2827 1464 2892 lice·

136 2924 201 2990 ret,
230 2914 436 2981 decreverim.
479 2920 548 3001 Ego
575 2923 680 2980 antem
704 2950 744 2962 -
766 2915 821 2981 sed
843 2937 918 2982 erro
939 2915 1090 2985 fortasse:
1119 2939 1177 2983 nec
1198 2925 1302 2985 tamen
1327 2919 1355 2985 is
1376 2940 1462 2995 sum,

137 3019 171 3074 ut
198 3030 266 3074 mea
296 3029 345 3074 me
370 3009 508 3075 maxime
536 3008 753 3075 delectent-
783 3010 859 3076 nihil
887 3011 964 3076 mibi
990 3011 1102 3079 videor
1131 3011 1301 3080 bochello
1328 3013 1463 3079 sensisse

137 3103 329 3188 prudentius.
373 3107 436 3170 Cur
465 3112 569 3169 autem
597 3108 641 3169 ita
669 3104 725 3179 sit,
755 3104 961 3192 aperiendum
989 3115 1138 3181 nonest,
1166 3128 1207 3172 ne
1228 3107 1327 3194 mags
1355 3107 1499 3174 videaris

136 3197 289 3281 providus
311 3195 408 3262 luisse
430 3218 523 3283 qnam
545 3206 664 3283 gratm.
706 3201 775 3264 Hoc
796 3200 898 3284 ipsum
921 3199 1068 3279 nimium;
1091 3222 1189 3288 quare
1210 3201 1271 3268 alia
1291 3201 1461 3268 videamus.

137 3295 173 3354 B.
197 3296 294 3357 Brnto
317 3290 443 3355 decrevi
466 3291 619 3367 honores,
642 3292 770 3359 decrevi
792 3297 827 3359 L.
840 3293 965 3359 Planco.
1008 3295 1171 3361 Praeclara
1192 3295 1245 3361 illa
1265 3295 1393 3382 quidem
1415 3296 1462 3361 iu·

136 3385 244 3469 genia,
267 3406 347 3471 quae
362 3384 461 3469 gloria
476 3385 662 3464 invitantem
684 3387 739 3452 sed
761 3395 886 3453 senatus
908 3388 1003 3454 etiam
1025 3389 1161 3475 sapiens,
1185 3390 1254 3476 qui,
1276 3411 1338 3475 qua
1353 3409 1461 3475 quem·

136 3498 198 3563 que
219 3499 255 3543 re
277 3487 377 3564 putat,
410 3478 506 3545 modo
529 3479 674 3555 honesta,
703 3481 742 3548 ad
764 3502 832 3546 rem
853 3479 1011 3566 publicam
1032 3481 1199 3548 iuvandam
1220 3504 1313 3570 posse
1334 3482 1460 3557 adduci,

136 3569 193 3634 hac
221 3572 330 3641 utitur.
374 3578 413 3638 dt
440 3572 473 3637 in
501 3573 620 3659 Lepido
648 3574 923 3661 reprehendimur;
952 3573 1003 3641 cui
1029 3597 1100 3642 cum
1127 3585 1260 3643 statuam
1286 3577 1320 3642 in
1340 3581 1461 3643 Rostris
1470 3597 1498 3640 ss

136 3664 366 3742 statuissemus,
391 3665 486 3732 iidem
509 3666 594 3733 illam
617 3669 798 3735 evertimus.
840 3673 903 3734 Nos
924 3668 1012 3735 illum
1034 3668 1155 3735 honore
1176 3670 1352 3737 studuimus
1373 3692 1391 3735 a
1412 3669 1461 3742 lu-

136 3777 211 3820 rore
225 3778 386 3825 revocare.
419 3759 499 3826 Vicit
520 3761 655 3826 amentia
676 3761 825 3828 levissimi
846 3761 982 3827 hominis
1004 3772 1143 3828 nostram
1156 3762 1364 3849 prudentiam.
1397 3768 1461 3829 Nec

137 3858 240 3914 umen
268 3860 385 3918 tantum
414 3853 446 3917 in
468 3853 630 3919 statuenda
651 3854 763 3942 Lepidi
790 3864 891 3921 statua
917 3851 1103 3921 factumest
1129 3855 1220 3931 mali,
1250 3865 1400 3942 quantum
1428 3861 1461 3921 in

137 3944 305 4011 evertenda
326 3945 411 4012 boni.
449 3951 497 4012 10.
521 3951 601 4013 Satis
621 3949 719 4015 multa
740 3948 779 4014 de
801 3946 988 4027 bonoribus3
1011 3971 1094 4016 nunc
1115 3949 1154 4015 de
1169 3971 1271 4036 poena
1292 3971 1391 4035 pauca
1413 3948 1459 4015 di·

137 4037 233 4104 cende
262 4048 343 4105 sunt.
386 4040 528 4106 Intellexi
554 4041 638 4107 enim
665 4063 705 4107 ex
727 4041 789 4107 tuis
817 4061 911 4127 saepe
931 4041 1043 4108 litteris
1074 4054 1104 4109 te
1132 4043 1166 4107 in
1186 4043 1239 4118 iis,
1269 4064 1350 4129 quos
1375 4041 1496 4108 bellom

138 4128 295 4208 devicisti,
325 4133 518 4200 clementiam
546 4145 633 4201 tuam
661 4136 740 4201 velle
766 4135 899 4202 laudari.
942 4135 1096 4201 Existimo
1118 4135 1264 4222 equidem
1291 4136 1367 4202 nibil
1388 4158 1407 4201 a
1428 4147 1459 4202 te

147 4281 396 4291 -μῃ-η--ῄ-
412 4286 463 4291 ω.-.
893 4288 910 4295 0-
925 4289 1033 4296 --—..—
1044 4291 1064 4295 .-
1179 4291 1244 4296 ..α-

209 4359 251 4408 13.
270 4362 417 4422 rcperimur
435 4363 453 4410 i.
476 4387 506 4398 -
539 4362 582 4413 17.
603 4361 763 4414 Laurentiae
782 4365 813 4414 B.
835 4387 866 4399 -
898 4366 942 4414 cet
959 4361 1015 4427 vos]
1034 4378 1081 4416 eos
1100 4368 1175 4415 cetus
1193 4367 1228 4416 Bi
1246 4372 1273 4417 et
1291 4380 1332 4431 pr.
1351 4366 1394 4426 Μ,
1413 4381 1459 4417 vos

137 4428 220 4478 caieta
239 4442 309 4480 cerr.
328 4431 374 4491 ti,
400 4433 474 4482 caius
492 4445 538 4481 ece
557 4433 607 4483 Vh.
637 4458 667 4470 -
708 4433 819 4484 VctoBro
837 4435 996 4499 sacrificium
1014 4435 1102 4498 facere
1119 4436 1193 4487 mut.
1232 4432 1277 4500 (Ut
1295 4449 1361 4499 nos,
1381 4437 1459 4488 Lam-

139 4499 217 4548 binus
236 4506 263 4551 et
281 4500 346 4550 Cod.
367 4498 466 4564 Oxou.)
495 4527 525 4538 -
563 4504 606 4554 19.
632 4506 819 4567 sempiternam
836 4506 990 4556 memoriam
1009 4507 1127 4556 uolebam
1152 4506 1173 4554 1.
1205 4532 1233 4544 -
1272 4506 1345 4557 haud
1366 4507 1458 4570 pastio

138 4569 195 4618 Vh:
213 4570 312 4631 ‘paullo
339 4569 434 4620 Bure.
472 4572 565 4624 (mutto
588 4574 705 4624 malebat
723 4570 883 4636 Ernestiusd
915 4599 945 4611 -
981 4577 1025 4625 22.
1054 4577 1124 4626 Fert.
1143 4577 1323 4639 reprehendet.
1352 4576 1403 4628 Os·
1425 4599 1457 4613 -

137 4639 181 4687 21.
201 4637 278 4702 esset]
295 4648 382 4703 posset
396 4653 450 4692 esse
469 4643 516 4694 let
528 4643 594 4694 Cod.
608 4644 693 4694 Oron-
715 4669 745 4680 -
764 4646 808 4695 25.
829 4645 877 4694 tibi
894 4647 982 4695 mines
998 4646 1067 4698 mit:
1086 4648 1175 4695 minas
1193 4647 1242 4698 tibi
1260 4647 1304 4697 lli.
1325 4672 1357 4680 -
1375 4648 1419 4698 26.
1439 4661 1458 4697 a

138 4707 183 4758 ll:
202 4710 235 4760 ab
255 4711 321 4760 Blli.
346 4735 371 4743 -
395 4713 497 4774 quidem
515 4713 568 4764 illis
586 4714 618 4765 B.
640 4740 670 4751 -
691 4714 734 4765 27.
752 4713 887 4777 probatur
905 4715 927 4764 1.
948 4742 980 4752 -
999 4717 1043 4766 91.
1064 4715 1146 4778 [eim
1163 4730 1218 4768 om.
1239 4717 1260 4766 1.
1283 4741 1313 4753 -
1341 4716 1385 4767 33.
1405 4730 1458 4781 qao

137 4778 270 4844 quernaque]
290 4793 442 4846 quocunque
462 4781 483 4832 l.
503 4804 536 4818 -
571 4783 615 4835 aa.
634 4785 708 4834 illem
726 4786 806 4835 ctiam
823 4785 920 4836 honore
939 4785 959 4835 Ι.
983 4812 1009 4823 -
1041 4786 1084 4837 Bt).
1105 4786 1216 4838 dicenda
1234 4792 1295 4838 tunt
1312 4787 1376 4840 itu:
1395 4794 1457 4838 mat

139 4848 249 4900 dicende
270 4851 311 4900 111.
336 4876 360 4885 -
400 4852 443 4900 10.
463 4853 503 4901 bis
523 4853 544 4902 l.
568 4880 594 4889 -
633 4854 735 4904 t1.ntt
755 4855 776 4905 1.
