3256 5400
653 259 728 323 LlB.
749 260 802 324 Vl.
844 260 903 323 ΕΡ.
924 261 956 323 t.
1424 265 1464 329 91

144 413 248 480 levare
270 409 419 487 debeam,
454 413 557 478 fateor
585 434 635 479 me
667 415 880 481 communium
905 414 1060 481 malorum
1082 418 1329 484 consolationem
1350 419 1467 485 nullam

143 507 286 572 invenire
306 515 431 592 praeter
455 507 554 579 illam,
592 529 671 594 quae
694 519 814 581 tamen,
848 507 876 574 si
899 509 1000 593 possis
1027 531 1096 574 eam
1123 511 1301 598 suscipere,
1331 512 1468 577 maxima

144 612 190 667 est
210 622 336 688 quaque
359 620 418 685 ego
441 601 582 687 quotidie
611 602 709 686 magis
728 613 816 668 utor:
839 601 1061 667 conscientiam
1083 614 1189 669 rectae
1214 605 1381 670 voluntatis
1402 627 1469 671 ma-

129 693 261 758 ¹ximam
276 693 523 759 consolationem
541 714 610 759 esse
628 716 736 760 rerum
754 693 1026 760 incommodarum
1045 716 1103 760 nec
1118 718 1187 762 esse
1206 698 1305 762 ullum
1320 719 1468 782 magnum

143 787 259 852 mdnm
272 796 397 872 praeter
414 787 548 873 culpam.
590 792 692 874 Aqua
708 789 856 875 qnoniam
871 798 989 852 tantum
1004 786 1167 862 absumus,
1191 799 1226 855 ut
1245 792 1338 857 etiam
1349 793 1493 879 optimes

142 880 350 955 senserimus,
383 890 576 967 eventusque
596 883 696 967 magis
728 881 828 947 nostri
850 881 973 946 consilii
994 903 1089 965 quam
1110 883 1276 948 consilium
1297 885 1468 970 repreben-

143 974 254 1048 datur,
277 985 309 1040 et
331 975 479 1062 quomam
498 976 724 1062 praestitimus,
746 975 831 1063 quod
845 974 1025 1047 debuimus,
1048 975 1226 1049 moderate,
1250 978 1336 1063 quod
1351 979 1465 1053 evenit,

143 1068 294 1134 ieramus.
338 1067 400 1133 Sed
419 1068 479 1134 boc
495 1069 574 1134 mibi
596 1078 699 1135 tamen
717 1091 782 1135 non
800 1090 912 1142 sumo,
949 1078 985 1135 ut
1007 1079 1038 1135 te
1067 1071 1213 1136 consoler
1234 1071 1273 1136 de
1295 1071 1470 1137 eommuni-

141 1161 202 1228 bns
226 1162 378 1237 miseriis,
400 1183 481 1251 quae
499 1162 540 1230 ad
557 1164 782 1230 consolandum
804 1163 933 1229 maioris
950 1163 1068 1248 ingenii
1090 1173 1122 1228 et
1146 1162 1185 1229 ad
1207 1163 1373 1229 serendum
1403 1165 1467 1229 sin-

142 1255 260 1341 gularis
278 1255 402 1321 virtutis
425 1255 573 1342 indigent.
616 1258 694 1323 lllnd
717 1258 816 1322 cuivis
834 1257 924 1322 iacile
938 1266 986 1322 est
1007 1257 1143 1331 docere,
1166 1279 1224 1323 cur
1244 1258 1412 1344 praecipue
1432 1268 1466 1323 tu
1481 1278 1508 1319 ιιι

142 1347 251 1414 dolere
270 1348 347 1415 nibil
373 1348 498 1416 debeas.
552 1350 628 1416 Eius
653 1351 750 1424 enim,
782 1350 836 1438 qui
856 1351 977 1415 tardior
997 1350 1030 1415 in
1053 1360 1083 1416 te
1105 1351 1238 1416 levando
1270 1351 1343 1422 luit,
1374 1371 1468 1437 qnam

142 1441 212 1508 lore
238 1453 437 1529 putaremus,
470 1454 605 1511 nonest
629 1444 705 1511 mibi
732 1443 828 1509 dubia
858 1443 899 1509 de
924 1455 978 1509 tna
999 1445 1098 1509 salute
1129 1445 1299 1521 sententia;
1337 1443 1376 1509 de
1407 1444 1469 1509 illis

142 1545 246 1601 autem
271 1558 335 1602 non
354 1536 493 1604 arbitror
513 1547 544 1604 te
570 1549 754 1625 exspectare
775 1536 851 1624 quid
870 1539 1011 1604 sentiam.
1055 1544 1085 1603 3.
1109 1538 1274 1624 Reliquum
1298 1547 1360 1610 est,
1384 1546 1418 1601 ut
1438 1545 1469 1601 te

143 1639 249 1712 angat,
273 1631 358 1716 quod
375 1630 460 1696 absis
481 1654 499 1697 a
521 1633 582 1697 tuis
601 1632 728 1697 tamdiu.
771 1637 832 1697 lies
854 1631 1001 1703 molesta,
1024 1632 1210 1716 pracsertim
1228 1630 1268 1696 ab
1289 1631 1327 1696 iis
1349 1630 1467 1717 pueris,

143 1723 257 1811 quibus
278 1724 355 1789 nibil
375 1734 566 1810 potestesse
587 1725 739 1791 festivius.
792 1724 868 1798 Sed,
900 1733 935 1790 nt
959 1723 999 1790 ad
1023 1734 1054 1789 te
1072 1726 1184 1833 scripsi
1203 1734 1309 1798 antea,
1344 1735 1468 1809 tempus
1480 1744 1507 1785 ιι

142 1827 190 1883 est
209 1816 406 1892 huiusmodi,
427 1829 465 1886 ut
484 1840 572 1885 snam
595 1819 728 1928 quisque
745 1817 961 1884 condicionem
983 1818 1193 1883 miserrimam
1214 1827 1317 1903 putet,
1341 1826 1388 1893 et,
1410 1815 1466 1882 ubi

142 1910 278 1998 quisque
296 1909 352 1987 sit,
380 1910 425 1977 ibi
444 1934 513 1978 esse
534 1913 663 1978 minime
685 1912 769 1977 velit.
811 1911 983 1998 Equidem,
1013 1933 1072 1977 nos
1091 1913 1176 1999 quod
1201 1919 1319 1979 Romae
1343 1931 1467 1985 sumus,

142 2004 355 2069 miserrimum
378 2027 447 2071 esse
470 2006 567 2080 duco,
596 2028 660 2071 non
683 2006 784 2071 solum
806 2005 920 2091 qnod
910 2027 943 2069 m
963 2005 1054 2071 malis
1075 2004 1222 2070 omnibus
1250 2002 1394 2070 acerbius
1421 2013 1469 2069 est

143 2098 250 2163 videre
272 2119 365 2206 quam
388 2101 517 2175 audire,
541 2101 595 2166 sed
614 2100 707 2165 etiam
728 2098 814 2185 quod
838 2098 877 2163 ad
898 2119 1007 2164 omnes
1030 2119 1120 2164 casus
1146 2097 1324 2176 subitorum
1343 2098 1468 2185 pericu-

142 2190 247 2256 lorum
269 2192 369 2277 magis
389 2191 505 2257 obiecti
528 2215 650 2265 sumus,
673 2192 814 2278 quamsi
838 2190 1032 2269 abessemus;
1056 2193 1114 2257 etsi
1136 2214 1187 2258 me
1209 2192 1333 2279 ipsum,
1356 2209 1505 2257 conso-so

143 2283 276 2350 latorem
296 2294 401 2360 tuum,
424 2308 488 2352 non
510 2295 628 2352 tantum
650 2285 788 2358 litterae,
812 2284 927 2371 quibus
942 2307 1068 2371 semper
1091 2287 1213 2361 studui,
1236 2295 1386 2372 quantum
1399 2284 1468 2351 lon·

143 2378 299 2464 ginquitas
319 2379 470 2465 temporis
496 2380 659 2464 mitigavit.
712 2385 742 2445 4.
766 2384 892 2458 Quanto
914 2381 1029 2445 luerim
1051 2380 1179 2452 doloro,
1204 2379 1381 2444 meministi.
1431 2381 1468 2442 ln

144 2491 206 2556 quo
227 2473 330 2557 prima
352 2473 403 2538 illa
425 2475 598 2539 consolatio
621 2483 684 2543 cst,
707 2473 822 2538 vidisse
838 2495 888 2537 me
909 2474 979 2559 plus
998 2496 1091 2559 quam
1106 2485 1247 2546 ceteros,
1270 2493 1341 2536 cum
1362 2471 1467 2556 cupie-

143 2565 213 2629 bam
232 2567 374 2652 quamvis
389 2568 497 2653 iniqua
514 2567 699 2632 condicione
718 2588 835 2652 pacem.
880 2567 974 2644 Quod
996 2568 1054 2632 etsi
1078 2588 1167 2642 casu,
1194 2588 1257 2631 non
1275 2564 1468 2629 divinatione
1521 2627 1529 2638 ,

143 2659 337 2725 mealactum
365 2671 425 2735 est,
449 2661 604 2726 tamenin
628 2661 684 2725 bac
705 2661 790 2724 inani
811 2660 998 2747 prudentiae
1026 2661 1119 2726 laude
1143 2661 1292 2725 delector.
1336 2656 1467 2731 Deinde,
1478 2676 1508 2716 sa

118 2800 121 2805 ·
143 2754 226 2840 quod
248 2754 325 2818 mibi
343 2754 382 2819 ad
407 2755 652 2819 consolationem
681 2776 846 2819 commune
868 2764 972 2819 tecum
985 2765 1058 2839 cst,
1081 2755 1107 2819 si
1135 2755 1198 2818 iam
1223 2773 1320 2817 vocer
1342 2750 1381 2814 ad
1402 2748 1471 2813 exi-

143 2859 207 2913 tum
232 2848 335 2920 vitae,
371 2869 435 2913 non
456 2847 495 2912 ab
521 2870 556 2912 ea
576 2870 613 2913 re
636 2847 760 2934 publica
783 2849 917 2921 avellar,
954 2869 1016 2934 qua
1038 2847 1207 2912 carendum
1231 2867 1300 2910 csse
1328 2844 1469 2915 doleam,

142 2941 327 3027 praesertim
359 2962 429 3005 cum
463 2942 497 3007 id
528 2943 594 3006 sine
619 2942 684 3007 ullo
715 2963 808 3005 sensu
838 2940 979 3006 luterum
1007 2942 1055 3006 sit.
1110 2941 1242 3006 Adiuvat
1266 2940 1360 3003 etiam
1385 2947 1470 3002 aetas

142 3043 173 3099 et
202 3045 270 3098 acta
299 3035 361 3098 iam
384 3036 463 3110 vita,
496 3056 670 3122 quaecum
699 3056 793 3099 eursu
821 3056 879 3100 suo
904 3034 985 3100 bene
1008 3034 1152 3101 conlecto
1173 3034 1365 3105 delectatur,
1403 3041 1468 3095 tum

141 3136 225 3191 vetat
256 3128 288 3192 in
317 3150 356 3194 eo
384 3130 449 3195 vim
478 3130 611 3202 timere,
649 3149 712 3214 quo
740 3149 798 3192 nos
827 3128 888 3192 iam
917 3137 1027 3193 natura
1062 3129 1128 3213 ipsa
1151 3148 1249 3213 paene
1271 3123 1507 3210 perduxeritw

141 3226 306 3287 Postremo
328 3221 354 3286 is
384 3223 433 3286 vir
455 3224 504 3288 vel
534 3222 671 3287 etiamii
703 3221 763 3286 viri
787 3220 847 3285 boc
877 3219 961 3286 bello
984 3222 1181 3292 occiderunt,
1217 3230 1252 3283 ut
1274 3217 1468 3304 impudentia

141 3315 286 3380 videatur
307 3316 437 3381 eandem
458 3317 635 3389 fortunam,
659 3315 685 3379 si
705 3336 757 3378 res
773 3324 883 3396 cogat,
906 3336 1064 3379 recusare.
1086 3314 1239 3400 Equidem
1264 3313 1339 3376 naibi
1364 3311 1469 3376 omnia

140 3428 303 3494 propono,
336 3431 394 3474 nec
423 3412 521 3475 ullum
556 3420 602 3474 est
627 3418 745 3473 tantum
773 3408 908 3481 malum,
943 3407 1028 3493 quod
1051 3428 1113 3471 non
1141 3417 1248 3491 putem
1275 3403 1468 3490 impendere.

141 3501 202 3565 Sed
231 3523 303 3567 cum
331 3503 401 3588 plns
433 3503 466 3567 in
493 3502 662 3566 metuendo
695 3500 768 3563 mali
791 3500 831 3564 sit
859 3523 953 3587 quam
978 3502 1009 3565 in
1032 3501 1102 3586 ipso
1124 3500 1193 3574 illo.
1217 3500 1303 3585 quod
1325 3499 1467 3568 timetur,

140 3594 269 3669 desino,
297 3596 484 3680 praesertim
506 3617 578 3660 cum
600 3593 631 3658 id
651 3593 844 3679 impendeat,
876 3597 994 3680 inquo
1024 3616 1087 3659 non
1110 3593 1205 3658 modo
1229 3593 1320 3657 dolor
1348 3591 1507 3662 nullus,⁸a

140 3709 251 3752 verum
274 3687 344 3753 finis
365 3690 458 3753 etiarn
491 3689 611 3754 doloris
632 3688 757 3752 futurus
787 3687 836 3752 sit.
895 3687 957 3752 Sed
979 3687 1055 3751 baec
1077 3687 1150 3751 satis
1173 3686 1283 3756 multa,
1308 3684 1355 3747 vel
1379 3682 1470 3768 plura

140 3781 260 3867 potius,
283 3803 377 3868 quam
399 3804 527 3847 necesse
549 3783 624 3861 luit;
649 3782 721 3846 lacit
742 3791 846 3845 autem
870 3804 930 3846 uon
949 3782 1119 3867 loquacitas
1142 3801 1230 3853 mea,
1254 3778 1309 3842 sed
1333 3776 1470 3840 benovo-

141 3874 234 3940 lentia
256 3875 416 3960 longiores
438 3878 595 3963 epistolas,
654 3880 683 3941 5.
716 3876 859 3939 Servium
883 3875 1063 3939 discessisse
1086 3874 1213 3938 Athenis
1236 3872 1367 3935 molesto
1389 3869 1468 3939 tuli;

141 3990 203 4032 non
224 3970 309 4034 enim
330 3969 457 4045 dubito,
485 3972 559 4055 quin
582 3990 711 4053 magnae
734 3968 789 4033 tibi
813 3969 957 4034 levationi
981 3967 1091 4032 solitus
1113 3968 1153 4031 sit
1174 3988 1243 4030 esse
1266 3964 1468 4052 quotidianus

140 4082 327 4145 congressus
349 4073 380 4128 et
401 4086 505 4128 sermo
527 4085 599 4127 cum
621 4063 853 4127 familiarissimi
876 4062 1026 4135 bominis,
1061 4072 1126 4125 tum
1148 4060 1257 4145 optimi
1281 4070 1311 4123 et
1333 4058 1507 4145 pruteno

142 4155 252 4220 tissimi
275 4157 346 4222 viri.
390 4165 437 4223 Tu
460 4158 553 4222 velim
577 4166 621 4232 te,
644 4167 678 4221 ut
699 4156 796 4221 debes
819 4167 850 4219 et
871 4156 972 4226 soles,
997 4164 1048 4220 tua
1072 4156 1187 4219 virtute
1202 4162 1365 4218 sustentes.
1389 4157 1466 4235 Ego,

142 4271 221 4335 quae
243 4261 273 4315 te
295 4252 375 4316 velle
397 4273 539 4338 quaeque
561 4251 599 4315 ad
622 4261 651 4315 te
674 4260 705 4315 et
725 4250 765 4314 ad
786 4259 857 4314 tuos
880 4251 1037 4335 pertinere
1059 4248 1253 4323 arbitrabor,
1277 4247 1382 4312 omnia
1405 4255 1469 4309 stu·

211 4470 236 4518 1.
256 4470 376 4519 debebam
395 4471 426 4519 ll.
449 4495 479 4504 -·
504 4472 519 4521 5
539 4477 564 4520 et
583 4472 609 4519 7.
629 4472 753 4534 quonium
773 4470 817 4518 ll:
839 4484 916 4532 quum
935 4469 966 4518 ll.
989 4493 1018 4503 -
1044 4468 1070 4516 8.
1091 4469 1132 4516 Λιι
1153 4459 1469 4529 consummaveram?

140 4535 190 4586 On.
212 4563 243 4573 -
281 4541 323 4588 12.
342 4548 498 4602 putaremus
516 4541 683 4590 Lambinus:
703 4549 856 4603 pittaremns
874 4539 932 4588 ΜΕ.
957 4563 984 4571 -
1021 4539 1074 4587 illis
1092 4539 1137 4587 Μι
1158 4539 1218 4586 aliia
1238 4538 1268 4586 E.
1291 4563 1321 4571 -
1353 4536 1395 4584 13.
1415 4535 1469 4582 erci-

141 4615 256 4666 sperare
286 4611 323 4660 Μ.
357 4635 387 4645 -
426 4611 469 4659 ta.
497 4613 536 4660 bis
556 4612 593 4660 Μ.
631 4635 661 4648 -
700 4610 743 4660 to.
776 4611 900 4660 etrtsmodi
934 4609 1093 4658 Cratander.
1128 4633 1158 4643 —
1197 4609 1240 4656 17.
1267 4607 1343 4656 eelim
1370 4604 1407 4653 Μ.
1438 4628 1466 4639 -

142 4678 184 4725 ⁸22.
203 4680 342 4742 [ιιινίιιιίιι
361 4682 449 4729 dolore
470 4681 624 4730 Lambinus.
662 4704 691 4714 -
726 4682 770 4730 23.
790 4676 858 4741 plata]
886 4680 961 4741 prius
991 4679 1028 4727 Μ.
1052 4702 1084 4713 -
1119 4679 1164 4727 25.
1185 4685 1273 4726 tomen
1291 4678 1340 4724 bac
1358 4674 1469 4723 Cratan-

143 4748 199 4797 tirr.
232 4774 263 4785 -
300 4751 345 4800 ⁸28.
365 4753 474 4800 adierint
493 4753 547 4800 inm
565 4759 639 4801 uetus
658 4751 694 4801 Μ.
724 4775 754 4786 -
791 4749 989 4799 31.at.t1.-
1026 4749 1070 4799 35.
1089 4750 1117 4798 id
1136 4749 1285 4810 impendeat
1304 4745 1349 4796 M:
1369 4746 1469 4806 impen-

143 4817 201 4871 deat
222 4821 253 4871 Ε.
276 4846 306 4857 -
343 4821 491 4872 ιιιιιιε
512 4829 562 4872 rete
583 4821 612 4870 tt.
