3256 5400
653 227 727 290 ΠΒ.
747 227 787 289 11.
829 227 888 290 ΕΡ.
909 229 940 290 7.
1406 176 1480 296 ’1711Ι

144 386 252 454 lentio.
294 386 325 448 1.
347 381 501 448 Postridie
522 390 625 447 autem
648 402 719 448 cum
740 402 847 449 sermo
868 381 1091 459 increbuisset,
1114 385 1262 471 Pilusque
1283 387 1392 454 oculos
1413 409 1468 454 ve·

145 477 319 545 bementius
334 476 495 541 bominum
511 475 708 550 offendisset,
731 486 837 541 natum
859 477 988 543 omnino
1011 487 1058 544 cst
1079 479 1268 565 principium
1291 502 1384 549 nme.
1422 487 1469 548 Dc

144 572 331 661 proconsule
344 569 480 634 Antonio
494 568 607 633 multa:
631 569 749 635 Sestius
764 590 874 635 causae
889 591 953 635 non
969 570 1085 650 deluit3
1108 582 1194 659 post,
1217 593 1267 637 me
1281 595 1353 640 cum
1372 596 1470 660 quan-

143 678 176 731 to
207 688 297 732 suum
326 663 439 736 lilium,
467 671 585 748 quanto
613 683 719 727 meum
748 663 781 728 in
810 663 953 749 periculo
976 664 1117 730 futurum
1140 665 1273 741 diceret,
1304 667 1331 733 si
1360 677 1470 733 contra

143 759 362 846 proconsulem
384 777 471 821 arma
492 756 643 826 tulissent.
686 758 773 823 Nosti
795 757 969 828 bominem:
1003 778 1115 824 causae
1136 781 1200 825 non
1222 759 1330 826 deluit
1373 765 1492 827 Dim-³

143 863 216 919 runt
243 853 337 916 etiam
364 850 426 914 alii.
469 849 575 915 Labeo
602 872 680 916 vero
708 861 816 917 noster
842 873 900 916 nec
929 851 1055 937 signum
1081 863 1169 919 tuum
1199 853 1232 919 in
1253 854 1384 941 epistola
1410 876 1470 922 nec

144 947 227 1011 diem
249 945 425 1030 appositum
447 964 505 1008 neo
526 954 556 1009 te
578 945 739 1030 scripsisse
761 945 800 1010 ad
822 955 909 1019 tuos,
931 955 966 1010 ut
985 946 1114 1012 soleres.
1157 951 1226 1013 Hoc
1247 969 1360 1034 cogere
1381 949 1469 1015 vole-

143 1040 212 1116 bat,
234 1039 325 1105 salsas
346 1039 464 1104 litteras
486 1058 555 1106 esse
577 1048 623 1113 et,
646 1039 673 1104 si
688 1039 832 1126 quaeris,
854 1038 1018 1124 probabat.
1055 1045 1085 1106 5.
1108 1046 1195 1107 Nune
1216 1050 1303 1108 tuum
1326 1052 1374 1107 cst
1394 1064 1468 1109 con·

143 1135 262 1207 silium,
291 1138 402 1206 Bmte,
431 1132 470 1197 de
493 1142 559 1198 toto
581 1152 697 1216 genere
719 1130 803 1198 belli.
846 1133 947 1199 Video
969 1142 1000 1197 te
1021 1134 1148 1200 lenitate
1170 1134 1319 1201 delectari
1340 1146 1372 1202 et
1393 1158 1467 1203 eum

143 1238 254 1315 putare
274 1227 410 1292 fructum
432 1247 501 1290 esse
523 1225 709 1293 maximum:
740 1228 900 1312 praeclare
922 1227 1065 1314 quidem,
1097 1228 1152 1294 sed
1174 1229 1244 1295 aliis
1264 1229 1376 1306 rebus,
1399 1230 1506 1296 attico

144 1320 353 1407 temporibus,
386 1320 473 1385 locus
501 1341 570 1385 csse
599 1320 679 1385 solet
705 1320 859 1408 debetque
886 1321 1077 1387 clementiae.
1124 1325 1212 1386 Nunc
1237 1323 1316 1409 quid
1343 1324 1464 1409 agitur,

142 1422 259 1482 Brute?
281 1414 417 1501 Templis
439 1414 572 1479 deorum
586 1413 808 1478 immortalium
830 1416 973 1479 imminet
993 1414 1154 1479 hominum
1171 1417 1328 1500 egentium
1350 1427 1381 1482 ct
1395 1439 1467 1505 per·

143 1510 280 1575 ditorum
302 1530 388 1594 spes,
419 1530 477 1573 nec
502 1507 672 1594 quidquam
695 1508 780 1574 aliud
802 1509 984 1574 decernitur
1005 1509 1065 1574 boc
1086 1506 1188 1585 bello,
1214 1511 1274 1576 nisi
1296 1521 1403 1578 utrum
1425 1513 1465 1578 si·

142 1625 212 1668 mus
233 1622 341 1667 necne.
385 1605 442 1668 Cui
464 1604 619 1688 parcimus
640 1610 694 1666 aut
715 1602 792 1688 quid
813 1603 954 1687 agimus?
985 1603 1042 1668 llis
1064 1624 1141 1688 ergo
1163 1605 1369 1680 consulimus,
1397 1607 1466 1692 qni·

140 1696 201 1763 bus
223 1695 395 1761 victoribus
416 1695 584 1781 vestigium
605 1701 748 1760 nostrirm
766 1697 886 1761 nullum
907 1697 1125 1782 relinquetur?
1147 1701 1224 1763 Nam
1240 1699 1316 1785 quid
1336 1700 1467 1766 interest
1476 1706 1502 1752 ¹⁵

141 1793 223 1856 inter
237 1790 429 1855 Dolabellam
451 1800 482 1854 et
504 1789 645 1876 quemvis
659 1790 867 1856 Antoniorum
890 1791 1007 1856 trium?
1029 1812 1164 1877 quorum
1187 1792 1214 1857 si
1232 1793 1281 1857 cui
1297 1793 1464 1879 parcimus,

142 1884 215 1950 duri
242 1885 357 1950 luimus
384 1885 416 1949 in
436 1883 608 1949 Dolabella.
652 1887 736 1949 Haeo
761 1896 798 1950 ut
818 1885 861 1949 ita
882 1885 1012 1949 sentiret
1033 1895 1157 1951 senatus
1182 1886 1381 1973 populusque
1403 1893 1466 1953 Ro-

142 2000 267 2052 manus,
296 1979 354 2044 etsi
380 2001 431 2044 res
452 1980 519 2064 ipsa
542 1977 688 2063 cogebat,
720 1989 822 2044 tamen
850 1979 987 2043 maxima
1015 1988 1168 2065 exparte
1198 1989 1307 2044 nostro
1333 1981 1465 2047 consilio

143 2081 236 2157 atque
257 2073 440 2137 auctoritate
462 2071 635 2158 perlectum
649 2079 705 2135 est.
743 2078 790 2137 Tu
812 2073 838 2137 si
860 2072 939 2136 banc
960 2072 1115 2137 rationem
1138 2094 1202 2138 non
1224 2071 1356 2159 probas,
1380 2083 1465 2140 tuam

142 2167 325 2230 sententiam
339 2166 518 2240 delendam,
541 2187 604 2230 non
622 2165 796 2250 relinquam
811 2186 923 2231 meam.
958 2170 1065 2252 Neque
1087 2166 1274 2232 dissolutum
1296 2177 1359 2230 ate
1374 2165 1504 2252 quid-²⁰

142 2281 236 2345 mam
264 2260 405 2325 homines
426 2268 606 2346 exspectant
627 2279 685 2323 nec
705 2259 842 2324 crudele.
885 2259 986 2325 Huius
1007 2264 1054 2325 rei
1077 2260 1252 2325 moderatio
1277 2258 1378 2324 facilis
1400 2270 1464 2337 est,

142 2353 230 2418 utin
252 2352 346 2418 duces
368 2354 536 2419 vehemens
558 2353 615 2428 sis,
641 2352 674 2417 in
689 2353 802 2418 milites
823 2352 972 2419 liberalis.
1015 2357 1046 2418 6.
1069 2354 1252 2420 Ciceronem
1274 2372 1398 2428 meum,
1420 2353 1465 2419 mi

141 2452 252 2522 Brute,
276 2448 369 2512 velim
391 2469 485 2534 quam
506 2447 677 2532 plurimum
698 2456 801 2512 tecum
816 2445 941 2512 habeas.
983 2446 1116 2513 Virtutis
1138 2446 1332 2532 disciplinam
1354 2444 1465 2512 melio·

140 2563 210 2606 rem
232 2541 369 2627 reperiet
390 2542 506 2608 nullam
527 2562 620 2628 quam
642 2540 937 2627 contemplationem
958 2550 1051 2628 atque
1064 2541 1270 2607 imitationem
1292 2541 1348 2605 tui.
1383 2559 1463 2606 ¹111.

141 2636 270 2702 Kalend.
292 2637 400 2703 Maias.
1472 2643 1505 2687 ²⁵

210 2854 235 2903 1.
254 2854 424 2904 tncrebus'sset
441 2852 504 2905 Cn:
522 2855 709 2904 tnerebrntsset
727 2854 758 2905 11.
772 2878 806 2889 -
823 2853 850 2904 3.
869 2852 968 2903 Sestius
981 2853 1042 2904 Cn:
1062 2853 1169 2904 Scottus
1187 2854 1218 2904 11.
1233 2877 1265 2890 -
1283 2855 1384 2917 desub,
1402 2859 1463 2914 port

140 2935 181 2973 mc
198 2938 255 2974 eom
272 2931 371 2989 quanto
388 2948 400 2960 ·
416 2949 427 2959 ·
444 2926 540 2976 diceret
558 2925 613 2975 Vb:
642 2925 737 2986 defuit.
771 2925 833 2975 Post
857 2938 973 2974 meeum:
998 2931 1097 2988 quanto
1114 2947 1126 2960 ·
1142 2949 1154 2959 ·
1171 2925 1268 2975 diecret
1287 2924 1338 2984 Cr,
1367 2923 1461 2984 defuit.

140 2996 203 3045 Post
219 3008 332 3047 merom:
352 3002 453 3061 quanto
472 3023 481 3035 ·
498 3019 510 3031 ·
528 2996 634 3048 doceret
652 2996 683 3047 11.
704 3019 736 3032 -
767 2995 811 3046 11.
829 3002 929 3060 apator
947 2994 992 3047 Cr.
1013 3021 1042 3035 -
1074 2996 1118 3046 21.
1137 3007 1187 3045 nee
1205 2994 1269 3047 Cn:
1288 3006 1371 3057 osque
1389 2993 1419 3043 s.
