3256 5400
616 215 687 276 LIB.
711 215 792 278 XVl.
836 215 895 277 EP.
918 218 947 278 7.
971 215 1001 277 8.
1407 223 1464 283 7tt

144 371 265 435 valeant
291 378 345 434 aut
374 390 437 453 quo
465 378 619 454 spectent,
651 370 741 456 plane
771 391 833 435 non
856 370 965 449 video;
994 392 1051 435 nec
1079 390 1138 455 ego
1167 392 1262 446 nunc,
1294 384 1327 437 ut
1355 382 1468 442 Brutus

144 464 304 536 censebat,
334 464 412 528 istuc
439 463 476 527 ad
506 485 573 528 rem
603 464 758 549 publicam
788 466 1009 550 capessendam
1041 467 1144 529 venio.
1189 467 1272 543 Quid
1296 469 1377 533 enim
1401 470 1467 558 [reri

145 565 266 644 potest‘l
304 563 381 622 Num
405 558 474 642 quis
496 559 600 623 Pisoni
623 568 670 622 est
691 564 855 623 assensus?
890 564 967 623 Num
990 559 1085 624 rediit
1106 560 1174 645 ipse
1198 562 1370 645 postridie?
1408 564 1469 628 Sed

144 651 253 716 abesse
277 652 355 716 hanc
376 661 507 715 aetatem
531 652 622 736 longe
650 674 666 715 a
689 652 835 737 sepulcro
857 662 970 736 negant
992 662 1149 738 oportere.
1192 658 1222 719 8.
1252 656 1313 720 Sed
1335 657 1468 724 obsecro

144 754 189 818 te,
221 745 295 831 quid
325 756 372 809 est
398 745 482 831 quod
505 746 610 810 andivi
639 746 677 810 de
700 751 818 810 Bruto‘l
854 747 962 810 Piliam
993 749 1203 834 πειράζεσθαι
1227 752 1409 834 ,repatriare
1439 760 1492 815 tes

144 839 305 924 scripsisse
327 838 439 902 aiebat.
485 840 581 904 Valde
603 862 672 904 sum
694 848 887 918 commotus;
918 841 975 906 etsi
999 840 1099 915 idem,
1126 853 1155 906 te
1178 841 1318 907 scribere
1341 866 1468 930 sperare

144 933 264 998 melius.
311 939 352 997 lta
375 932 465 1018 plane
488 935 589 1001 velim.
631 935 667 999 Ei
690 935 775 999 dicas
797 934 962 1020 plurimam
987 935 1116 1000 salutem
1140 947 1171 999 et
1193 937 1396 1002 suavissimae
1419 944 1470 1002 At·

145 1025 232 1090 ticae.
276 1030 360 1090 llaec
381 1028 491 1113 scripsi
515 1027 680 1113 navigans,
704 1049 774 1093 cum
797 1027 1020 1114 Pompeianum
1043 1029 1242 1103 accederem,
1266 1051 1359 1096 xuu.
1381 1032 1446 1096 Kal.

610 1189 690 1250 vm.
733 1188 783 1268 (a,
810 1191 842 1251 a.
866 1190 898 1252 c.
920 1189 1010 1264 710.)

624 1319 767 1383 cacano
790 1319 933 1383 muco
957 1320 988 1383 s,
1481 1361 1506 1402 ,0

234 1447 261 1503 1.
294 1444 370 1506 Cum
400 1440 511 1515 sciam,
540 1462 604 1525 quo
632 1439 682 1504 die
712 1451 861 1504 venturus
888 1440 963 1514 sim,
994 1441 1121 1517 laciam,
1150 1453 1183 1508 ut
1205 1444 1293 1508 scias.
1337 1445 1470 1530 Impedi-

144 1546 246 1598 menta
276 1533 482 1618 exspectanda
512 1546 598 1606 sunt,
633 1554 713 1619 qnae
740 1533 878 1619 Anagnia
908 1535 1052 1611 veniunt;
1085 1546 1116 1601 et
1145 1536 1259 1601 lamilia
1289 1560 1382 1623 aegra
1413 1551 1468 1605 est.

144 1628 210 1691 llal.
241 1634 362 1712 vesperi
392 1628 513 1691 litterae
542 1628 616 1691 milti
646 1625 685 1690 ab
716 1628 897 1692 Octaviano.
945 1634 1056 1714 Magna
1085 1630 1222 1694 molitur.
1280 1638 1467 1706 veteranos,

144 1722 251 1807 quiqui
275 1722 400 1787 Casilini
423 1731 453 1786 et
476 1722 611 1788 Calatiae
633 1733 718 1794 sunt,
749 1720 897 1805 perduxit
919 1723 958 1787 ad
980 1746 1066 1787 suam
1090 1727 1284 1790 sententiam.
1328 1732 1390 1791 Nec
1412 1729 1469 1792 mi·

143 1837 230 1880 rum:
260 1816 433 1901 quingenos
463 1815 608 1880 denarios
638 1815 698 1880 dat.
743 1815 864 1898 Cogitat
892 1817 1028 1903 reliquas
1058 1819 1197 1883 colonias
1226 1819 1327 1885 obire.
1376 1821 1506 1887 Plancis

144 1908 203 1973 hoc
224 1920 355 1994 special,
378 1920 413 1975 ut
434 1933 467 1976 se
490 1910 568 1975 duce
590 1909 708 1974 bellum
727 1919 855 1995 geratur
877 1932 949 1975 cum
963 1913 1108 1976 Antonio.
1145 1912 1256 1999 Itaque
1280 1914 1371 1979 video
1393 1936 1468 2001 pau-

142 2003 187 2067 cis
214 2002 325 2068 diebus
353 2025 410 2068 nos
439 2004 471 2068 iu
498 2005 594 2069 armis
622 2003 701 2068 lore.
748 2006 849 2081 Quem
879 2015 982 2070 autem
1005 2014 1199 2091 sequamur?
1235 2007 1314 2074 l'ide
1336 2030 1467 2082 nomeu,

144 2097 214 2161 vide
236 2106 377 2161 aetatem.
414 2101 515 2185 Atque
537 2117 621 2162 atne
643 2098 793 2184 postulat,
817 2098 953 2183 primum
976 2108 1010 2164 ut
1024 2093 1323 2186 clam'colloquatur
1345 2124 1468 2167 mecum

144 2190 192 2253 vcl
220 2194 342 2275 Capuae
373 2192 420 2255 vel
451 2215 513 2256 non
541 2192 634 2276 louge
664 2196 819 2277 aCapua.
864 2192 988 2257 Puerile
1018 2192 1077 2257 hoc
1099 2194 1243 2279 quidem,
1273 2195 1300 2258 si
1323 2195 1353 2259 id
1382 2204 1469 2282 putat

142 2286 220 2350 clam
245 2284 312 2347 ficri
340 2306 442 2369 posse.
485 2287 585 2351 Docui
616 2308 673 2371 per
695 2287 813 2351 litteras
842 2285 874 2351 id
897 2307 955 2351 nee
983 2308 1063 2372 opus
1092 2309 1160 2351 esse
1192 2309 1248 2351 nec
1271 2287 1339 2352 steri
1366 2311 1468 2370 posse.
1479 2313 1507 2356 aa

142 2383 171 2444 2.
194 2379 277 2442 Misit
300 2377 339 2441 ad
362 2402 411 2443 mc
429 2381 591 2445 Caecinam
614 2380 769 2464 quendam
795 2380 1050 2454 Volaterranum,
1075 2380 1259 2446 familiarem
1282 2404 1391 2454 suuni,
1415 2385 1468 2471 qui

143 2473 218 2538 haec
242 2473 381 2557 pertulit:
405 2475 574 2539 Antonium
597 2496 667 2538 cum
690 2474 813 2559 legione
838 2474 1027 2540 Alaudarum
1050 2474 1091 2539 ad
1112 2474 1222 2540 urbem
1246 2499 1392 2562 pergere,
1417 2501 1470 2563 pc·

142 2569 248 2632 eunias
278 2567 454 2652 municipiis
482 2569 654 2653 imperare,
685 2569 842 2653 legionem
870 2567 928 2632 sub
956 2567 1053 2651 signis
1080 2566 1207 2632 ducere.
1251 2570 1470 2644 Consultabat,

143 2674 248 2727 utrum
272 2668 400 2726 ltomam
423 2685 493 2726 cum
511 2680 564 2726 cm
583 2679 636 2727 cm
655 2680 719 2726 cta.
744 2671 962 2726 veteranorum
987 2660 1253 2746 proficisceretur,
1277 2686 1314 2728 an
1332 2668 1467 2749 Capuam

144 2767 262 2820 teneret
284 2767 315 2819 et
335 2755 502 2820 Antonium
528 2756 703 2819 venientem
727 2754 922 2824 excluderet,
953 2776 992 2818 an
1015 2760 1074 2818 iret
1096 2755 1134 2818 ad
1158 2767 1221 2820 tres
1244 2757 1383 2840 legiones
1406 2763 1505 2822 Ma-aa

142 2849 322 2924 cedonicas,
350 2870 429 2933 quae
454 2847 513 2911 iter
535 2848 705 2913 seeundum
730 2871 815 2912 mare
837 2868 985 2932 superum
1010 2848 1141 2924 laciunt;
1171 2870 1248 2933 quas
1270 2861 1375 2934 sperat
1398 2874 1469 2915 suas

142 2966 220 3008 esse.
264 2948 326 3006 Eae
356 2941 549 3027 congiarium
580 2941 619 3005 ab
650 2942 784 3006 Antonio
814 2941 956 3025 accipere
985 2941 1169 3015 noluerunt,
1203 2952 1236 3007 ut
1264 2943 1314 3007 hic
1342 2945 1468 3029 quidem

143 3048 264 3109 narrat,
286 3037 359 3101 etei
376 3036 552 3100 convicium
568 3058 662 3119 grave
678 3034 819 3099 lecerunt
833 3034 1126 3119 contionantcmque
1144 3036 1348 3121 reliquerunt.
1386 3036 1469 3125 Quid

142 3131 288 3216 quaeris?
311 3136 429 3194 Ducem
452 3152 485 3193 sc
509 3129 673 3214 prolitetur
695 3151 751 3193 nec
774 3150 830 3193 nos
853 3127 912 3192 siti
935 3138 1021 3212 putat
1043 3128 1152 3192 deesse
1175 3140 1333 3215 oportere.
1374 3131 1469 3216 Equi·

142 3224 212 3287 dom
243 3224 343 3297 suasi,
374 3236 407 3289 ut
431 3230 559 3288 llontam
590 3234 746 3308 pergeret.
791 3223 921 3288 Videtur
943 3221 1025 3285 enim
1049 3221 1124 3286 mihi
1147 3233 1177 3286 ct
1201 3221 1393 3306 plebeculam
1416 3246 1506 3289 ur-so

142 3317 312 3389 lacrimaret,
336 3318 362 3382 si
379 3318 470 3382 [idem
494 3317 619 3390 lecerit,
644 3319 736 3384 etiam
758 3316 859 3381 licitos
876 3317 960 3380 viros
982 3338 1087 3380 secum
1111 3316 1283 3382 habiturus.
1321 3321 1468 3395 OBrute,

142 3409 194 3475 ulti
218 3416 275 3474 es‘l
298 3423 443 3495 quantam
467 3415 639 3498 εὐκαιρίαν
661 3411 792 3475 amittisl
820 3417 888 3475 Non
911 3409 1056 3496 equidem
1080 3410 1139 3474 hoc
1160 3411 1313 3484 divinavi,
1337 3413 1392 3478 scd
1414 3413 1469 3478 ali-

141 3503 217 3590 quid
241 3505 300 3569 tale
322 3505 428 3590 putavi
452 3504 532 3569 lore.
576 3510 663 3570 Nunc
685 3516 773 3570 tuum
796 3504 960 3569 consilium
983 3503 1128 3591 exquiro.
1172 3509 1342 3569 Romamne
1364 3507 1467 3582 venio,

141 3621 180 3663 an
210 3598 258 3662 late
288 3620 416 3672 maneo,
447 3620 486 3661 an
514 3599 667 3683 Arpinum
689 3637 729 3644 -
759 3600 949 3679 depiletur
979 3597 1072 3662 habet
1092 3599 1119 3663 is
1151 3598 1299 3663 locus-
1328 3597 1467 3682 lugiam‘l

142 3697 285 3767 llomam;
318 3712 356 3755 ne
379 3692 613 3764 dosideremnr,
643 3693 669 3755 si
691 3691 766 3778 quid
788 3703 891 3756 actum
914 3691 1082 3756 videbitur.
1126 3696 1194 3756 Hoc
1217 3692 1313 3776 igitur
1335 3693 1466 3778 explica.
1478 3718 1506 3759 aa

143 3791 303 3869 lt'unquam
327 3786 357 3850 in
381 3787 501 3851 maiore
524 3791 650 3873 ἀπορίᾳ
674 3786 729 3850 lui.

1211 3930 1463 3940 -——-.-—.

212 4006 237 4054 ³.
257 4002 334 4068 illum]
354 4020 421 4055 nunc
442 4021 480 4068 pr.
502 4007 539 4056 m.
561 4031 591 4041 -
628 4007 654 4054 7.
676 4004 771 4068 Etlsst
791 4006 841 4056 All.
867 4029 895 4040 -
932 4005 1077 4068 plurimum
1095 4003 1218 4066 saliatem]
1237 4007 1305 4067 plus.
1326 4006 1362 4055 ol.
1386 4007 1420 4056 Μ.
1437 4031 1469 4040 -·

141 4078 166 4123 8.
187 4077 343 4125 accederem.
379 4076 461 4125 lala·
484 4074 615 4139 (Epistola
636 4074 727 4136 nova.)
766 4076 970 4138 Quartodarimo
988 4074 1049 4121 Kal.
1070 4089 1129 4122 eom
1150 4076 1170 4124 l.
1199 4101 1231 4108 -
1269 4078 1311 4124 ta.
1332 4074 1467 4140 ,leopatioJ

142 4148 230 4194 Annio
249 4146 286 4198 lt.
317 4160 334 4193 a
359 4147 424 4193 l'ine
443 4147 465 4195 l.
494 4171 524 4181 -
563 4147 604 4195 ta.
631 4147 694 4195 milri
712 4147 815 4194 litterae
837 4147 868 4194 ll.
897 4172 930 4180 -
969 4145 1117 4193 Octuaiono
1136 4146 1254 4193 redditae
1271 4151 1340 4193 stant.
1370 4161 1468 4210 inagna

142 4218 216 4265 1.-
255 4215 664 4279 tl.qaill,quodpraelero.
696 4217 745 4266 On.
768 4242 795 4251 -
836 4216 1054 4264 aventemltlll.
1084 4241 1111 4250 -
1151 4216 1410 4279 15.qninpentorl.
1433 4241 1468 4252 -

142 4288 183 4336 to.
205 4287 278 4336 tell.
304 4312 336 4320 -
373 4288 415 4335 19.
434 4288 545 4335 velcon
564 4287 639 4351 longe
660 4301 676 4334 a
696 4287 787 4346 Capua
806 4301 860 4334 om.
881 4285 956 4335 Mlll·
993 4283 1109 4345 (lnscrta
1130 4292 1190 4333 sunt
1210 4299 1225 4332 e
1245 4285 1422 4335 Cratandrina
1443 4293 1469 4335 et

141 4357 207 4406 Cod.
230 4358 257 4404 ia
279 4370 331 4417 mg.
354 4357 458 4418 Repett.
481 4356 588 4410 Lauro.)
611 4381 640 4391 -
676 4354 707 4417 st]
728 4358 771 4404 sed
790 4356 810 4405 l.
840 4381 864 4391 —·
897 4356 941 4405 20.
963 4354 1297 4415 uocatu-pomoni.
1320 4357 1350 4405 ll.
1372 4359 1466 4404 -dn

140 4429 247 4488 eritper
266 4427 349 4476 literis
368 4442 407 4490 pr.
428 4428 473 4492 Al,
495 4427 570 4474 docui
589 4427 672 4476 literis
692 4426 701 4473 l
722 4433 747 4475 et
766 4439 837 4474 corr.
858 4426 895 4475 Μ.
929 4448 954 4456 -
994 4426 1037 4474 Pl.
1059 4426 1194 4487 quotidem
1213 4425 1263 4474 All.
1293 4450 1320 4459 —
1359 4427 1401 4473 2⁶2.
1423 4428 1469 4474 hor

141 4497 187 4545 Ill.
212 4521 241 4531 -
268 4497 413 4545 Antonium
432 4494 499 4558 eum}
519 4502 597 4545 taneto
615 4510 672 4545 com
684 4495 729 4559 pr.
750 4496 794 4556 Μ,
815 4503 922 4545 tantiam
939 4493 1085 4543 Antoniam
1105 4495 1166 4543 Asc.
1182 4497 1257 4545 tertia
1272 4501 1297 4543 et
1311 4510 1381 4544 corr.
1398 4497 1467 4546 M.-

141 4568 185 4615 23.
205 4563 261 4626 aab]
281 4568 429 4616 suiaAllll.
469 4567 512 4629 (Ut
531 4582 597 4625 nos,
618 4567 717 4614 »Alii«
738 4567 808 4629 apud
829 4566 906 4614 Pium
925 4572 950 4613 et
969 4567 1031 4613 Asc.
1053 4564 1154 4621 tertia.)
1184 4593 1213 4600 -
1251 4567 1293 4613 Pl.
1321 4580 1378 4612 crim
1400 4566 1469 4628 (spa-

143 4636 220 4698 tium)
234 4641 418 4685 veteranorum
437 4638 473 4695 ll,
495 4652 551 4684 rom
571 4651 625 4686 rer.
646 4644 827 4685 veteranorum
848 4637 875 4695 l,
896 4651 952 4684 rum
971 4650 1052 4683 manu
1072 4643 1253 4683 veteranorum
1274 4650 1343 4683 corr·
1359 4636 1394 4684 Μ.
1426 4637 1472 4693 (llt

143 4723 206 4765 uos,
228 4721 267 4767 pr.
288 4708 337 4759 M.)
358 4732 387 4741 —
408 4707 451 4754 27.
475 4708 526 4756 an
548 4708 583 4754 ll:
604 4715 626 4754 et
650 4707 675 4764 l,
699 4706 757 4754 llos
777 4708 806 4755 Ε.
830 4731 858 4742 -
888 4714 916 4754 ut
937 4702 986 4766 laic]
1006 4707 1044 4752 nel
1062 4712 1091 4754 ut
1112 4722 1149 4767 pr.
1174 4707 1215 4758 lll,
1236 4707 1276 4752 rel
1295 4712 1323 4753 at
1342 4707 1381 4754 ltin
1400 4721 1470 4755 corr.

143 4779 178 4827 ll.
202 4800 232 4810 -
269 4777 312 4826 28.
334 4776 475 4839 grandal.
510 4802 534 4810 -
575 4779 616 4825 2⁴³.
639 4778 762 4825 sillem·
782 4778 814 4825 ll.
836 4802 867 4809 —
908 4776 1272 4824 mannum-maneam
1292 4778 1391 4826 inavelt
1412 4778 1473 4827 We-

142 4849 267 4909 senberg.
292 4873 319 4882 -
360 4847 402 4896 st.
424 4847 505 4896 locres.
535 4846 645 4911 Puplum
666 4846 777 4897 nomam
797 4847 834 4905 n,
855 4847 928 4896 loros
947 4847 1049 4908 fraqam.
1072 4843 1134 4908 (aie)
1153 4845 1264 4894 llomom
1285 4846 1305 4896 l.
