3256 5400
504 251 576 317 tta.
598 249 682 312 xlll.
724 251 782 312 ΕΡ.
804 249 856 313 63.
877 248 929 311 ot.
951 249 1002 311 35.
1025 246 1075 310 66.
1387 250 1449 312 359

127 374 301 473 maioribus
332 405 519 471 confirmare
541 407 658 492 poterit
679 416 710 471 et
731 403 890 470 beneficiis
912 405 977 469 suis
998 405 1148 489 obligare.
1193 410 1260 471 lloc
1281 407 1313 471 in
1335 425 1449 491 genere

127 506 153 566 si
181 520 254 565 eum
275 499 435 564 adiuveris
457 521 496 564 eo
519 500 639 574 studio,
673 521 737 586 quo
759 498 938 573 ostendisti,
971 499 1054 580 apud
1076 501 1178 586 ipsum
1201 500 1449 587 praeclarissime

127 593 289 680 posueris,
312 591 369 658 sed
390 594 467 658 mihi
489 593 582 659 etiam
604 593 813 678 gratissimum
835 593 958 659 feceris.

591 764 680 826 cxv.
725 760 773 843 (Α.
799 764 831 826 u.
855 765 886 826 e.
909 763 995 845 roa.)

459 887 500 948 M.
523 885 665 949 CICERO
688 885 720 946 S.
742 887 779 947 D.
801 886 834 947 P.
856 885 960 948 SILIO
983 887 1122 949 PROPR.
1459 906 1473 949 a

214 1005 243 1065 1.
266 1001 343 1065 Cum
364 999 397 1060 P.
421 999 567 1059 Terentio
587 995 740 1080 llispone,
770 996 825 1081 qui
848 1016 961 1081 operas
981 996 1015 1062 in
1044 997 1198 1082 scriptura
1219 1017 1279 1083 pro
1301 998 1450 1083 magistro

127 1094 193 1165 dat.
230 1091 307 1157 milri
335 1109 456 1154 summa
482 1088 677 1153 familiaritas
710 1090 966 1176 consuetudoque
999 1099 1060 1169 est;
1094 1091 1252 1177 multaque
1275 1105 1306 1159 et
1340 1115 1450 1179 magua

127 1188 208 1252 inter
230 1207 287 1251 nos
316 1182 419 1248 officia
440 1182 530 1268 paria
560 1192 591 1247 et
617 1191 724 1247 mutua
755 1183 960 1249 intercedunt.
1014 1186 1089 1250 Eius
1116 1206 1236 1250 summa
1262 1187 1450 1253 existimatio

127 1281 230 1367 agitur
251 1280 283 1344 in
306 1298 361 1349 eo,
395 1285 430 1340 ut
450 1276 610 1361 pactiones
643 1298 713 1341 cum
736 1277 911 1343 civitatibus
938 1279 1068 1364 reliquis
1097 1279 1249 1344 conficiat.
1306 1285 1374 1346 Non
1400 1302 1451 1345 me

127 1373 277 1461 praeterit
308 1392 366 1435 nos
399 1390 467 1433 eam
494 1390 562 1433 rem
592 1369 706 1454 Ephesi
736 1381 884 1456 expertos
910 1392 978 1436 esse
1008 1393 1109 1458 neque
1145 1371 1184 1436 ab
1221 1372 1363 1458 Ephesiis
1384 1373 1451 1438 ullo
1461 1391 1487 1430 ¹⁰

127 1467 223 1534 modo
245 1468 414 1552 impetrare
442 1463 592 1547 potuisse.
646 1465 707 1529 Sed
730 1465 894 1550 quoniam,
928 1465 1192 1550 quemadmodum
1214 1487 1322 1532 omnes
1344 1468 1453 1533 existi·

127 1572 213 1627 mant
234 1570 265 1626 et
286 1579 345 1644 ego
367 1556 521 1640 intelligo,
556 1565 609 1620 tua
631 1577 703 1621 cum
724 1579 845 1623 summa
866 1558 1058 1642 integritate,
1088 1570 1153 1624 tuni
1173 1559 1323 1645 singulari
1345 1560 1452 1625 huma·

126 1656 224 1720 nitate
247 1663 278 1718 et
299 1649 536 1717 mausuetudine
558 1660 742 1715 consecutus
764 1673 814 1725 es,
850 1661 902 1725 ut,
934 1651 1156 1718 lubentissimis
1186 1657 1331 1728 Graecis,
1359 1667 1450 1728 nutu,

127 1746 213 1835 quod
235 1746 330 1821 velis,
353 1764 561 1828 consequare,
592 1753 667 1829 peto
689 1765 706 1807 a
729 1754 758 1809 te
780 1745 813 1809 in
835 1746 986 1810 maiorem
1007 1745 1154 1821 modum,
1182 1755 1217 1812 ut
1237 1747 1366 1812 honoris
1389 1748 1451 1812 mei

127 1861 222 1906 causa
250 1838 306 1903 hac
334 1837 426 1903 laude
464 1841 634 1922 Hisponem
671 1837 752 1902 affici
779 1839 866 1904 velis.
921 1844 950 1903 2.
981 1843 1146 1904 Praeterea
1168 1861 1239 1905 cum
1260 1840 1353 1905 sociis
1374 1842 1487 1906 scri-¹³

128 1944 240 2022 pturae
263 1931 339 1997 milri
361 1951 480 1996 summa
502 1930 698 1995 necessitudo
721 1941 786 2004 est,
822 1953 885 1996 non
908 1933 1008 1997 solum
1032 1933 1073 1998 oh
1096 1956 1165 1998 cam
1187 1955 1335 2008 causam,
1365 1935 1449 2021 quod

128 2050 166 2093 ea
187 2026 318 2092 societas
354 2025 501 2090 universa
535 2025 568 2088 in
596 2045 664 2087 mea
693 2023 754 2089 tide
777 2036 837 2099 est,
875 2025 929 2090 sed
952 2027 1045 2090 etiam
1067 2028 1151 2113 quod
1173 2027 1332 2113 plerisque
1357 2027 1451 2092 sociis

128 2132 203 2188 utor
224 2119 475 2186 familiarissime.
526 2123 571 2183 lta
594 2126 625 2182 et
645 2118 817 2203 Hisponem
840 2140 944 2184 meum
966 2140 1024 2204 per
1051 2141 1102 2185 me
1123 2121 1247 2186 ornaris
1269 2128 1299 2184 et
1320 2121 1452 2185 socicta-

129 2225 193 2279 tem
215 2213 290 2278 milri
311 2211 556 2277 coniunctiorem
579 2211 692 2275 feceris
714 2221 809 2299 tuque
832 2213 898 2298 ipse
921 2223 951 2277 et
973 2235 1012 2277 ex
1036 2213 1127 2278 huius
1150 2213 1357 2288 observantia,
1379 2235 1450 2299 gra-

130 2309 240 2373 tissimi
259 2306 410 2378 hominis,
434 2316 464 2370 et
487 2327 527 2370 ex
549 2305 708 2371 sociorum
730 2306 845 2390 gratia,
869 2305 1029 2370 hominum
1051 2307 1328 2392 amplissimorum,
1352 2307 1486 2372 maxi-w

131 2423 216 2468 mum
238 2400 373 2466 fructum
395 2398 498 2485 capies
521 2407 552 2462 et
573 2421 622 2463 me
645 2421 768 2465 summo
791 2399 943 2464 beneficio
964 2398 1117 2465 affeceris.
1174 2401 1225 2465 Sic
1250 2399 1334 2464 enim
1356 2400 1450 2467 velim
1502 2462 1506 2473 ,

130 2494 305 2567 existimes,
342 2514 382 2558 ex
404 2503 469 2557 tota
492 2502 543 2557 tua
566 2493 728 2578 provincia
750 2493 898 2579 omnique
920 2491 982 2557 isto
1003 2491 1138 2578 imperio
1160 2493 1235 2558 nihil
1258 2514 1343 2568 esse,
1366 2493 1450 2580 quod

131 2587 206 2652 mihi
228 2586 346 2673 gratius
368 2586 471 2653 facere
493 2586 604 2673 possis.

577 2757 683 2818 arri.
727 2754 780 2835 (A.
806 2756 838 2818 u.
862 2756 892 2818 c.
915 2756 1005 2835 ross

531 2880 572 2941 n.
595 2878 736 2941 c1cano
759 2879 792 2939 r.
815 2877 999 2940 sunvnro
1021 2879 1052 2940 s.
1461 2914 1489 2957 ὅ

218 2994 247 3055 t.
268 2994 304 3054 A.
326 2989 507 3062 Caecinam,
545 2988 681 3052 maxime
704 2987 869 3073 proprium
892 2986 1036 3052 clientem
1058 2986 1195 3053 familiae
1218 2999 1355 3062 vestrae,
1388 3011 1452 3055 non

131 3083 383 3150 commendarem
418 3081 493 3156 tibi,
522 3102 593 3145 cum
620 3080 754 3152 scirem,
787 3100 850 3165 qua
878 3079 938 3143 frdc
965 3079 996 3143 in
1026 3090 1117 3154 tuos,
1154 3102 1214 3166 qua
1237 3082 1400 3148 clementia
1421 3083 1452 3148 in

133 3177 329 3243 calamitosos
350 3175 469 3241 soleres
491 3196 577 3249 esse,
610 3174 669 3239 nisi
691 3195 742 3237 mc
764 3182 795 3236 et
816 3173 913 3257 patris
934 3173 1016 3247 eius,
1039 3195 1102 3260 quo
1123 3195 1192 3238 sum
1213 3173 1453 3242 familiarissime

135 3292 224 3342 usus,
259 3270 411 3334 memoria
433 3279 464 3333 et
485 3268 578 3333 huius
599 3267 725 3332 fortuna
747 3266 789 3330 ita
812 3276 973 3340 moveret,
1008 3279 1043 3330 ut
1065 3266 1200 3332 hominis
1221 3267 1367 3334 omnibus
1389 3291 1453 3334 me·

133 3385 205 3429 cum
237 3362 347 3428 studiis
374 3361 549 3444 officiisque
579 3359 822 3425 coniunctissimi
843 3380 972 3424 movere
994 3358 1136 3424 debebat.
1184 3366 1264 3425 Ate
1285 3361 1346 3426 hoc
1367 3367 1491 3427 omnino

134 3455 332 3523 contentione
352 3465 442 3541 peto,
465 3455 529 3530 sic,
563 3464 597 3519 ut
617 3454 737 3518 maiore
759 3473 850 3527 cura,
872 3457 992 3517 maiore
1014 3453 1109 3517 animi
1130 3451 1239 3518 labore
1260 3466 1368 3540 petere
1390 3476 1453 3521 non

133 3550 265 3637 possim,
287 3559 323 3615 ut
344 3550 382 3614 ad
405 3570 458 3624 ea,
481 3569 560 3635 quae
582 3557 635 3611 tua
656 3556 766 3632 sponte
788 3547 854 3611 sine
876 3547 1059 3632 cuiusquam
1081 3547 1350 3613 commendatione
1370 3549 1453 3614 face·

133 3665 185 3709 res
205 3644 239 3709 in
259 3643 417 3708 hominem
440 3651 558 3706 tantum
581 3650 611 3705 et
633 3641 742 3715 talem,
775 3641 1006 3714 calamitosum,
1036 3640 1172 3726 aliquem
1194 3641 1325 3707 afferant
1345 3663 1452 3707 cumu-

135 3739 199 3803 lum
220 3758 308 3801 meae
330 3737 472 3809 litterae,
495 3756 559 3822 quo
582 3734 750 3800 studiosius
772 3754 862 3805 eum,
893 3733 1130 3820 quibuscunque
1151 3734 1246 3800 rebus
1266 3736 1383 3821 possis,
1405 3736 1454 3801 iu·

135 3851 199 3895 ves.
252 3834 282 3894 2.
313 3830 434 3907 Quodsi
456 3836 572 3894 Romae
594 3828 724 3900 fuisses,
746 3833 839 3892 etiam
860 3827 991 3891 salutem
1011 3832 1047 3891 A.
1069 3827 1218 3893 Caecinae
1239 3850 1396 3902 essemus,
1418 3838 1489 3893 utu

136 3923 243 4010 opinio
274 3944 345 3988 mea
365 3922 445 3998 fert,
481 3944 539 4008 per
562 3931 591 3986 te
613 3922 790 3999 consecuti;
820 3921 859 3985 de
881 3942 942 4006 qua
964 3931 1066 3985 tamen
1087 3942 1228 4004 magnam
1250 3943 1338 4007 spem
1359 3920 1451 3987 hahe-

136 4040 220 4092 mus,
258 4018 328 4082 freti
350 4017 511 4082 clementia
530 4017 667 4100 collegae
688 4015 743 4079 tui.
796 4019 898 4088 Nunc,
921 4015 1068 4100 quoniam
1091 4024 1173 4079 tuam
1197 4015 1344 4081 iustitiam
1366 4036 1454 4082 secu-

137 4121 186 4175 tus
212 4110 398 4177 tutissimum
427 4108 486 4174 sibi
516 4117 641 4195 portum
675 4108 868 4192 provinciam
896 4108 985 4172 istam
1014 4107 1103 4173 duxit
1124 4129 1209 4180 esse,
1246 4108 1338 4173 otiam
1360 4118 1453 4195 atque

136 4203 228 4269 etiam
257 4213 286 4268 te
315 4224 394 4288 rogo
422 4212 515 4289 atque
542 4222 618 4274 oro,
655 4210 689 4265 ut
720 4222 791 4266 eum
823 4210 853 4265 et
882 4201 914 4265 in
936 4201 1077 4287 reliquiis
1099 4203 1213 4266 veteris
1234 4201 1452 4286 negotiationis

135 4297 318 4382 colligendis
350 4297 438 4362 iuves
460 4305 489 4361 ct
510 4295 622 4360 ceteris
649 4293 745 4359 rebus
767 4303 851 4378 tegas
872 4304 965 4380 atque
987 4303 1104 4359 tueare.
1148 4299 1216 4360 Hoc
1237 4296 1313 4360 mihi
1333 4300 1451 4375 gratius
1461 4317 1488 4357 co

134 4390 239 4455 facere
260 4390 336 4455 nihil
356 4401 457 4475 potes.

204 4609 230 4658 3.
251 4610 323 4658 Fort.
344 4615 368 4659 et
385 4609 449 4657 mint
466 4610 554 4658 ettom.
592 4607 633 4659 Cf.
654 4607 733 4656 fland
751 4606 830 4654 Tura.
850 4605 886 4654 ll.
907 4620 933 4668 p.
953 4605 1015 4655 533.
1035 4605 1085 4656 Or.
1107 4633 1135 4642 -
1174 4608 1216 4656 10.
1236 4608 1342 4670 Ephesis
1359 4608 1396 4659 M.
1417 4633 1447 4643 -

137 4679 180 4728 11.
199 4681 322 4743 quoniam
340 4678 386 4728 M:
414 4692 491 4742 φιυπι
511 4679 540 4728 Ε.
562 4704 590 4714 -
637 4678 680 4728 15.
700 4677 802 4726 landem
828 4675 866 4724 M.
894 4697 926 4711 -·
963 4676 1006 4724 37.
1026 4678 1148 4738 quantam
1173 4677 1218 4727 M:
1250 4692 1327 4740 mom
1355 4679 1385 4727 ll.
1418 4702 1447 4714 -

138 4747 182 4798 38.
201 4751 358 4799 tutissimam
375 4748 412 4798 M.
434 4773 465 4781 -
500 4749 578 4797 ducit
595 4761 646 4797 esse
663 4747 709 4796 M:
737 4759 788 4795 esre
805 4746 881 4794 ducit
900 4745 930 4794 ll.
951 4767 982 4778 -
1018 4746 1062 4796 39.
1081 4746 1197 4810 reltqutte
1214 4748 1251 4799 N:
1272 4748 1376 4812 reliquia
1389 4747 1448 4798 ME.

137 4817 215 4869 Conf.
234 4819 293 4868 tta.
312 4819 357 4869 vt.
377 4831 420 4882 ep.
439 4818 466 4867 8.
486 4815 515 4879 §-
534 4818 561 4867 3.
