3256 5400
174 243 237 307 2²14
599 240 871 308 RPISTOLARUM
892 244 944 307 ΑΙ)
967 245 1054 309 uait.

698 782 848 843 nrm
869 782 957 844 XV·

391 978 469 1051 At)
510 975 814 1053 SENATUM
852 975 930 1050 ET
968 973 1259 1052 CETEROS.

744 1169 910 1180 -α

648 1291 993 1377 emnem)

235 1424 276 1484 M.
298 1419 459 1484 TULLIUS
480 1421 521 1481 M.
544 1420 577 1481 F.
600 1417 742 1482 CICERO
764 1416 928 1480 PROCOS.
952 1418 983 1479 S.
1005 1418 1038 1479 P.
1059 1419 1097 1479 D.
1121 1417 1228 1481 COSS.
1250 1418 1414 1481 PRAETT.

624 1513 749 1574 TRlBB.
772 1512 829 1573 PL.
859 1512 1032 1573 SENATUI.

170 1649 198 1710 1.
243 1623 288 1709 S.
310 1647 347 1706 V.
369 1646 406 1707 V.
427 1647 462 1706 B.
484 1644 519 1705 E.
542 1643 577 1704 E.
600 1642 638 1717 Q.
661 1645 698 1706 V.
749 1639 815 1703 Etsi
837 1659 900 1703 non
922 1637 1016 1704 dubie
1038 1638 1114 1703 mihi
1136 1638 1336 1703 nuntiabatur
1356 1638 1487 1705 Parthos

143 1738 313 1810 stransisse
334 1733 524 1821 Euphratem
541 1754 612 1798 cum
627 1731 773 1798 omnibus
794 1731 862 1798 iere
880 1732 945 1798 suis
967 1732 1081 1818 copiis,
1104 1745 1224 1806 tamen,
1247 1732 1333 1819 quod
1355 1732 1488 1799 arbitra-

166 1830 224 1896 bar
244 1851 262 1894 a
286 1834 327 1894 M.
349 1828 461 1893 Bibulo
481 1827 671 1912 proconsule
693 1827 829 1892 certiora
849 1826 888 1892 de
915 1826 964 1892 bis
991 1824 1088 1891 rebus
1112 1825 1152 1891 ad
1183 1848 1240 1892 vos
1261 1826 1357 1891 scribi
1377 1848 1485 1914 posse,

165 1921 336 1990 statuebam
368 1921 444 1987 mibi
472 1941 535 1986 non
565 1941 692 1985 necesse
713 1941 782 1985 esse
806 1920 930 2007 publice
951 1919 1089 1986 scribere
1112 1941 1167 1996 ea,
1196 1942 1277 2009 qnae
1299 1919 1337 1985 de
1358 1921 1487 1986 alterius

165 2015 325 2104 provincia
347 2015 573 2078 nuntiarentur.
615 2017 726 2079 Postea
744 2035 931 2103 veroquam
946 2014 1126 2080 certissimis
1147 2014 1336 2089 auctoribus,
1359 2015 1484 2100 legatis,

164 2111 295 2185 nuntiis,
329 2109 440 2174 litteris
459 2129 528 2172 sum
554 2112 672 2173 certior
701 2108 817 2182 iactus,
854 2108 904 2174 vel
925 2107 1011 2195 qnod
1033 2117 1116 2173 tanta
1141 2130 1193 2173 res
1226 2121 1293 2174 erat
1322 2110 1372 2175 vel
1400 2109 1485 2196 quod

129 2232 154 2272 io
164 2204 302 2270 nondum
331 2202 531 2268 audieramus
556 2201 702 2268 Bibulum
728 2201 762 2267 in
788 2206 910 2290 Syriam
943 2202 1066 2268 venisse
1092 2201 1143 2267 vel
1169 2202 1242 2288 qnia
1258 2202 1485 2269 administratio

164 2298 255 2364 hrains
282 2295 357 2361 belli
381 2295 458 2361 mihi
487 2317 558 2361 cum
580 2295 692 2362 Bibulo
715 2316 815 2382 paene
836 2305 883 2361 est
908 2297 1101 2371 communis,
1138 2317 1219 2382 quae
1240 2295 1280 2361 ad
1306 2318 1356 2361 me
1384 2296 1485 2363 delata

164 2401 283 2466 essent,
320 2389 485 2457 scribenda
506 2390 546 2456 ad
570 2411 627 2456 vos
649 2390 766 2475 putavi.
823 2394 853 2455 2.
875 2389 967 2474 Regis
997 2389 1141 2455 Antiochi
1169 2391 1371 2475 Commageni
1392 2392 1486 2476 legati

162 2485 258 2572 primi
295 2482 371 2548 mihi
409 2485 591 2550 nuntiarunt
616 2484 803 2549 Parthorum
835 2504 961 2568 magnas
997 2484 1104 2570 copias
1138 2482 1329 2569 Euphratem
1351 2491 1486 2550 transire

164 2579 314 2665 coepisse.
358 2581 430 2655 Quo
452 2579 561 2644 nuntio
578 2578 689 2654 aliato,
712 2598 784 2642 cum
810 2588 913 2643 essent
934 2578 1089 2652 nonnulli,
1112 2577 1167 2663 qni
1194 2577 1223 2642 ei
1243 2578 1311 2662 regi
1331 2580 1485 2644 minorem

130 2671 256 2740 rsfidem
287 2670 460 2737 habendam
493 2681 653 2758 putarent,
684 2672 777 2738 statui
807 2671 1050 2757 exspectandum
1083 2692 1169 2745 esse,
1205 2672 1232 2736 si
1261 2671 1337 2758 qnid
1369 2673 1485 2737 certius

165 2765 341 2831 afferretur.
391 2770 426 2830 h.
449 2763 479 2829 d.
501 2785 580 2830 x111.
602 2764 755 2830 Kalendas
779 2765 907 2830 Octobr.
929 2786 1000 2829 cum
1021 2765 1194 2829 exercitum
1214 2766 1247 2830 in
1267 2765 1405 2831 Ciliciam
1428 2765 1486 2832 du-

164 2880 284 2933 cerem,
306 2862 338 2922 in
361 2858 473 2923 finibus
491 2858 663 2947 Lycaoniae
689 2867 720 2923 et
746 2858 958 2945 Cappadociae
982 2857 1058 2923 mihi
1076 2858 1198 2924 litterae
1217 2859 1357 2926 redditae
1379 2871 1486 2926 sunta

164 2951 420 3027 Tarcondimoto,
451 2956 504 3039 qui
525 2950 722 3017 fidelissimus
744 2952 847 3017 socius
871 2961 955 3016 trans
974 2957 1113 3017 Taurum
1134 2951 1402 3041 amicissimusque
1429 2975 1485 3041 po·

164 3046 230 3134 puli
263 3046 395 3111 Romani
421 3045 633 3111 existimatur:
665 3050 818 3111 Pacorum
847 3046 945 3111 Orodi
975 3045 1059 3130 regis
1086 3045 1271 3111 Parthorum
1295 3045 1392 3112 hlium
1414 3069 1485 3113 cnm

126 3160 335 3228 ropermagno
363 3139 503 3225 equitatu
523 3139 669 3205 Parthico
691 3141 839 3205 transisse
861 3139 1050 3226 Euphratem
1073 3149 1104 3204 et
1125 3149 1226 3205 castra
1257 3141 1400 3226 posuisse
1427 3147 1487 3231 Ty·

164 3234 239 3310 bae,
271 3253 481 3318 magnumque
502 3233 668 3298 tumultum
696 3254 765 3298 esse
786 3234 818 3298 in
844 3232 1006 3319 provincia
1031 3232 1120 3320 Syria
1143 3232 1323 3298 excitatum.
1366 3234 1486 3299 Eodem

165 3328 215 3394 die
235 3326 275 3392 ab
301 3325 491 3402 Iamblicho,
527 3326 701 3415 phylarcho
724 3326 879 3402 Arabum,
908 3348 1002 3414 quem
1032 3325 1173 3391 homines
1208 3325 1376 3410 opinantur
1406 3316 1486 3392 bene

165 3427 280 3488 sentire
310 3421 506 3506 amicumque
542 3442 610 3485 esse
643 3420 855 3507 reipublicae
880 3431 1021 3495 nostrae,
1059 3420 1181 3485 litterae
1208 3419 1247 3485 de
1269 3418 1368 3484 isdem
1391 3419 1487 3486 rebus

164 3514 241 3579 mihi
264 3513 401 3579 redditae
423 3523 504 3579 sunt.
546 3520 576 3580 3.
599 3515 655 3580 llis
675 3514 771 3580 rebus
788 3514 904 3589 allatis,
927 3515 985 3579 etsi
1006 3511 1216 3599 intelligebam
1238 3513 1341 3578 socios
1363 3513 1487 3579 infirme

129 3608 316 3674 inanimatos
333 3629 401 3672 esse
423 3616 454 3673 et
465 3629 617 3673 novamm
628 3629 736 3673 rerum
751 3608 982 3695 exspectatione
998 3628 1181 3693 suspensos,
1204 3605 1368 3691 sperabam
1386 3617 1488 3672 tamen

168 3722 238 3774 eos,
271 3700 309 3765 ad
332 3721 413 3787 quos
435 3701 496 3765 iam
523 3722 715 3766 accesseram
741 3703 858 3788 quique
878 3711 1016 3767 nostram
1038 3701 1306 3768 mansuetudinem
1330 3700 1488 3785 integrita-

168 3803 292 3880 temque
321 3802 563 3880 perspexerant,
600 3794 764 3860 amiciores
791 3796 908 3882 populo
933 3801 1074 3861 Romano
1100 3817 1168 3861 esse
1196 3794 1310 3870 iactos,
1349 3793 1488 3860 Ciliciam

168 3895 272 3954 autem
292 3887 463 3952 firmiorem
487 3888 573 3961 iore,
596 3889 623 3953 si
646 3889 808 3976 aequitatis
830 3901 955 3954 nostrae
977 3890 1132 3976 particeps
1154 3889 1234 3954 iacta
1257 3898 1348 3954 esset.
1391 3892 1429 3953 Et
1445 3886 1487 3953 ob

169 4001 238 4046 eam
252 4002 375 4046 causam
391 3989 423 4045 et
442 3990 478 4045 nt
494 3982 748 4067 opprimerentur
763 3983 794 4058 ii,
817 3982 926 4069 quiex
949 3982 1080 4048 Cilicum
1097 3991 1189 4066 gente
1208 3981 1240 4046 in
1262 3981 1358 4046 armis
1374 3990 1487 4055 essent,

132 4084 201 4141 roet
221 4085 256 4140 ut
277 4075 374 4140 hostis
396 4080 438 4149 is,
475 4080 528 4161 qui
550 4086 632 4140 esset
656 4077 815 4163 insyria,
838 4078 932 4142 sciret
953 4077 1126 4141 exercitum
1148 4075 1257 4162 populi
1278 4075 1409 4141 Romani
1425 4094 1488 4139 non

170 4168 266 4234 modo
289 4190 351 4234 non
373 4168 486 4233 cedere
509 4169 549 4234 iis
571 4169 685 4234 nuntiis
704 4170 820 4245 allatis,
856 4171 911 4235 sed
933 4172 1027 4236 etiam
1045 4170 1175 4256 propius
1193 4170 1361 4241 accedere,
1396 4189 1489 4231 eren

170 4263 263 4330 citum
286 4263 326 4328 ad
348 4269 485 4328 Taurum
506 4263 626 4327 institui
648 4261 771 4326 ducere.
828 4267 860 4328 l.
884 4264 966 4338 Sed,
997 4263 1023 4328 si
1043 4263 1119 4348 qnid
1139 4262 1219 4348 apud
1242 4283 1299 4327 vos
1321 4260 1489 4327 auctoritas

170 4378 240 4422 mea
269 4357 417 4443 ponderis
447 4356 553 4430 babet,
584 4355 676 4420 iniis
698 4357 882 4441 praesertim
909 4355 1020 4430 rebus,
1050 4377 1127 4441 quas
1156 4376 1212 4420 vos
1242 4354 1391 4428 audistis,
1428 4374 1489 4438 ego

170 4470 270 4536 paene
297 4472 408 4524 cerno,
437 4471 550 4534 magno
570 4470 669 4535 opere
697 4470 752 4514 vos
780 4458 810 4513 et
832 4449 943 4515 hortor
964 4459 995 4515 et
1022 4470 1157 4521 moneo,
1193 4447 1296 4513 uthis
1318 4447 1490 4533 provinciis

139 4548 274 4610 asserius
300 4565 356 4609 vos
379 4542 520 4629 quidem,
551 4563 645 4628 quam
670 4540 792 4616 decuit,
816 4543 870 4607 sed
892 4542 1059 4630 aliqnando
1085 4551 1189 4606 tamen
1205 4541 1383 4607 consulatis.
1426 4546 1490 4607 Nos

240 4763 266 4814 d·
287 4762 312 4813 S.
332 4763 362 4812 V.
387 4762 415 4811 V.
436 4761 482 4811 bl:
511 4761 602 4810 Sioor
625 4762 652 4810 V.
673 4760 703 4809 Ε.
733 4785 760 4794 -
799 4761 842 4811 13.
862 4764 948 4811 etit).
982 4762 1134 4824 Euphraten
1151 4760 1178 4809 h.
1198 4759 1218 4809 l.
1238 4759 1268 4808 E.
1299 4783 1327 4792 -
1366 4760 1408 4809 19.
1424 4774 1490 4822 por·

171 4847 255 4883 rorem
274 4832 311 4883 bl.
337 4857 371 4866 -
406 4832 449 4881 2³.
469 4832 548 4880 isdem
566 4831 611 4880 hl:
630 4831 722 4880 eisdem
741 4830 772 4880 E.
799 4857 832 4866 -
868 4833 912 4883 26.
938 4832 1160 4882 monsuetudinem
1178 4835 1290 4880 auctore
1308 4829 1431 4879 ferrario
1450 4830 1488 4881 ll:

169 4903 376 4953 coruoctodtrrcm
393 4902 424 4952 ll.
444 4926 477 4935 -
513 4901 556 4950 31.
574 4902 608 4950 its
626 4899 672 4951 M:
692 4901 731 4949 hir
748 4899 786 4951 bl.
