3256 5400
178 238 239 301 608
658 237 718 302 El),
741 236 794 298 Ab
815 235 989 298 ATTlCUlll

176 395 356 480 scripseras.
410 396 484 457 Erat
505 392 587 456 enim
608 391 705 456 sicin
727 392 788 456 tuis
808 390 940 465 litteris,
969 411 1046 476 quas
1066 391 1177 476 Arpini
1198 412 1400 478 acceperam,
1424 409 1506 454 eum

176 500 341 555 venturum
368 485 600 571 lecturumque,
636 484 721 572 quod
743 504 803 569 ego
824 483 944 547 vellem.
987 488 1053 569 Ego
1074 483 1218 549 volebam
1240 496 1345 552 autem
1368 486 1423 550 vel
1447 505 1507 548 cu·

176 582 297 669 piebam
331 580 433 665 potius
461 600 530 644 esse
551 601 624 644 eum
644 577 816 645 nobiscum.
861 575 954 652 Quod
976 583 1048 663 quia
1070 578 1177 665 plane,
1207 601 1276 644 cum
1299 581 1331 645 in
1353 577 1504 646 Formia-

176 699 251 742 num
280 674 426 747 venisset,
456 673 670 759 praeciderat,
704 671 845 757 asperius
867 669 906 734 ad
927 680 958 735 te
980 671 1019 737 de
1041 695 1079 738 eo
1101 672 1241 738 scribere
1262 674 1416 740 solebam.
1463 677 1506 735 at

154 771 227 836 sille
254 788 411 855 perpauca
438 765 559 831 locutus
587 766 665 830 banc
692 785 844 830 summam
872 762 979 830 babuit
1010 767 1178 833 orationis:
1214 777 1248 833 ut
1268 768 1327 833 sibi
1352 769 1506 854 ignosce-

175 885 259 939 rem;
287 883 320 927 se
342 860 437 926 rebus
459 861 523 925 suis
545 859 725 945 impeditum
748 855 909 933 nobiscum
930 858 977 923 ire
991 881 1053 924 non
1067 880 1170 945 posse.
1212 866 1311 926 Pauca
1327 857 1504 946 respondi:

176 977 321 1040 magnum
343 955 447 1040 accepi
478 953 634 1031 dolorem;
669 938 808 1019 intellexi
837 953 994 1017 fortunam
1021 951 1061 1017 ab
1090 974 1129 1020 eo
1155 964 1292 1020 nostram
1314 955 1506 1040 despectam

176 1071 254 1115 esse.
309 1048 392 1127 Quid
414 1053 560 1133 quaeris?
592 1053 734 1114 Fortasse
755 1045 935 1111 miraberis:
957 1048 989 1111 in
1012 1049 1156 1114 maximis
1178 1049 1291 1115 borum
1314 1059 1506 1132 temporum

175 1141 339 1207 doloribus
367 1142 450 1207 bunc
477 1142 553 1207 mihi
580 1147 658 1208 scito
687 1164 764 1207 esse.
807 1140 923 1212 Velim,
957 1152 991 1205 ιιι
1022 1141 1077 1206 tibi
1100 1143 1218 1209 amicus
1239 1146 1287 1210 sit.
1332 1148 1404 1209 Hoc
1427 1160 1507 1204 cum

142 1235 231 1300 iotibi
253 1245 343 1321 opto,
373 1244 448 1321 opto
470 1245 505 1300 ut
525 1235 634 1301 beatus
655 1237 716 1314 sis;
749 1235 810 1299 erit
832 1235 914 1299 enim
937 1233 1064 1300 tamdiu.
1107 1240 1327 1304 utensilium
1349 1248 1507 1302 nostrum

175 1351 269 1416 spero
291 1350 423 1394 vacuum
455 1330 595 1414 periculo
624 1330 702 1395 sore.
744 1334 821 1393 Nam
850 1336 881 1393 et
902 1328 1167 1396 dissimulabimus
1190 1342 1220 1396 et
1242 1370 1281 1380 —
1303 1343 1338 1398 ut
1360 1333 1508 1417 opinor,

175 1423 326 1487 acerrime
348 1420 578 1487 asservabimur
600 1462 657 1497 -,
693 1423 851 1506 navigatio
872 1420 967 1487 modo
990 1423 1045 1496 sit,
1068 1423 1190 1509 qualem
1212 1436 1287 1513 opto
1312 1463 1350 1474 -
1375 1435 1507 1494 cetera,

175 1538 255 1600 quae
281 1516 406 1604 quidem
436 1516 565 1581 consilio
594 1516 753 1602 provideri
783 1525 942 1600 poterunt,
977 1516 1178 1583 cavebuntur.
1222 1526 1281 1594 Tu,
1304 1519 1382 1585 dum
1404 1516 1510 1582 adsu-

176 1633 255 1685 mus,
278 1631 340 1675 non
363 1609 456 1674 modo
478 1630 557 1697 quae
579 1610 686 1675 scieris
708 1609 898 1681 audierisve,
926 1609 981 1675 sed
1003 1611 1095 1676 etiam
1118 1634 1198 1697 quae
1219 1613 1324 1678 lutura
1346 1608 1510 1698 provide-

139 1704 241 1778 rabis,
266 1703 386 1768 scribas
415 1703 518 1768 velim.
561 1708 591 1769 3.
614 1709 708 1778 Cato,
746 1704 799 1790 qui
829 1703 963 1767 Siciliam
992 1713 1099 1769 tenere
1121 1706 1205 1771 nullo
1227 1706 1353 1792 negotio
1377 1702 1506 1791 potuit,

176 1809 221 1873 et,
244 1799 270 1862 si
292 1797 460 1871 tenuisset,
484 1818 591 1862 omnes
610 1797 684 1863 boni
706 1797 745 1862 ad
767 1817 838 1861 eum
862 1817 895 1861 se
914 1797 1134 1874 contulissent,
1158 1801 1317 1888 Syracusis
1332 1799 1508 1886 prolectas

176 1901 313 1956 estante
336 1890 602 1957 diemv111.llal.
625 1891 712 1964 Mai,
742 1900 777 1955 ut
798 1889 837 1955 ad
858 1911 909 1954 me
932 1891 1026 1956 Curio
1048 1893 1181 1978 scripsit.
1238 1894 1375 1964 Utinam,
1411 1888 1509 1976 quod

176 1985 279 2058 aiunt,
316 1988 404 2050 Cotta
425 1983 597 2048 Sardiniam
619 1988 736 2050 teneatl
773 1989 828 2050 Est
849 1984 932 2049 enim
954 2006 1074 2050 rumor.
1118 1988 1159 2059 0,
1189 1987 1215 2050 si
1238 1986 1270 2050 id
1292 1986 1406 2059 luerit,
1433 1994 1509 2050 tur·

176 2099 248 2164 pem
271 2081 437 2144 Catoneml
468 2081 499 2142 4.
521 2083 603 2163 Ego,
626 2088 660 2143 ut
681 2078 856 2142 minuerem
877 2077 1085 2162 suspicionem
1107 2076 1309 2164 profectionis
1331 2090 1387 2145 aut
1412 2083 1510 2163 cogi·

138 2173 301 2239 totationis
334 2194 436 2247 meae,
466 2172 625 2258 profectus
654 2193 723 2237 sum
753 2173 786 2237 in
817 2171 1041 2257 Pompeianum
1071 2193 1100 2237 a.
1130 2172 1160 2237 d.
1189 2193 1255 2238 tttt.
1285 2173 1346 2246 ld.,
1386 2182 1423 2237 ut
1456 2170 1509 2236 ibi

177 2288 292 2340 essem,
321 2266 410 2340 dum,
447 2287 526 2353 quae
557 2265 595 2330 ad
625 2265 830 2350 navigandum
860 2285 940 2350 opus
961 2276 1079 2339 essent,
1115 2276 1310 2351 pararentur.
1354 2271 1436 2332 Cum
1462 2263 1509 2329 ad

176 2361 281 2427 villam
295 2361 464 2434 venissem,
489 2369 613 2426 ventum
636 2370 682 2424 cst
696 2357 814 2423 adme:
839 2358 1065 2431 „centuriones
1086 2359 1181 2424 trium
1203 2359 1391 2433 cohortium,
1416 2379 1508 2445 quae

177 2455 335 2539 Pompeiis
357 2462 441 2527 sunt,
465 2474 516 2517 me
538 2452 617 2517 velle
637 2452 831 2536 postridie:”
854 2488 893 2499 -
916 2453 992 2519 baec
1012 2475 1134 2519 mecum
1157 2454 1285 2520 Ninnius
1306 2461 1432 2529 noster;
1460 2485 1505 2498 -

177 2550 284 2623 „velle
306 2570 361 2614 eos
383 2547 458 2611 mibi
480 2568 513 2612 se
536 2557 566 2611 et
587 2546 737 2632 oppidum
760 2545 913 2611 tradere.''
956 2555 994 2613 At
1015 2569 1074 2634 ego
1096 2548 1153 2614 tibi
1173 2547 1325 2634 postridie
1343 2546 1415 2627 Jsad
1442 2544 1507 2609 vil·

139 2643 236 2707 cetam
270 2652 339 2707 ante
369 2643 485 2714 lucem,
523 2651 557 2706 ut
584 2662 635 2704 me
662 2641 789 2705 omnino
817 2640 861 2705 illi
888 2662 928 2705 ne
956 2640 1109 2706 viderent.
1161 2642 1244 2720 Quid
1265 2641 1347 2705 enim
1372 2651 1446 2704 erat
1471 2639 1505 2702 in

177 2735 277 2800 tribus
305 2735 510 2801 cohortibus?
549 2734 648 2812 Quid,
683 2735 708 2798 si
741 2734 869 2819 plures?
901 2738 972 2812 Quo
1000 2742 1173 2821 apparatui
1211 2736 1349 2819 Cogitavi
1384 2733 1504 2797 eadem

175 2829 226 2894 illa
250 2829 408 2900 Caeliana,
431 2850 510 2914 quae
532 2829 592 2912 legi
614 2829 646 2893 in
668 2828 797 2912 epistola
820 2837 888 2903 tua,
911 2849 1003 2913 quam
1025 2829 1143 2915 accepi,
1167 2829 1259 2893 simul
1282 2838 1311 2892 et
1332 2828 1365 2892 in
1382 2831 1505 2892 Cuma·

176 2944 249 2987 num
272 2923 357 2995 veni,
381 2922 491 2986 eodem
514 2922 579 2992 die,
608 2925 670 3002 'set
691 2922 784 2986 simul
805 2920 874 2985 fieri
896 2932 1033 3006 poterat,
1055 2934 1090 2987 ut
1112 2933 1313 2987 tentaremur.
1358 2922 1503 2985 Omnem

175 3017 271 3101 igitur
306 3017 514 3102 suspicionem
543 3017 663 3081 sustuli.
707 3021 735 3080 5.
768 3015 828 3079 Sed
850 3037 920 3080 cum
942 3015 1055 3090 redeo,
1085 3020 1269 3081 Hortensius
1291 3024 1443 3088 venerat,
1468 3023 1503 3079 et

141 3108 215 3173 vad
243 3104 419 3184 Terentiam
447 3109 611 3173 salutatum
640 3108 832 3192 deverterat;
862 3131 1006 3173 sermone
1034 3121 1100 3175 erat
1124 3132 1199 3175 usus
1221 3106 1395 3173 honorifico
1421 3127 1504 3190 erga

175 3223 235 3266 me.
279 3208 395 3267 Tamen
416 3225 504 3275 eum,
538 3211 572 3267 ut
595 3215 688 3288 puto,
717 3201 851 3279 videbo;
874 3204 968 3268 misit
990 3205 1072 3270 enim
1096 3226 1229 3291 puerum
1250 3223 1283 3266 se
1307 3202 1419 3266 adme
1443 3223 1505 3266 ve-

175 3297 253 3364 nire.
294 3299 362 3360 Hoc
393 3295 519 3382 quidem
548 3297 659 3361 melius
687 3319 778 3384 quam
810 3297 927 3381 collega
958 3311 1064 3363 noster
1092 3303 1262 3375 Antonius;
1301 3296 1389 3359 cuius
1413 3296 1505 3358 inter

176 3391 299 3455 lictores
314 3391 420 3456 lectica
436 3390 528 3454 mima
544 3399 695 3476 portatur.
723 3395 752 3455 6.
775 3395 837 3462 Τιι,
860 3391 1005 3477 quoniam
1030 3402 1177 3477 quartana
1200 3413 1301 3464 cares,
1325 3398 1355 3452 et
1376 3388 1502 3453 nodum

175 3503 290 3547 novum
321 3483 465 3549 morbum
498 3485 659 3548 removisti
688 3482 741 3547 sed
771 3483 864 3548 etiam
892 3484 1106 3567 gravedinem,
1130 3495 1159 3549 te
1182 3495 1325 3570 vegetum
1348 3480 1440 3546 nobis
1467 3482 1501 3546 in

140 3575 304 3639 ⁸³Graecia
327 3577 420 3653 siste;
443 3587 474 3641 et
495 3577 668 3642 litterarum
690 3576 805 3660 aliquid
828 3577 957 3640 interea.

245 3793 270 3843 ³.
289 3794 423 3843 vobiscum
443 3795 465 3844 1.
498 3820 529 3830 -
566 3797 592 3844 5.
612 3797 760 3859 ianosceret
779 3809 849 3844 corr.
875 3796 911 3845 Μ.
933 3822 963 3831 -
1000 3798 1026 3846 b.
1048 3799 1100 3844 cito
1120 3798 1157 3847 Μ.
1179 3821 1209 3831 -
1247 3799 1289 3847 11.
1315 3798 1500 3846 dissimulavi·

176 3863 297 3912 mvsltl.
334 3864 377 3921 (Ut
400 3879 465 3923 nos,
486 3864 549 3913 Pius
572 3872 597 3914 et
620 3867 766 3917 Manutius.
812 3867 849 3914 llo
869 3867 893 3915 Μ
918 3880 970 3915 nan
994 3868 1057 3914 satis
1079 3872 1256 3920 constati-
1294 3872 1367 3913 et-
1391 3872 1418 3913 ut
1440 3870 1501 3928 opi·

174 3945 243 3992 aar,
264 3936 392 3981 acerrime
410 3935 607 3983 asservabantur
627 3960 679 3994 -,
699 3936 844 3996 navipatio
864 3959 874 3968 ·
892 3959 902 3968 -
920 3942 980 3996 opto
1001 3962 1031 3970 -
1058 3944 1146 3985 cetera
1163 3936 1295 3985 Orellius:
1323 3941 1362 3992 ct,
1388 3942 1417 3983 ut
1440 3940 1500 3998 opi-

175 4015 243 4063 nor,
264 4005 390 4051 acerrime
411 4005 612 4054 adservabimus
630 4005 837 4063 (observabimus
855 4005 887 4059 l).
925 4006 1068 4067 Navipatio
1086 4031 1097 4039 ·
1115 4030 1125 4039 -
1143 4013 1214 4066 opto.
1236 4006 1326 4053 Cetera
1347 4007 1446 4056 nttttss.
1463 4033 1498 4043 -

175 4072 217 4122 1³.
235 4079 381 4134 potuerunt
404 4088 443 4135 pr.
466 4074 503 4124 Μ.
534 4100 565 4110 -
604 4075 646 4123 rt.
666 4077 729 4124 scies
752 4090 791 4138 pr.
815 4074 851 4124 Μ.
885 4101 915 4110 -
958 4077 1000 4125 tu.
1020 4077 1094 4137 Erpa
1117 4076 1264 4125 Lambinus
1285 4083 1312 4124 et
1334 4089 1373 4137 pr.
1394 4076 1432 4124 Μ.
1463 4103 1497 4113 -

174 4143 218 4191 22.
237 4151 345 4193 ventum
362 4141 411 4206 est]
428 4150 558 4193 venerunt
580 4143 614 4193 ttt
639 4150 664 4194 et
682 4159 736 4207 mg.
759 4147 794 4195 M.
817 4171 846 4180 -
884 4145 927 4194 23.
946 4159 986 4194 me
1006 4146 1069 4194 velte
1089 4160 1143 4194 om.
1166 4146 1186 4193 1.
1210 4172 1239 4181 -
1274 4146 1405 4206 postridie
1433 4161 1500 4194 con·

174 4213 282 4262 venire:
302 4213 364 4263 baec
384 4229 445 4264 cum
465 4216 483 4264 Z
504 4215 761 4276 etmg·Cratandri
783 4216 940 4265 Lambinus.
967 4241 996 4250 -
1033 4215 1155 4265 titinnius
1174 4215 1196 4264 1.
1216 4242 1245 4251 -
1283 4217 1326 4265 at.
1346 4213 1405 4277 tibi]
1432 4217 1501 4264 iude

176 4282 197 4332 1.
231 4308 262 4318 -
311 4284 348 4331 ad
371 4286 463 4334 villam
485 4285 551 4336 itit:
582 4286 619 4334 ad
647 4285 740 4333 villam
769 4289 829 4334 verri
849 4287 878 4344 l,
906 4299 923 4333 a
949 4286 1015 4334 villo
1042 4299 1103 4334 cum
1128 4286 1285 4337 Manutiana
1311 4287 1342 4335 Ε.
1380 4287 1502 4350 Propter

176 4351 323 4401 Cumanam
335 4355 426 4404 malim
442 4356 563 4409 Atellam.
577 4356 631 4406 Cir.
644 4370 691 4419 pro
710 4356 767 4418 lege
779 4371 835 4417 agr.
850 4357 876 4413 2,
891 4357 933 4411 31,
948 4355 990 4405 86.
1004 4355 1055 4405 tln.
1068 4381 1099 4391 —
1119 4357 1163 4405 at.
1184 4355 1335 4405 Caeciliana
1349 4357 1379 4404 ll.
1394 4383 1423 4393 —
1440 4359 1501 4421 teas·

174 4419 213 4485 ta]
226 4424 352 4486 iepuntur
365 4427 393 4473 ire
406 4427 436 4485 lt,
457 4428 571 4491 leperam
590 4424 700 4488 (omisso
718 4427 756 4480 in)
776 4426 797 4475 l.
810 4451 840 4460 -
861 4425 904 4474 28.
925 4422 959 4486 et]
976 4431 1006 4473 ut
1025 4426 1092 4474 Cod.
1112 4426 1209 4476 Ursini.
1230 4453 1260 4462 -
1282 4432 1305 4474 et
1325 4427 1404 4474 simut
1422 4425 1497 4493 fieri]

174 4492 268 4543 blelim
286 4496 335 4542 etsi
350 4495 409 4560 fleri
430 4499 471 4546 vet
489 4499 554 4558 etsi,
573 4498 688 4546 matum!
713 4497 779 4560 fieri.
801 4495 849 4546 On.
873 4520 902 4529 -
940 4496 982 4544 29.
1003 4493 1073 4558 crem]
1103 4496 1166 4544 dum
1185 4510 1238 4559 mg.
1266 4498 1370 4558 Repeti.
1396 4497 1497 4548 lamb.

177 4588 206 4600 -
225 4566 297 4612 venit
317 4570 347 4612 vt
373 4567 410 4613 ad
432 4566 455 4616 l.
482 4592 512 4603 -
549 4569 592 4617 ³0.
613 4569 760 4617 deverterat
783 4567 847 4617 ttttt:
875 4564 1019 4614 diverterat
1044 4567 1088 4615 lli.
1111 4592 1140 4601 -
1177 4567 1221 4616 at.
1251 4564 1359 4627 Tamen]
1382 4582 1441 4616 cum
1462 4569 1498 4619 tt.

176 4657 207 4669 -
226 4633 269 4683 3³.
288 4633 381 4698 mima]
401 4650 457 4684 una
483 4638 505 4685 1.
545 4664 572 4675 -
589 4637 685 4686 nedum
711 4651 808 4685 novum
828 4636 962 4687 Orellius:
983 4636 1056 4694 (coll.
1080 4636 1156 4685 Balbi
1179 4637 1228 4699 Ep.
1248 4638 1306 4685 Lib.
1329 4639 1356 4692 9,
1378 4637 1403 4686 7.
1426 4635 1497 4701 d.):

174 4704 271 4753 nedum

173 4786 272 4823 amum
289 4776 332 4836 Μ,
352 4776 447 4826 nedum
469 4777 490 4825 Y
516 4783 542 4827 et
565 4778 601 4836 Z,
631 4783 697 4827 teste
724 4778 803 4828 bosio
843 4778 905 4827 item
926 4777 1000 4832 titii.
1033 4789 1130 4823 uoviim
1153 4776 1170 4824 Z
1198 4780 1263 4825 teste
1289 4775 1436 4834 Lambino,
1470 4785 1498 4828 et

174 4867 229 4917 mg.
249 4855 400 4907 Cratandrl.
421 4882 451 4891 -
477 4857 521 4907 dd.
541 4855 576 4919 te]
595 4866 670 4919 teque
689 4872 728 4919 pr.
748 4857 786 4908 Μ.
809 4881 838 4890 -
875 4858 917 4906 ³5.
939 4853 1065 4918 Graecia]
1084 4847 1148 4918 μ’μ’-ω
1167 4871 1207 4919 pr.
1227 4856 1264 4907 Μ.
