3256 5400
185 216 229 277 34
613 216 890 284 scutulatus
912 222 964 283 tt>
986 222 1077 286 m.

104 449 112 464 ·
185 375 334 462 cogitanti
355 375 456 462 pluam
477 374 555 439 illud
572 395 679 440 meum
700 377 883 452 consilium,
906 379 992 465 quod
1012 378 1104 445 initio
1118 381 1258 447 Aristoni
1272 393 1399 459 neure,
1422 394 1458 450 ut
1475 383 1514 451 sd

185 493 236 536 me
265 471 366 545 venit,
402 470 540 546 ostendi;
569 490 684 555 graves
711 482 742 536 te
776 484 994 558 suscepturum
1032 473 1231 550 inimicitias,
1268 477 1295 541 si
1329 476 1514 543 adolescens

184 575 297 651 petens
318 576 350 630 ct
370 562 524 629 nobiliss
551 575 581 630 te
611 565 783 652 ignominia
804 566 933 631 allectus
960 579 1052 633 esset.
1109 573 1149 634 Et
1174 569 1302 636 hercule
1323 571 1393 635 sine
1415 570 1513 637 dubio

184 662 246 727 erit
270 659 458 747 ignominia;
489 658 586 725 babes
612 661 696 725 enim
725 660 881 725 neminem
910 660 1041 727 honoris
1068 661 1170 747 gradu
1194 665 1404 750 superiorem.
1458 665 1513 731 tlte

159 767 303 830 sautem,
325 764 361 820 ut
375 754 518 820 omittam
534 753 745 828 nobilitatem,
767 755 827 819 boc
842 755 912 840 ipse
927 755 1024 820 vincit
1044 756 1132 821 viros
1151 757 1288 842 optimos
1304 759 1513 847 hominesque

184 848 474 924 innocentissimos,
506 849 627 934 legatos
649 859 738 923 tuos,
771 847 857 935 quod
887 857 919 913 et
950 861 1102 935 quaestor
1126 862 1174 916 est
1200 863 1233 917 et
1259 862 1409 938 quaestor
1429 862 1512 918 tuus.

183 947 303 1007 Nocere
334 941 392 1007 tibi
424 943 540 1008 iratum
561 944 717 1008 neminem
742 963 834 1028 posse
862 942 1037 1028 perspici03
1070 943 1128 1008 sed
1165 955 1270 1011 tamen
1296 955 1361 1012 tres
1397 946 1512 1013 fratres

182 1056 306 1101 summo
330 1037 402 1103 loco
416 1047 521 1111 natos,
542 1047 722 1123 promptos,
744 1057 808 1100 uon
831 1034 1020 1111 indisertus,
1043 1047 1075 1102 te
1089 1038 1164 1103 nolo
1178 1038 1296 1105 babere
1310 1040 1418 1114 iratos,
1440 1040 1512 1105 iure

183 1132 390 1217 praesertim3
414 1152 494 1218 quos
513 1130 608 1196 video
622 1130 770 1216 deinceps
785 1129 930 1194 tribunos
947 1131 989 1216 pl.
1004 1151 1063 1217 per
1082 1132 1252 1197 triennium
1267 1133 1349 1199 lore.
1370 1139 1402 1199 3.
1421 1138 1512 1198 Tem-

144 1245 170 1287 ιι
182 1245 261 1311 pora
286 1236 391 1291 autem
409 1225 458 1290 rei
480 1224 624 1310 publicae
644 1224 748 1309 qualia
769 1223 876 1288 lutura
899 1223 976 1297 sint,
1004 1224 1075 1311 quis
1097 1225 1178 1291 sciti
1199 1226 1276 1291 hlibi
1293 1227 1425 1314 quidem
1445 1236 1512 1292 tus

183 1317 309 1384 bulenta
332 1319 479 1385 videntur
501 1318 580 1383 lore.
624 1323 687 1385 Cur
706 1338 767 1403 ego
780 1327 810 1382 te
837 1317 933 1382 velim
947 1317 1087 1383 incidere
1104 1319 1137 1384 in
1155 1330 1296 1385 terrores
1312 1318 1510 1397 tribunieim,

180 1413 368 1498 praesertim
398 1433 469 1477 cum
491 1412 559 1476 sine
588 1413 773 1498 cuiusquam
801 1411 1048 1497 reprehensione
1069 1412 1259 1498 quaestoriis
1284 1411 1395 1498 legatis
1416 1433 1512 1500 quae·

180 1516 299 1572 storem
319 1507 421 1594 possis
439 1505 621 1571 anteferret
658 1505 722 1582 Qui
743 1505 770 1569 si
793 1505 924 1590 dignum
955 1526 989 1569 sc
1015 1504 1193 1571 maioribus
1219 1506 1285 1572 suis
1312 1505 1509 1593 praebuerit,

180 1611 216 1665 ut
240 1622 336 1688 spero
368 1609 400 1665 et
426 1609 521 1686 opto,
552 1609 605 1664 tua
627 1599 695 1664 laus
717 1618 757 1664 cx
778 1599 885 1686 aliqua
905 1608 995 1684 parte
1019 1598 1131 1678 luerit3
1154 1599 1203 1665 sin
1224 1599 1303 1687 quid
1324 1599 1509 1674 offenderit,

143 1690 241 1759 nasibi
260 1705 377 1768 totum,
400 1693 478 1759 nibil
501 1692 558 1758 tibi
579 1692 756 1759 offenderit.
800 1696 890 1770 Quae
909 1691 987 1757 mihi
1006 1693 1174 1759 veniebant
1196 1694 1230 1759 in
1251 1703 1407 1767 mentem,
1429 1713 1510 1779 quae

180 1788 220 1854 ad
242 1799 273 1854 te
288 1787 449 1874 pertinere
467 1785 665 1863 arbitrabar,
687 1786 774 1874 quod
793 1787 826 1851 in
844 1785 985 1853 Ciliciam
1004 1786 1242 1873 proficiscebar,
1264 1786 1445 1853 existimavi
1459 1807 1509 1851 me

179 1881 220 1947 ad
239 1891 270 1947 te
292 1892 441 1968 oportere
460 1879 611 1947 scribere.
652 1886 700 1946 Tu
717 1879 803 1967 quod
824 1880 941 1965 egeris,
972 1879 1006 1944 id
1023 1881 1120 1947 velim
1141 1881 1186 1947 dii
1206 1880 1393 1968 approbent
1436 1879 1508 1954 Sed,

179 1976 206 2041 si
227 1996 279 2040 me
300 1974 426 2050 audies,
448 1972 562 2040 vitabis
584 1972 764 2039 inimicitias
785 1983 817 2040 et
837 1974 1030 2061 posteritatis
1051 1974 1118 2041 otio
1139 1976 1297 2042 eonsules.

655 2116 739 2178 xrs.
770 2110 817 2196 (a.
846 2116 879 2179 a.
902 2116 934 2179 c.
957 2112 1043 2199 ιιι.)

139 2232 218 2293 aas.
249 2230 413 2293 reactus
441 2198 483 2292 is.
506 2230 539 2292 r.
568 2230 610 2293 ιι.
639 2231 674 2292 ιι.
697 2227 841 2292 cacano
863 2230 943 2293 nu.
965 2230 997 2293 s.
1019 2230 1057 2292 n.
1080 2230 1113 2293 e.
1136 2228 1280 2295 clauo
1302 2230 1338 2295 ι.
1359 2230 1394 2295 r.
1416 2230 1451 2296 c.
1473 2229 1508 2295 ιι.

679 2321 812 2386 cuno
835 2322 1000 2397 Quaasr.

264 2447 292 2507 1.
315 2447 392 2508 Cum
422 2440 654 2528 optatissimum
679 2441 824 2506 nuntium
852 2441 1043 2527 accepissem
1074 2451 1107 2507 te
1128 2441 1207 2507 mihi
1228 2451 1431 2528 quaestorem
1451 2440 1508 2509 ob·

179 2536 303 2622 tigisse,
338 2556 378 2601 eo
407 2534 628 2601 iucundiorem
649 2534 727 2601 mibi
755 2556 826 2600 earn
847 2545 967 2601 sortem
987 2534 1154 2623 sperabam
1176 2534 1265 2611 lore,
1302 2556 1368 2623 que
1388 2535 1507 2603 diutius

179 2631 211 2696 in
236 2630 400 2717 provincia
430 2650 553 2695 mecum
583 2628 707 2694 fuisses.
759 2629 864 2714 llagni
886 2629 971 2694 euim
996 2627 1165 2695 videbatur
1193 2629 1353 2696 interesse·
1372 2628 1413 2693 ad
1436 2650 1506 2695 earn

144 2722 458 2797 senecessitudinem,
481 2743 576 2809 quam
597 2721 690 2788 nobis
711 2742 782 2788 sors
797 2721 979 2797 tribuisset,
1001 2722 1259 2788 cousuetudinem
1276 2742 1405 2810 queque
1420 2742 1507 2789 acca·

179 2818 265 2883 dere.
319 2821 430 2881 Postea
458 2838 531 2881 cum
560 2815 637 2881 mihi
665 2815 744 2881 nihil
777 2837 920 2903 nequea
952 2816 1076 2902 teipso
1097 2837 1201 2904 neque
1221 2815 1262 2881 ab
1284 2815 1351 2883 ullo
1376 2816 1442 2883 alio
1467 2816 1506 2883 dc

178 2910 314 2976 adventu
329 2919 385 2974 tuo
407 2908 616 2984 scriberetur,
638 2908 792 2984 verebar,
815 2930 854 2974 ne
876 2909 910 2974 id
930 2909 975 2975 ita
996 2909 1179 2975 caderct-
1199 2908 1288 2997 quod
1307 2909 1404 2975 ctiam
1425 2931 1507 2977 nunc

178 3025 294 3071 vereor
316 3039 371 3078 -,
393 3025 433 3068 ne
455 3011 544 3079 ante,
566 3024 662 3091 quam
684 3012 719 3068 tu
742 3003 774 3067 in
797 3003 994 3090 provinciam
1011 3003 1166 3078 venisses,
1204 3024 1264 3089 ego
1281 3003 1322 3069 de
1342 3003 1505 3090 provincia

179 3097 374 3165 decederem.
417 3097 532 3184 Accepi
554 3108 659 3163 autem
681 3119 701 3162 a
722 3106 753 3163 to
771 3096 883 3162 missas
904 3097 1024 3163 litteras
1044 3098 1078 3162 in
1102 3097 1226 3172 Cilicia,
1257 3118 1330 3163 cum
1353 3117 1457 3165 essm
1474 3098 1505 3163 iu

139 3193 304 3268 moechis,
341 3213 369 3257 a.
397 3191 427 3257 d.
450 3215 481 3256 r.
503 3191 572 3257 llal.
594 3189 769 3269 Quintiles,
802 3191 936 3278 scriptas
956 3191 1199 3266 humanissime,
1226 3190 1343 3278 quibus
1361 3190 1455 3257 facile
1475 3202 1506 3257 et

177 3287 314 3352 officium
340 3295 372 3352 et
393 3285 556 3370 ingenium
579 3295 668 3349 tuum
699 3283 838 3370 perspici
862 3295 986 3370 posset;
1022 3285 1078 3350 sed
1107 3306 1211 3372 neque
1242 3285 1328 3352 unde
1361 3306 1421 3352 nec
1440 3304 1505 3373 quo

176 3380 229 3446 die
248 3380 338 3446 datae
359 3389 464 3446 essent
485 3386 539 3443 aut
559 3398 625 3464 quo
647 3386 790 3463 tempore
808 3389 837 3442 te
863 3391 1096 3464 exspectarem,
1124 3378 1358 3465 significabant3
1380 3401 1440 3447 nec
1460 3380 1503 3454 is,

177 3473 233 3560 qui
254 3473 415 3547 attulerat,
453 3481 524 3537 ate
543 3481 725 3557 acceperat,
758 3482 795 3535 ut
815 3493 857 3536 ex
879 3493 920 3537 eo
947 3472 1079 3549 scirem,
1115 3493 1180 3560 quo
1201 3494 1243 3538 ex
1264 3473 1336 3540 luco
1357 3484 1413 3541 aut
1436 3494 1505 3561 ‚quo

178 3578 319 3653 tempore
344 3574 448 3632 essent
475 3565 575 3630 datae.
625 3569 657 3630 2.
688 3568 778 3642 Quae
803 3586 874 3629 cum
904 3576 1009 3632 essent
1028 3566 1165 3640 incerta,
1200 3565 1382 3635 existimavi
1400 3576 1505 3634 tamen

140 3661 358 3727 aslaciundum
381 3680 467 3734 esse,
488 3671 524 3724 ut
545 3658 584 3723 ad
607 3668 638 3723 te
661 3667 793 3724 statores
816 3680 904 3723 meos
926 3670 957 3725 et
970 3659 1099 3725 lictores
1113 3681 1185 3725 cum
1201 3660 1313 3725 litteris
1328 3660 1504 3737 mitterem;

177 3754 303 3841 quassi
326 3754 400 3818 satis
422 3760 602 3839 opportuno
626 3761 769 3838 tempore
789 3752 956 3837 accepisti,
991 3754 1202 3839 gratissimum
1225 3754 1304 3819 mihi
1324 3753 1455 3828 leceris,
1477 3754 1505 3818 si

177 3845 287 3911 adme
310 3847 342 3910 in
365 3844 504 3912 Ciliciam
534 3866 627 3933 quarn
656 3844 795 3930 primum
828 3845 963 3910 veneris.
1006 3850 1084 3911 Nam
1111 3846 1197 3933 quod
1224 3847 1265 3912 ad
1292 3868 1344 3912 me
1373 3846 1503 3920 Curius,

176 3939 384 4005 consobrinus
412 3951 505 4015 tuus,
541 3938 636 4013 mibi,
668 3948 704 4004 ut
728 3938 805 4012 scis,
841 3939 980 4004 maxime
1014 3941 1229 4018 necessarium
1260 3939 1347 4027 quod
1371 3939 1448 4005 item
1470 3944 1504 4005 C.

176 4033 348 4118 Vergilius,
377 4033 574 4121 propinquus
597 4042 686 4106 tuus,
721 4030 985 4098 familiarissimus
1006 4044 1131 4108 noster,
1153 4033 1192 4098 de
1213 4044 1243 4099 te
1269 4033 1504 4101 acctrratissirne

138 4125 323 4212 asscripsit,
347 4127 428 4192 valet
451 4126 485 4192 id
505 4127 634 4213 quidem
657 4124 741 4212 apud
762 4146 812 4189 mc
835 4127 986 4202 multum,
1009 4127 1102 4193 sicuti
1125 4127 1219 4193 debet
1241 4127 1407 4193 hominum
1423 4126 1505 4193 amb

176 4218 375 4284 cissimorum
402 4219 537 4306 diligens
570 4218 819 4298 commendati0;
849 4220 905 4284 sed
933 4230 1005 4285 tuac
1032 4222 1155 4287 litterae
1176 4221 1216 4287 de
1241 4231 1296 4287 tua
1317 4219 1503 4307 praesertim

176 4312 324 4397 dignitate
347 4322 378 4379 et
399 4312 438 4378 de
459 4323 565 4379 nostra
587 4311 809 4378 coniunctione
830 4314 959 4379 maximi
978 4324 1050 4380 sunt
1070 4315 1155 4402 apud
1175 4336 1227 4381 me
1241 4313 1403 4402 ponderis.
1423 4313 1504 4382 rtiti

245 4477 271 4526 3.
291 4477 392 4527 hercule
408 4477 455 4528 hl:
475 4477 557 4527 hercle
575 4476 606 4527 ll.
629 4503 658 4513 -
698 4477 740 4527 12.
760 4479 906 4541 quaestoris
924 4478 960 4527 Μ.
994 4504 1022 4515 -
1062 4478 1105 4529 13.
1126 4479 1197 4528 Fert.
1216 4492 1275 4528 cum
1293 4473 1339 4541 (=
1360 4476 1456 4543 wem)
1474 4479 1503 4528 la

176 4545 295 4596 ciliciam
310 4547 514 4612 proficiscebara.
535 4545 586 4598 Os.
609 4570 639 4582 -
676 4548 720 4597 20.
746 4547 852 4597 Marcus
879 4547 969 4597 tallias
992 4548 1129 4598 mercadus
1146 4550 1166 4614 J.
1188 4583 1196 4599 .
1217 4583 1226 4600 .
1246 4582 1254 4598 .
1273 4545 1395 4612 (rasura)
1420 4550 1502 4598 dcam

174 4617 320 4678 imperator
345 4617 455 4666 salutm
477 4618 541 4667 dicit
569 4615 669 4667 console
699 4617 778 4666 coelio
801 4617 893 4666 tentata·
916 4617 972 4682 filio
992 4632 1072 4682 pesas
1097 4618 1222 4682 rataeque
1246 4630 1305 4668 ossa
1330 4620 1502 4682 optasstm

174 4687 296 4736 euntem
313 4689 460 4750 uaciplm
477 4686 516 4738 Μ.
538 4710 568 4722 -
604 4687 649 4736 25.
668 4689 723 4751 [ors
740 4686 778 4738 Μ.
798 4713 830 4724 -
850 4689 964 4737 metum
988 4688 1026 4740 Μ.
1054 4714 1086 4723 -
1121 4688 1167 4739 23.
1187 4689 1298 4744 Postea,
1330 4700 1389 4738 esst
1405 4687 1502 4740 Μιιιιι·

175 4757 245 4806 tluss
274 4757 445 4822 Posteaquam
467 4755 527 4806 ΜΕ.
555 4780 586 4793 -
623 4757 667 4807 31.
687 4770 733 4806 aec
751 4756 796 4807 bl:
823 4771 903 4821 aeque
929 4757 961 4809 ll.
981 4783 1010 4794 -
1047 4758 1091 4808 32.
1117 4758 1293 4823 autquarta
1312 4764 1439 4823 atqpr.
1457 4757 1498 4816 Ι.

175 4834 204 4876 ιιι
227 4839 278 4891 quo
295 4840 366 4878 corr.
385 4826 432 4887 ll,
463 4832 541 4891 atque
558 4839 609 4890 quo
627 4825 658 4877 B.
679 4850 710 4862 -
730 4827 774 4877 33.
794 4833 841 4876 cut
858 4826 900 4878 nt:
927 4835 952 4877 et
971 4827 1002 4878 ll.
1022 4850 1053 4863 -
1073 4828 1117 4879 35.
1135 4829 1287 4894 [αοιιιιιιιιιιιι
1304 4840 1358 4879 ssss
1375 4828 1425 4880 Μι
1449 4840 1500 4879 stas

174 4897 325 4960 Mundam
344 4897 374 4948 B.
395 4919 425 4932 -
460 4896 505 4946 37.
536 4897 571 4948 cd
589 4910 644 4947 om.
664 4896 703 4949 Μ.
725 4922 755 4933 -
793 4896 837 4946 33.
857 4898 1082 4963 mamlcirqs'ltas
1098 4898 1141 4959 31,
1169 4898 1198 4949 c.
1221 4898 1346 4964 Υιτριιιιιι
1363 4897 1395 4949 tt.
