3256 5400
173 195 239 258 28⁰
605 190 878 256 EPISTOLARUM
897 192 951 255 ab
972 191 1062 255 Fati.

176 351 353 438 oppugnavi
365 372 373 428 ;
391 368 528 433 ususque
539 346 701 413 tormentis
714 346 834 419 multis,
847 346 952 411 multis
963 344 1145 430 sagittariis,
1159 364 1272 430 magno
1282 342 1391 410 labore
1402 366 1491 420 meo,

175 447 243 512 sine
264 445 326 510 ulla
347 443 488 508 molestia
509 450 673 526 sumptuve
694 440 867 515 sociomm,
904 440 1037 526 septimo
1058 440 1315 525 quinquagesimo
1345 438 1395 504 die
1423 461 1492 506 rem

174 538 311 611 confeci,
347 545 381 601 ut
408 534 554 601 omnibus
587 532 727 620 partibus
748 531 836 599 urbis
857 532 1038 599 disturbatis
1059 533 1265 598 antinoensis
1287 532 1437 618 compulsi
1458 533 1492 598 iu

174 640 359 720 potestatem
380 649 482 694 meam
502 632 711 716 pervenirent
752 627 809 692 His
831 637 919 691 erant
939 625 1061 692 finitimi
1081 627 1149 712 pari
1171 626 1288 692 scelere
1311 634 1342 691 et
1362 625 1491 692 audacia

151 723 334 799 sTibarani3
356 721 395 787 ab
415 722 469 798 iis,
490 721 674 787 Pindenisso
696 730 804 806 capto,
826 718 951 786 obsides
969 720 1090 805 accepi;
1112 725 1283 785 exercitum
1305 719 1338 784 in
1360 719 1493 786 hiberna

174 816 287 884 dimisi.
346 818 385 893 Q.
413 815 542 881 fratrem
570 814 698 899 negotio
719 818 904 900 praeposui,
937 823 971 880 ut
992 813 1025 878 in
1046 814 1125 879 vicis
1146 827 1199 880 aut
1219 815 1315 900 captis
1336 824 1390 879 aut
1411 814 1492 880 male

173 910 289 998 pacatis
311 908 468 974 exercitus
489 907 706 974 collocaretur.
764 911 813 972 11.
846 911 932 973 Nunc
953 907 1047 972 velim
1069 907 1115 973 sic
1142 906 1198 973 tibi
1228 905 1434 994 persuadeas,
1465 907 1492 973 si

173 1006 214 1073 de
234 1004 283 1070 bis
314 1002 410 1068 rebus
439 1001 479 1068 ad
498 1010 639 1067 senatum
661 1001 793 1068 relatum
814 1000 866 1075 sit,
895 1021 945 1066 me
967 1001 1219 1067 existimaturum
1240 1022 1393 1067 summam
1414 999 1491 1066 mihi

173 1100 297 1167 laudem
319 1097 485 1172 tributam,
513 1095 595 1161 situ
617 1095 769 1161 bonorem
792 1115 896 1159 meum
918 1096 1070 1160 sententia
1090 1104 1143 1160 tua
1164 1093 1390 1181 comprobaris.
1442 1092 1493 1158 ld·

138 1215 255 1282 ioque,
299 1192 357 1258 etsi
393 1189 506 1257 talibus
541 1188 581 1255 de
615 1188 711 1255 rebus
750 1188 952 1274 gravissimos
992 1188 1134 1254 homines
1169 1198 1201 1254 et
1240 1208 1354 1273 rogare
1389 1188 1492 1253 solere

173 1299 206 1355 et
239 1286 344 1372 rogari
382 1283 466 1359 seio,
502 1292 605 1348 tamen
634 1281 864 1348 admonendum
902 1281 1008 1369 potius
1047 1292 1079 1348 te
1115 1304 1132 1347 a
1164 1303 1216 1346 me
1248 1303 1342 1368 quam
1377 1301 1492 1366 rogan-

172 1382 248 1449 dum
270 1390 357 1467 puto.
399 1383 447 1443 Tu
470 1398 504 1442 es
525 1377 607 1442 enim
629 1375 674 1450 is,
704 1376 758 1463 qui
779 1397 830 1442 me
851 1375 914 1442 tuis
943 1376 1103 1441 sententiis
1134 1376 1315 1462 saepissime
1351 1379 1491 1452 ornasti;

173 1474 228 1562 qui
256 1473 414 1544 oratione,
443 1470 497 1558 qui
525 1469 772 1557 praedicatione,
808 1469 863 1557 qui
898 1470 1029 1536 summis
1056 1470 1200 1536 laudibus
1233 1474 1264 1535 in
1297 1478 1422 1539 senatu,
1458 1468 1491 1533 in

173 1566 371 1635 contionibus
392 1564 430 1630 ad
452 1564 571 1630 caelum
594 1564 752 1643 extulisti;
788 1564 877 1629 cuius
899 1584 959 1648 ego
981 1583 1105 1650 semper
1126 1573 1209 1629 tanta
1230 1585 1299 1629 esse
1320 1561 1490 1629 verborum

139 1662 313 1750 espondera
334 1663 455 1746 putavi,
477 1668 513 1724 ut
533 1679 597 1724 uno
618 1657 717 1725 verbo
738 1667 794 1725 tuo
816 1678 886 1723 cum
909 1678 978 1723 mea
1000 1658 1092 1724 laude
1109 1659 1275 1723 coniuncto
1290 1657 1394 1722 omnia
1409 1677 1492 1722 asse·

173 1756 228 1843 qui
250 1776 299 1820 me
320 1752 501 1818 arbitrarer.
557 1758 601 1818 Te
629 1751 763 1839 denique
784 1751 929 1825 memini,
965 1772 1037 1818 cum
1059 1751 1182 1817 cuidam
1203 1751 1375 1817 clarissimo
1397 1760 1492 1838 atque

173 1849 294 1935 optimo
325 1848 396 1912 viro
427 1845 683 1933 supplicationem
705 1867 768 1911 nou
789 1845 995 1919 decerneres,
1032 1844 1138 1910 dicere
1159 1854 1189 1911 te
1210 1844 1431 1919 decreturum,
1464 1845 1492 1909 si

172 1941 348 2008 referretur
369 1939 411 2005 ob
433 1961 486 2005 eas
506 1960 574 2013 res,
608 1959 685 2026 quas
706 1939 733 2004 is
754 1939 863 2005 consul
884 1939 917 2003 in
937 1938 1017 2005 urbe
1039 1939 1195 2024 gessisset.
1244 1945 1291 2005 Tu
1311 1938 1395 2004 idem
1416 1939 1492 2005 mibi

173 2035 430 2122 supplicationem
452 2032 616 2098 decrevisti
638 2042 763 2117 togato,
786 2053 867 2109 uon,
890 2042 924 2098 ut
944 2032 1068 2108 multis,
1090 2053 1127 2097 re
1148 2031 1272 2118 publica
1293 2031 1374 2097 bene
1395 2042 1491 2118 gesta,

136 2128 244 2203 maed,
265 2139 300 2193 ut
321 2127 452 2202 nemini,
475 2125 656 2212 republica
678 2134 870 2192 conservata.
918 2131 969 2193 12.
991 2127 1097 2202 Mitto,
1119 2125 1205 2214 quod
1226 2127 1384 2203 invidiam,
1406 2127 1492 2214 quod

175 2222 329 2310 pericula,
350 2220 436 2309 quod
458 2241 567 2287 omues
588 2239 672 2284 meas
693 2227 890 2305 tempestates
911 2229 943 2285 et
962 2219 1099 2286 subieris
1116 2230 1148 2286 et
1161 2221 1260 2286 multo
1274 2221 1368 2285 etiam
1382 2220 1491 2306 magis,

174 2315 203 2382 si
223 2336 281 2403 per
302 2336 352 2380 me
373 2315 527 2389 licuisset,
555 2312 663 2379 subire
684 2312 898 2399 paratissimus
919 2312 1035 2390 fueris,
1068 2314 1153 2401 quod
1172 2313 1310 2403 denique
1330 2314 1493 2380 inimicum

175 2429 279 2475 meum
303 2419 390 2473 tuum
411 2409 572 2474 inimicum
592 2410 733 2495 putaris;
769 2407 859 2473 cuius
880 2409 973 2473 etiam
995 2409 1175 2484 interitum,
1212 2418 1247 2475 ut
1268 2409 1358 2475 facile
1378 2411 1494 2477 intelli·

175 2521 298 2588 gerem,
320 2501 398 2566 mibi
419 2510 569 2588 quantum
589 2499 762 2575 tribueres,
784 2501 908 2567 Milonis
929 2523 1022 2568 causa
1042 2502 1075 2568 in
1096 2511 1205 2570 senatu
1226 2501 1420 2569 defendenda
1439 2523 1494 2588 ap-

138 2595 329 2683 reprobaris.
371 2601 399 2661 A
426 2617 477 2660 me
505 2603 608 2660 autem
635 2593 712 2660 baec
739 2606 811 2660 sunt
831 2594 988 2681 profecta,
1020 2617 1101 2683 quae
1122 2618 1182 2682 ego
1203 2597 1236 2662 iu
1257 2595 1399 2664 beneficii
1421 2598 1493 2663 loco

176 2710 239 2756 nou
260 2710 344 2776 peno
366 2688 422 2755 sed
442 2688 475 2753 in
496 2688 563 2755 veri
585 2687 753 2753 testimonii
782 2698 874 2776 atque
895 2689 1020 2764 iudicii,
1056 2699 1091 2757 ut
1116 2691 1396 2777 praestantissimas
1423 2700 1493 2757 tuas

176 2783 307 2849 virtutes
328 2805 391 2850 non
411 2782 522 2848 tacitus
543 2781 716 2847 admirarer
736 2816 776 2828 —
799 2782 869 2871 quis
892 2784 975 2848 enim
996 2784 1028 2850 in
1049 2792 1080 2849 te
1101 2784 1132 2850 id
1155 2806 1218 2850 nou
1240 2785 1334 2851 facit?
1356 2821 1414 2859 -,
1437 2784 1493 2851 sed

176 2877 209 2942 in
237 2877 382 2942 omuibus
410 2873 619 2950 orationibus,
655 2875 815 2941 sententiis
846 2876 1000 2953 dicendis,
1036 2878 1137 2944 causis
1169 2878 1316 2963 agendis,
1349 2877 1494 2945 omnibus

176 2969 316 3056 scriptis,
339 2970 467 3036 Graecis
486 2967 621 3042 Latinis,
644 2967 730 3034 omni
755 2968 889 3056 denique
910 2971 1061 3037 varietate
1082 2972 1256 3038 litterarum
1279 2994 1440 3049 mearum,
1461 2982 1493 3039 te

142 3083 240 3135 annon
261 3063 356 3129 modo
376 3063 438 3140 iis,
471 3082 552 3148 quos
572 3060 774 3136 vidissemus,
807 3063 862 3129 sed
882 3064 935 3139 iis,
963 3064 1002 3130 de
1024 3064 1138 3151 quibus
1159 3065 1370 3143 audissemus,
1392 3067 1494 3132 omni·

177 3157 236 3224 bus
257 3157 454 3223 anteferrem.
513 3159 562 3221 13.
592 3156 734 3232 Quaeres
764 3154 912 3234 fortasse,
946 3157 1021 3245 quid
1043 3159 1096 3234 sit,
1118 3158 1204 3247 quod
1225 3179 1285 3243 ego
1306 3159 1367 3225 boc
1386 3159 1493 3226 nescio

177 3250 253 3340 quid
273 3250 488 3338 gratulationis
508 3257 540 3315 et
560 3248 690 3315 honoris
711 3267 729 3315 a
750 3259 859 3315 senatu
877 3251 953 3316 tanti
975 3252 1145 3318 aestimem.
1188 3258 1285 3337 Agam
1306 3253 1370 3317 iam
1390 3259 1495 3317 tecum

177 3343 386 3420 familiariter,
408 3354 444 3411 ut
464 3351 512 3410 est
532 3352 564 3409 et
584 3342 693 3409 studiis
715 3352 747 3408 et
767 3343 876 3409 officiis
897 3346 1013 3411 nostris
1028 3345 1144 3410 mutuis
1165 3354 1197 3411 et
1218 3366 1338 3411 summa
1360 3346 1495 3412 amicitia

179 3437 306 3524 dignum
329 3446 360 3503 et
381 3435 608 3503 necessitudine
630 3436 724 3502 etiam
744 3444 882 3523 patema.
925 3439 958 3504 Si
979 3439 1143 3526 quisquam
1164 3437 1224 3504 fuit
1237 3460 1375 3525 unquam
1389 3461 1495 3506 remo-

142 3542 229 3604 sstus
260 3541 291 3597 et
322 3539 432 3597 natura
456 3540 487 3597 et
507 3531 606 3616 magis
626 3530 738 3605 etiam,
770 3540 807 3596 ut
827 3531 904 3597 mihi
924 3532 1053 3619 quidem
1074 3532 1191 3598 sentire
1211 3532 1335 3608 videor,
1371 3534 1495 3600 ratione

178 3634 271 3712 atque
292 3625 434 3690 doctrina
455 3625 494 3690 ab
515 3623 600 3690 iuaui
619 3622 712 3690 laude
733 3632 764 3688 et
785 3624 982 3691 sermonibus
1003 3625 1103 3712 vulgi,
1127 3646 1186 3710 ego
1206 3626 1351 3712 profecto
1372 3627 1494 3693 issum.

179 3719 278 3786 Testis
299 3728 346 3783 est
366 3719 543 3784 consulatus
564 3738 672 3792 meus,
701 3717 734 3783 iu
756 3738 839 3804 quo,
866 3718 948 3784 sicut
967 3719 1000 3785 iu
1021 3720 1142 3807 reliqua
1162 3719 1242 3795 vita,
1263 3717 1365 3786 fateor
1385 3741 1423 3786 ea
1444 3741 1495 3786 me

179 3811 317 3878 studiose
350 3820 507 3887 secutum,
540 3832 581 3877 ex
612 3809 726 3898 quibus
751 3832 826 3877 vera
857 3811 959 3897 gloria
982 3813 1067 3879 nasci
1086 3823 1208 3900 posset,
1245 3813 1344 3900 ipsam
1366 3812 1495 3899 quidem

179 3904 309 3991 gloriam
330 3924 390 3990 per
410 3925 444 3970 se
465 3925 622 3991 nunquam
641 3906 747 3992 putavi
769 3906 985 3992 expetendam.
1027 3912 1134 3994 ltaque
1148 3917 1180 3973 et
1192 3907 1388 3994 provinciam
1402 3928 1496 3972 orna·

143 4010 242 4066 ιιιιιιι
264 4007 296 4063 et
315 4018 403 4084 spem
424 4018 488 4063 non
508 3995 634 4062 dubiam
655 3998 804 4086 triumphi
833 3999 977 4084 neglexi;
1009 4001 1217 4067 sacerdotium
1240 4000 1390 4088 denique,
1422 4021 1495 4065 cum

181 4127 221 4140 —-
242 4091 506 4180 quemadmodum
537 4098 569 4156 te
599 4091 778 4158 existimare
812 4091 951 4159 arbitror
971 4131 1013 4143 -
1040 4116 1104 4161 non
1136 4094 1313 4160 difficillime
1345 4093 1495 4179 consequi

180 4207 321 4272 possem,
356 4206 418 4251 uon
448 4183 596 4271 appetivi.
637 4183 723 4250 Idem
754 4195 826 4272 post
851 4186 998 4252 iniuriam
1026 4197 1183 4274 acceptam
1204 4223 1245 4235 —
1267 4207 1361 4275 quam
1392 4193 1427 4251 tu
1447 4188 1495 4251 rei

179 4278 321 4366 publicae
342 4278 544 4344 calamitatem
566 4298 691 4365 semper
710 4278 866 4364 appellas,
888 4300 990 4346 meam
1011 4301 1074 4347 uon
1093 4280 1188 4347 modo
1204 4303 1267 4347 non
1281 4280 1495 4355 calamitatem,

248 4479 275 4528 2.
296 4478 523 4542 qratngaagsnetmo
541 4477 578 4527 bf.
594 4503 622 4514 -
661 4477 688 4528 3.
707 4480 832 4543 computet
849 4485 1002 4542 suspectum
1017 4477 1148 4530 Emestio.
1185 4479 1236 4530 Sed
1256 4478 1306 4529 efr.
1326 4479 1359 4529 de
1373 4478 1494 4542 provinc.

180 4562 256 4598 cons.
277 4545 306 4608 d.
326 4546 370 4597 ³³.
397 4568 430 4583 -
465 4547 492 4597 5.
526 4546 647 4597 taboram·
673 4546 710 4598 bl.
742 4573 775 4587 -
809 4551 843 4599 ιιι
860 4550 906 4601 bf:
937 4550 976 4599 ιιι
993 4549 1024 4599 ff.
1055 4571 1082 4583 -
1120 4549 1147 4599 ⁸1.
1171 4545 1287 4612 pacatis]
1313 4550 1387 4611 potis
1404 4548 1442 4600 Μ.
1463 4573 1493 4584 -

179 4622 216 4668 sic
242 4618 288 4668 tibi
313 4617 357 4667 ll:
388 4617 436 4667 ttbs'
460 4617 497 4666 rie
520 4616 552 4666 ll.
579 4639 611 4651 -
647 4617 674 4666 8.
693 4630 819 4668 manum
837 4620 883 4669 tibi
901 4620 1003 4669 ιαιιιιιιιι
1020 4618 1057 4671 Μ.
1086 4641 1116 4654 -
1151 4618 1197 4669 23.
1215 4627 1245 4669 ιιι
1263 4632 1318 4669 om.
1339 4632 1379 4681 pr.
1403 4619 1441 4670 Μ.
1464 4642 1494 4653 -

180 4689 224 4738 27.
243 4690 311 4738 esim
328 4688 357 4736 ιιι
375 4692 401 4736 te
417 4687 445 4735 ιιι
462 4685 627 4736 Lambinus:
653 4689 720 4738 ιιιιιιι
737 4694 762 4738 te
777 4689 806 4738 td
824 4702 864 4750 pr.
883 4689 933 4750 bf,
960 4690 1029 4738 enim
1046 4689 1077 4738 ds
1096 4695 1119 4739 te
1136 4689 1165 4738 fd
1182 4703 1253 4740 corr.
1272 4689 1318 4749 bf,
1344 4689 1412 4738 enim
1428 4687 1497 4737 ιιιιιιι

181 4759 212 4808 Ε.
233 4782 263 4793 -
300 4758 343 4805 30.
370 4769 424 4806 oon
450 4768 505 4806 om.
533 4769 575 4820 pr.
602 4756 640 4808 Μ.
673 4782 704 4794 -
739 4759 928 4809 ιοιιιιιιιιιιιιι
954 4758 1112 4810 Cratander.
1140 4784 1172 4794 -
1208 4759 1253 4810 ιι.
1273 4772 1357 4809 means
1375 4758 1422 4809 bf:
1450 4770 1496 4822 ego

180 4841 264 4879 mam
283 4826 430 4877 Emcstius.
