<?xml version="1.0" encoding="UTF-8"?>
<!DOCTYPE html PUBLIC "-//W3C//DTD XHTML 1.0 Transitional//EN"
    "http://www.w3.org/TR/xhtml1/DTD/xhtml1-transitional.dtd">
<html xmlns="http://www.w3.org/1999/xhtml" xml:lang="en" lang="en">
 <head>
  <title>
</title>
<meta http-equiv="Content-Type" content="text/html;charset=utf-8" />
  <meta name='ocr-system' content='tesseract 3.04.00' />
  <meta name='ocr-capabilities' content='ocr_page ocr_carea ocr_par ocr_line ocrx_word'/>
</head>
<body>
  <div class='ocr_page' id='page_1' title='image "./operaquaesupers06halmgoog_0847.png"; bbox 0 0 3256 5400; ppageno 0'>
   <div class='ocr_carea' id='block_1_1' title="bbox 560 235 1465 458">
    <p class='ocr_par' dir='ltr' id='par_1_1' title="bbox 560 235 1465 458">
     <span class='ocr_line' id='line_1_1' title="bbox 577 235 1465 299; baseline 0.002 -2"><span class='ocrx_word' id='word_1_1' title='bbox 577 236 649 298; x_wconf 84' lang='lat' dir='ltr'><strong>Llll.</strong></span> <span class='ocrx_word' id='word_1_2' title='bbox 678 235 716 297; x_wconf 95' lang='lat' dir='ltr'><strong>ll.</strong></span> <span class='ocrx_word' id='word_1_3' title='bbox 760 237 817 299; x_wconf 84' lang='grc' dir='ltr'><strong>ΕΡ.</strong></span> <span class='ocrx_word' id='word_1_4' title='bbox 840 237 871 298; x_wconf 84' lang='grc'><strong>3.</strong></span> <span class='ocrx_word' id='word_1_5' title='bbox 894 236 925 297; x_wconf 78' lang='lat' dir='ltr'><strong>d.</strong></span> <span class='ocrx_word' id='word_1_6' title='bbox 946 236 977 297; x_wconf 81' lang='lat'><strong>5.</strong></span> <span class='ocrx_word' id='word_1_7' title='bbox 1000 237 1029 297; x_wconf 81' lang='grc'><strong>6.</strong></span> <span class='ocrx_word' id='word_1_8' title='bbox 1402 239 1465 299; x_wconf 96' lang='grc'><strong>777</strong></span> 
     </span>
     <span class='ocr_line' id='line_1_2' title="bbox 560 394 1051 458; baseline 0 -2"><span class='ocrx_word' id='word_1_9' title='bbox 560 394 590 456; x_wconf 85' lang='lat' dir='ltr'><strong>l&#39;.</strong></span> <span class='ocrx_word' id='word_1_10' title='bbox 634 395 784 458; x_wconf 82' lang='lat' dir='ltr'><strong>BRUTUS</strong></span> <span class='ocrx_word' id='word_1_11' title='bbox 807 394 992 458; x_wconf 77' lang='lat' dir='ltr'><strong>CICERONI</strong></span> <span class='ocrx_word' id='word_1_12' title='bbox 1020 395 1051 456; x_wconf 91' lang='lat' dir='ltr'><strong>S.</strong></span> 
     </span>
    </p>
   </div>
   <div class='ocr_carea' id='block_1_2' title="bbox 141 512 1489 1166">
    <p class='ocr_par' dir='ltr' id='par_1_2' title="bbox 141 512 1489 1166">
     <span class='ocr_line' id='line_1_3' title="bbox 229 512 1464 600; baseline 0.001 -19"><span class='ocrx_word' id='word_1_13' title='bbox 229 522 258 582; x_wconf 96' lang='grc'><strong>1.</strong></span> <span class='ocrx_word' id='word_1_14' title='bbox 286 515 417 581; x_wconf 83' lang='lat' dir='ltr'><strong>Litteras</strong></span> <span class='ocrx_word' id='word_1_15' title='bbox 439 524 507 580; x_wconf 88' lang='lat' dir='ltr'><strong>tuas</strong></span> <span class='ocrx_word' id='word_1_16' title='bbox 529 512 618 579; x_wconf 90' lang='lat' dir='ltr'><strong>valde</strong></span> <span class='ocrx_word' id='word_1_17' title='bbox 640 523 804 598; x_wconf 85' lang='lat' dir='ltr'><strong>exspecto,</strong></span> <span class='ocrx_word' id='word_1_18' title='bbox 833 534 910 599; x_wconf 87' lang='lat' dir='ltr'><strong>quas</strong></span> <span class='ocrx_word' id='word_1_19' title='bbox 932 514 1083 600; x_wconf 75' lang='lat' dir='ltr'><strong>scripsisti</strong></span> <span class='ocrx_word' id='word_1_20' title='bbox 1105 524 1176 600; x_wconf 89' lang='lat' dir='ltr'><strong>post</strong></span> <span class='ocrx_word' id='word_1_21' title='bbox 1197 520 1321 580; x_wconf 89' lang='lat' dir='ltr'><strong>nuntios</strong></span> <span class='ocrx_word' id='word_1_22' title='bbox 1344 526 1464 582; x_wconf 86' lang='lat' dir='ltr'><strong>nostra·</strong></span> 
     </span>
     <span class='ocr_line' id='line_1_4' title="bbox 142 606 1465 694; baseline -0.001 -17"><span class='ocrx_word' id='word_1_23' title='bbox 142 633 214 677; x_wconf 90' lang='lat' dir='ltr'><strong>rum</strong></span> <span class='ocrx_word' id='word_1_24' title='bbox 242 631 366 683; x_wconf 90' lang='lat' dir='ltr'><strong>rerum,</strong></span> <span class='ocrx_word' id='word_1_25' title='bbox 397 619 427 673; x_wconf 91' lang='lat' dir='ltr'><strong>ct</strong></span> <span class='ocrx_word' id='word_1_26' title='bbox 449 609 488 673; x_wconf 90' lang='lat' dir='ltr'><strong>de</strong></span> <span class='ocrx_word' id='word_1_27' title='bbox 510 617 612 674; x_wconf 89' lang='lat' dir='ltr'><strong>morte</strong></span> <span class='ocrx_word' id='word_1_28' title='bbox 634 607 801 684; x_wconf 89' lang='lat' dir='ltr'><strong>Trebonii;</strong></span> <span class='ocrx_word' id='word_1_29' title='bbox 832 628 894 672; x_wconf 94' lang='lat' dir='ltr'><strong>non</strong></span> <span class='ocrx_word' id='word_1_30' title='bbox 917 608 1000 671; x_wconf 90' lang='lat' dir='ltr'><strong>enim</strong></span> <span class='ocrx_word' id='word_1_31' title='bbox 1022 606 1145 682; x_wconf 91' lang='lat' dir='ltr'><strong>dubito,</strong></span> <span class='ocrx_word' id='word_1_32' title='bbox 1169 609 1243 694; x_wconf 90' lang='lat' dir='ltr'><strong>quin</strong></span> <span class='ocrx_word' id='word_1_33' title='bbox 1264 609 1341 674; x_wconf 91' lang='lat' dir='ltr'><strong>mihi</strong></span> <span class='ocrx_word' id='word_1_34' title='bbox 1363 611 1465 676; x_wconf 90' lang='lat' dir='ltr'><strong>consi·</strong></span> 
     </span>
     <span class='ocr_line' id='line_1_5' title="bbox 141 701 1466 790; baseline -0.001 -19"><span class='ocrx_word' id='word_1_35' title='bbox 141 707 218 772; x_wconf 92' lang='lat' dir='ltr'><strong>lium</strong></span> <span class='ocrx_word' id='word_1_36' title='bbox 242 715 328 770; x_wconf 92' lang='lat' dir='ltr'><strong>tuum</strong></span> <span class='ocrx_word' id='word_1_37' title='bbox 350 703 498 788; x_wconf 79' lang='lat' dir='ltr'><strong>explices.</strong></span> <span class='ocrx_word' id='word_1_38' title='bbox 535 701 666 785; x_wconf 92' lang='lat' dir='ltr'><strong>lndigno</strong></span> <span class='ocrx_word' id='word_1_39' title='bbox 687 701 806 766; x_wconf 87' lang='lat' dir='ltr'><strong>scelere</strong></span> <span class='ocrx_word' id='word_1_40' title='bbox 823 711 855 765; x_wconf 91' lang='lat' dir='ltr'><strong>et</strong></span> <span class='ocrx_word' id='word_1_41' title='bbox 868 701 969 765; x_wconf 91' lang='lat' dir='ltr'><strong>civem</strong></span> <span class='ocrx_word' id='word_1_42' title='bbox 991 701 1144 786; x_wconf 92' lang='lat' dir='ltr'><strong>optimum</strong></span> <span class='ocrx_word' id='word_1_43' title='bbox 1166 706 1325 768; x_wconf 89' lang='lat' dir='ltr'><strong>amisimus</strong></span> <span class='ocrx_word' id='word_1_44' title='bbox 1347 715 1378 769; x_wconf 91' lang='lat' dir='ltr'><strong>et</strong></span> <span class='ocrx_word' id='word_1_45' title='bbox 1392 725 1466 790; x_wconf 90' lang='lat' dir='ltr'><strong>pro·</strong></span> 
     </span>
     <span class='ocr_line' id='line_1_6' title="bbox 142 794 1489 883; baseline -0.001 -18"><span class='ocrx_word' id='word_1_46' title='bbox 142 800 262 865; x_wconf 89' lang='lat' dir='ltr'><strong>vinciae</strong></span> <span class='ocrx_word' id='word_1_47' title='bbox 283 797 481 883; x_wconf 85' lang='lat' dir='ltr'><strong>possessione</strong></span> <span class='ocrx_word' id='word_1_48' title='bbox 503 795 584 882; x_wconf 92' lang='lat' dir='ltr'><strong>pulsi</strong></span> <span class='ocrx_word' id='word_1_49' title='bbox 606 814 729 869; x_wconf 91' lang='lat' dir='ltr'><strong>sumus,</strong></span> <span class='ocrx_word' id='word_1_50' title='bbox 753 816 846 881; x_wconf 89' lang='lat' dir='ltr'><strong>quam</strong></span> <span class='ocrx_word' id='word_1_51' title='bbox 865 799 1044 880; x_wconf 88' lang='lat' dir='ltr'><strong>recuperari</strong></span> <span class='ocrx_word' id='word_1_52' title='bbox 1067 794 1157 860; x_wconf 87' lang='lat' dir='ltr'><strong>sacile</strong></span> <span class='ocrx_word' id='word_1_53' title='bbox 1180 805 1236 860; x_wconf 89' lang='lat' dir='ltr'><strong>est.</strong></span> <span class='ocrx_word' id='word_1_54' title='bbox 1278 802 1385 883; x_wconf 83' lang='lat' dir='ltr'><strong>Neque</strong></span> <span class='ocrx_word' id='word_1_55' title='bbox 1407 799 1489 863; x_wconf 69' lang='lat' dir='ltr'><strong>nri-³</strong></span> 
     </span>
     <span class='ocr_line' id='line_1_7' title="bbox 142 887 1467 976; baseline 0.002 -20"><span class='ocrx_word' id='word_1_56' title='bbox 142 913 200 957; x_wconf 91' lang='lat' dir='ltr'><strong>nus</strong></span> <span class='ocrx_word' id='word_1_57' title='bbox 229 901 320 976; x_wconf 91' lang='lat' dir='ltr'><strong>turpe</strong></span> <span class='ocrx_word' id='word_1_58' title='bbox 342 900 395 954; x_wconf 93' lang='lat' dir='ltr'><strong>aut</strong></span> <span class='ocrx_word' id='word_1_59' title='bbox 421 888 607 973; x_wconf 86' lang='lat' dir='ltr'><strong>flagitiosum</strong></span> <span class='ocrx_word' id='word_1_60' title='bbox 630 887 705 963; x_wconf 93' lang='lat' dir='ltr'><strong>erit,</strong></span> <span class='ocrx_word' id='word_1_61' title='bbox 736 898 806 975; x_wconf 92' lang='lat' dir='ltr'><strong>post</strong></span> <span class='ocrx_word' id='word_1_62' title='bbox 828 889 1019 974; x_wconf 88' lang='lat' dir='ltr'><strong>recuperari.</strong></span> <span class='ocrx_word' id='word_1_63' title='bbox 1061 893 1091 953; x_wconf 79' lang='lat'><strong>2.</strong></span> <span class='ocrx_word' id='word_1_64' title='bbox 1120 889 1271 955; x_wconf 82' lang='lat' dir='ltr'><strong>Antonius</strong></span> <span class='ocrx_word' id='word_1_65' title='bbox 1297 891 1398 957; x_wconf 89' lang='lat' dir='ltr'><strong>adbuc</strong></span> <span class='ocrx_word' id='word_1_66' title='bbox 1419 903 1467 959; x_wconf 90' lang='lat' dir='ltr'><strong>est</strong></span> 
     </span>
     <span class='ocr_line' id='line_1_8' title="bbox 142 980 1466 1068; baseline 0.002 -19"><span class='ocrx_word' id='word_1_67' title='bbox 142 983 319 1062; x_wconf 90' lang='lat' dir='ltr'><strong>nobiscum;</strong></span> <span class='ocrx_word' id='word_1_68' title='bbox 350 981 405 1048; x_wconf 89' lang='lat' dir='ltr'><strong>sed</strong></span> <span class='ocrx_word' id='word_1_69' title='bbox 434 980 647 1047; x_wconf 84' lang='lat' dir='ltr'><strong>mediusfidius</strong></span> <span class='ocrx_word' id='word_1_70' title='bbox 674 992 705 1046; x_wconf 91' lang='lat' dir='ltr'><strong>et</strong></span> <span class='ocrx_word' id='word_1_71' title='bbox 732 1002 863 1047; x_wconf 91' lang='lat' dir='ltr'><strong>moveor</strong></span> <span class='ocrx_word' id='word_1_72' title='bbox 892 982 1027 1046; x_wconf 92' lang='lat' dir='ltr'><strong>hominis</strong></span> <span class='ocrx_word' id='word_1_73' title='bbox 1056 981 1202 1068; x_wconf 80' lang='lat' dir='ltr'><strong>precibus</strong></span> <span class='ocrx_word' id='word_1_74' title='bbox 1229 993 1260 1048; x_wconf 92' lang='lat' dir='ltr'><strong>et</strong></span> <span class='ocrx_word' id='word_1_75' title='bbox 1286 985 1396 1061; x_wconf 91' lang='lat' dir='ltr'><strong>timeo,</strong></span> <span class='ocrx_word' id='word_1_76' title='bbox 1427 1008 1466 1051; x_wconf 93' lang='lat' dir='ltr'><strong>ne</strong></span> 
     </span>
     <span class='ocr_line' id='line_1_9' title="bbox 142 1075 1465 1166; baseline 0.001 -23"><span class='ocrx_word' id='word_1_77' title='bbox 142 1079 229 1143; x_wconf 91' lang='lat' dir='ltr'><strong>iilum</strong></span> <span class='ocrx_word' id='word_1_78' title='bbox 253 1079 431 1166; x_wconf 91' lang='lat' dir='ltr'><strong>aliquorum</strong></span> <span class='ocrx_word' id='word_1_79' title='bbox 453 1075 543 1141; x_wconf 90' lang='lat' dir='ltr'><strong>suror</strong></span> <span class='ocrx_word' id='word_1_80' title='bbox 565 1075 717 1160; x_wconf 81' lang='lat' dir='ltr'><strong>excipiat;</strong></span> <span class='ocrx_word' id='word_1_81' title='bbox 740 1076 830 1162; x_wconf 91' lang='lat' dir='ltr'><strong>plane</strong></span> <span class='ocrx_word' id='word_1_82' title='bbox 853 1084 971 1140; x_wconf 90' lang='lat' dir='ltr'><strong>aestuo.</strong></span> <span class='ocrx_word' id='word_1_83' title='bbox 1016 1075 1136 1152; x_wconf 89' lang='lat' dir='ltr'><strong>Quodsi</strong></span> <span class='ocrx_word' id='word_1_84' title='bbox 1159 1076 1289 1151; x_wconf 91' lang='lat' dir='ltr'><strong>scirem,</strong></span> <span class='ocrx_word' id='word_1_85' title='bbox 1312 1077 1387 1163; x_wconf 89' lang='lat' dir='ltr'><strong>quid</strong></span> <span class='ocrx_word' id='word_1_86' title='bbox 1409 1077 1465 1144; x_wconf 91' lang='lat' dir='ltr'><strong>tibi</strong></span> 
     </span>
    </p>
   </div>
   <div class='ocr_carea' id='block_1_3' title="bbox 138 1167 1504 2662">
    <p class='ocr_par' dir='ltr' id='par_1_3' title="bbox 138 1167 1504 2662">
     <span class='ocr_line' id='line_1_10' title="bbox 142 1167 1467 1256; baseline 0.002 -22"><span class='ocrx_word' id='word_1_87' title='bbox 142 1172 292 1256; x_wconf 81' lang='lat' dir='ltr'><strong>placeret,</strong></span> <span class='ocrx_word' id='word_1_88' title='bbox 316 1172 382 1237; x_wconf 91' lang='lat' dir='ltr'><strong>sine</strong></span> <span class='ocrx_word' id='word_1_89' title='bbox 398 1167 604 1235; x_wconf 92' lang='lat' dir='ltr'><strong>sollicitudine</strong></span> <span class='ocrx_word' id='word_1_90' title='bbox 620 1190 731 1233; x_wconf 90' lang='lat' dir='ltr'><strong>essem.</strong></span> <span class='ocrx_word' id='word_1_91' title='bbox 768 1168 803 1233; x_wconf 96' lang='lat' dir='ltr'><strong>ld</strong></span> <span class='ocrx_word' id='word_1_92' title='bbox 817 1169 900 1233; x_wconf 85' lang='lat' dir='ltr'><strong>eninr</strong></span> <span class='ocrx_word' id='word_1_93' title='bbox 923 1167 1076 1254; x_wconf 91' lang='lat' dir='ltr'><strong>optimum</strong></span> <span class='ocrx_word' id='word_1_94' title='bbox 1096 1190 1164 1234; x_wconf 89' lang='lat' dir='ltr'><strong>esse</strong></span> <span class='ocrx_word' id='word_1_95' title='bbox 1187 1186 1369 1255; x_wconf 90' lang='lat' dir='ltr'><strong>persuasum</strong></span> <span class='ocrx_word' id='word_1_96' title='bbox 1385 1182 1467 1237; x_wconf 90' lang='lat' dir='ltr'><strong>esset</strong></span> 
     </span>
     <span class='ocr_line' id='line_1_11' title="bbox 141 1262 1503 1349; baseline 0.001 -21"><span class='ocrx_word' id='word_1_97' title='bbox 141 1264 229 1330; x_wconf 93' lang='lat' dir='ltr'><strong>mihi.</strong></span> <span class='ocrx_word' id='word_1_98' title='bbox 273 1267 378 1342; x_wconf 85' lang='lat' dir='ltr'><strong>Quare</strong></span> <span class='ocrx_word' id='word_1_99' title='bbox 401 1263 643 1349; x_wconf 89' lang='lat' dir='ltr'><strong>quamprimum</strong></span> <span class='ocrx_word' id='word_1_100' title='bbox 666 1263 714 1326; x_wconf 85' lang='lat' dir='ltr'><strong>lac</strong></span> <span class='ocrx_word' id='word_1_101' title='bbox 728 1283 778 1327; x_wconf 88' lang='lat' dir='ltr'><strong>me</strong></span> <span class='ocrx_word' id='word_1_102' title='bbox 800 1262 983 1337; x_wconf 76' lang='lat' dir='ltr'><strong>certiorem,</strong></span> <span class='ocrx_word' id='word_1_103' title='bbox 1007 1263 1082 1348; x_wconf 90' lang='lat' dir='ltr'><strong>quid</strong></span> <span class='ocrx_word' id='word_1_104' title='bbox 1096 1263 1153 1328; x_wconf 91' lang='lat' dir='ltr'><strong>tibi</strong></span> <span class='ocrx_word' id='word_1_105' title='bbox 1175 1263 1303 1348; x_wconf 89' lang='lat' dir='ltr'><strong>placeat.</strong></span> <span class='ocrx_word' id='word_1_106' title='bbox 1341 1269 1371 1329; x_wconf 88' lang='lat'><strong>3.</strong></span> <span class='ocrx_word' id='word_1_107' title='bbox 1394 1268 1466 1331; x_wconf 85' lang='lat' dir='ltr'><strong>Cas-</strong></span> <span class='ocrx_word' id='word_1_108' title='bbox 1477 1284 1503 1322; x_wconf 83' lang='grc' dir='ltr'><strong>ιι</strong></span> 
     </span>
     <span class='ocr_line' id='line_1_12' title="bbox 141 1354 1465 1446; baseline -0.001 -22"><span class='ocrx_word' id='word_1_109' title='bbox 141 1358 206 1424; x_wconf 92' lang='lat' dir='ltr'><strong>sius</strong></span> <span class='ocrx_word' id='word_1_110' title='bbox 228 1368 335 1424; x_wconf 90' lang='lat' dir='ltr'><strong>noster</strong></span> <span class='ocrx_word' id='word_1_111' title='bbox 357 1359 491 1446; x_wconf 72' lang='lat' dir='ltr'><strong>Syriam,</strong></span> <span class='ocrx_word' id='word_1_112' title='bbox 515 1357 653 1441; x_wconf 82' lang='lat' dir='ltr'><strong>legiones</strong></span> <span class='ocrx_word' id='word_1_113' title='bbox 673 1357 813 1444; x_wconf 72' lang='lat' dir='ltr'><strong>Syriacas</strong></span> <span class='ocrx_word' id='word_1_114' title='bbox 836 1354 944 1428; x_wconf 87' lang='lat' dir='ltr'><strong>habet,</strong></span> <span class='ocrx_word' id='word_1_115' title='bbox 967 1356 1051 1421; x_wconf 91' lang='lat' dir='ltr'><strong>ultro</strong></span> <span class='ocrx_word' id='word_1_116' title='bbox 1074 1356 1201 1442; x_wconf 89' lang='lat' dir='ltr'><strong>quidem</strong></span> <span class='ocrx_word' id='word_1_117' title='bbox 1224 1378 1241 1421; x_wconf 93' lang='lat' dir='ltr'><strong>a</strong></span> <span class='ocrx_word' id='word_1_118' title='bbox 1263 1362 1372 1422; x_wconf 84' lang='lat' dir='ltr'><strong>Murco</strong></span> <span class='ocrx_word' id='word_1_119' title='bbox 1395 1368 1465 1423; x_wconf 84' lang='lat' dir='ltr'><strong>eta</strong></span> 
     </span>
     <span class='ocr_line' id='line_1_13' title="bbox 141 1449 1465 1536; baseline -0.002 -18"><span class='ocrx_word' id='word_1_120' title='bbox 141 1452 260 1518; x_wconf 89' lang='lat' dir='ltr'><strong>ltlarcio</strong></span> <span class='ocrx_word' id='word_1_121' title='bbox 290 1461 321 1516; x_wconf 93' lang='lat' dir='ltr'><strong>et</strong></span> <span class='ocrx_word' id='word_1_122' title='bbox 342 1451 381 1516; x_wconf 93' lang='lat' dir='ltr'><strong>ab</strong></span> <span class='ocrx_word' id='word_1_123' title='bbox 404 1451 544 1517; x_wconf 81' lang='lat' dir='ltr'><strong>exercitu</strong></span> <span class='ocrx_word' id='word_1_124' title='bbox 566 1451 635 1536; x_wconf 91' lang='lat' dir='ltr'><strong>ipso</strong></span> <span class='ocrx_word' id='word_1_125' title='bbox 657 1450 834 1515; x_wconf 89' lang='lat' dir='ltr'><strong>arcessitus.</strong></span> <span class='ocrx_word' id='word_1_126' title='bbox 877 1454 943 1534; x_wconf 90' lang='lat' dir='ltr'><strong>Ego</strong></span> <span class='ocrx_word' id='word_1_127' title='bbox 966 1454 1075 1535; x_wconf 88' lang='lat' dir='ltr'><strong>scripsi</strong></span> <span class='ocrx_word' id='word_1_128' title='bbox 1104 1449 1142 1513; x_wconf 87' lang='lat' dir='ltr'><strong>ad</strong></span> <span class='ocrx_word' id='word_1_129' title='bbox 1165 1450 1300 1514; x_wconf 86' lang='lat' dir='ltr'><strong>Tertiam</strong></span> <span class='ocrx_word' id='word_1_130' title='bbox 1322 1471 1465 1516; x_wconf 91' lang='lat' dir='ltr'><strong>sororem</strong></span> 
     </span>
     <span class='ocr_line' id='line_1_14' title="bbox 141 1543 1466 1631; baseline -0.001 -20"><span class='ocrx_word' id='word_1_131' title='bbox 141 1556 173 1611; x_wconf 92' lang='lat' dir='ltr'><strong>et</strong></span> <span class='ocrx_word' id='word_1_132' title='bbox 193 1558 342 1620; x_wconf 92' lang='lat' dir='ltr'><strong>matrem,</strong></span> <span class='ocrx_word' id='word_1_133' title='bbox 365 1566 404 1609; x_wconf 93' lang='lat' dir='ltr'><strong>ne</strong></span> <span class='ocrx_word' id='word_1_134' title='bbox 426 1551 513 1631; x_wconf 90' lang='lat' dir='ltr'><strong>prius</strong></span> <span class='ocrx_word' id='word_1_135' title='bbox 536 1544 665 1609; x_wconf 81' lang='lat' dir='ltr'><strong>ederent</strong></span> <span class='ocrx_word' id='word_1_136' title='bbox 687 1544 763 1618; x_wconf 92' lang='lat' dir='ltr'><strong>hoc,</strong></span> <span class='ocrx_word' id='word_1_137' title='bbox 786 1543 872 1629; x_wconf 86' lang='lat' dir='ltr'><strong>quod</strong></span> <span class='ocrx_word' id='word_1_138' title='bbox 894 1544 1011 1629; x_wconf 92' lang='lat' dir='ltr'><strong>optime</strong></span> <span class='ocrx_word' id='word_1_139' title='bbox 1033 1565 1069 1607; x_wconf 93' lang='lat' dir='ltr'><strong>ac</strong></span> <span class='ocrx_word' id='word_1_140' title='bbox 1085 1543 1262 1608; x_wconf 81' lang='lat' dir='ltr'><strong>felicissime</strong></span> <span class='ocrx_word' id='word_1_141' title='bbox 1285 1544 1379 1628; x_wconf 91' lang='lat' dir='ltr'><strong>gessit</strong></span> <span class='ocrx_word' id='word_1_142' title='bbox 1394 1548 1466 1610; x_wconf 85' lang='lat' dir='ltr'><strong>Cas·</strong></span> 
     </span>
     <span class='ocr_line' id='line_1_15' title="bbox 144 1637 1466 1725; baseline -0.003 -20"><span class='ocrx_word' id='word_1_143' title='bbox 144 1642 224 1713; x_wconf 92' lang='lat' dir='ltr'><strong>sius,</strong></span> <span class='ocrx_word' id='word_1_144' title='bbox 254 1660 346 1725; x_wconf 90' lang='lat' dir='ltr'><strong>quam</strong></span> <span class='ocrx_word' id='word_1_145' title='bbox 376 1648 464 1704; x_wconf 92' lang='lat' dir='ltr'><strong>tuum</strong></span> <span class='ocrx_word' id='word_1_146' title='bbox 494 1638 659 1704; x_wconf 92' lang='lat' dir='ltr'><strong>consilium</strong></span> <span class='ocrx_word' id='word_1_147' title='bbox 688 1639 907 1722; x_wconf 77' lang='lat' dir='ltr'><strong>cognovissent</strong></span> <span class='ocrx_word' id='word_1_148' title='bbox 929 1637 1047 1724; x_wconf 89' lang='lat' dir='ltr'><strong>tibique</strong></span> <span class='ocrx_word' id='word_1_149' title='bbox 1073 1638 1174 1702; x_wconf 90' lang='lat' dir='ltr'><strong>visum</strong></span> <span class='ocrx_word' id='word_1_150' title='bbox 1197 1647 1288 1723; x_wconf 86' lang='lat' dir='ltr'><strong>esset.</strong></span> <span class='ocrx_word' id='word_1_151' title='bbox 1330 1643 1360 1703; x_wconf 79' lang='grc'><strong>4.</strong></span> <span class='ocrx_word' id='word_1_152' title='bbox 1390 1639 1466 1722; x_wconf 89' lang='lat' dir='ltr'><strong>Legi</strong></span> 
     </span>
     <span class='ocr_line' id='line_1_16' title="bbox 141 1730 1504 1818; baseline -0.006 -20"><span class='ocrx_word' id='word_1_153' title='bbox 141 1733 301 1798; x_wconf 88' lang='lat' dir='ltr'><strong>orationes</strong></span> <span class='ocrx_word' id='word_1_154' title='bbox 328 1730 404 1796; x_wconf 86' lang='lat' dir='ltr'><strong>duas</strong></span> <span class='ocrx_word' id='word_1_155' title='bbox 427 1743 511 1809; x_wconf 89' lang='lat' dir='ltr'><strong>tuas,</strong></span> <span class='ocrx_word' id='word_1_156' title='bbox 541 1753 676 1818; x_wconf 88' lang='lat' dir='ltr'><strong>quarum</strong></span> <span class='ocrx_word' id='word_1_157' title='bbox 704 1732 801 1797; x_wconf 89' lang='lat' dir='ltr'><strong>altera</strong></span> <span class='ocrx_word' id='word_1_158' title='bbox 822 1731 889 1795; x_wconf 88' lang='lat' dir='ltr'><strong>Kal.</strong></span> <span class='ocrx_word' id='word_1_159' title='bbox 911 1735 975 1796; x_wconf 89' lang='lat' dir='ltr'><strong>lan.</strong></span> <span class='ocrx_word' id='word_1_160' title='bbox 997 1753 1072 1796; x_wconf 89' lang='lat' dir='ltr'><strong>usus</strong></span> <span class='ocrx_word' id='word_1_161' title='bbox 1095 1752 1143 1809; x_wconf 88' lang='lat' dir='ltr'><strong>es;</strong></span> <span class='ocrx_word' id='word_1_162' title='bbox 1174 1732 1270 1796; x_wconf 88' lang='lat' dir='ltr'><strong>altera</strong></span> <span class='ocrx_word' id='word_1_163' title='bbox 1293 1730 1332 1796; x_wconf 90' lang='lat' dir='ltr'><strong>de</strong></span> <span class='ocrx_word' id='word_1_164' title='bbox 1352 1731 1504 1797; x_wconf 80' lang='lat' dir='ltr'><strong>litterisvs</strong></span> 
     </span>
     <span class='ocr_line' id='line_1_17' title="bbox 140 1823 1464 1912; baseline 0 -22"><span class='ocrx_word' id='word_1_165' title='bbox 140 1827 234 1901; x_wconf 85' lang='lat' dir='ltr'><strong>meis,</strong></span> <span class='ocrx_word' id='word_1_166' title='bbox 258 1846 338 1912; x_wconf 91' lang='lat' dir='ltr'><strong>quae</strong></span> <span class='ocrx_word' id='word_1_167' title='bbox 367 1823 470 1891; x_wconf 90' lang='lat' dir='ltr'><strong>habita</strong></span> <span class='ocrx_word' id='word_1_168' title='bbox 492 1837 540 1892; x_wconf 92' lang='lat' dir='ltr'><strong>est</strong></span> <span class='ocrx_word' id='word_1_169' title='bbox 565 1825 620 1892; x_wconf 90' lang='lat' dir='ltr'><strong>abs</strong></span> <span class='ocrx_word' id='word_1_170' title='bbox 644 1838 675 1892; x_wconf 89' lang='lat' dir='ltr'><strong>te</strong></span> <span class='ocrx_word' id='word_1_171' title='bbox 697 1836 804 1891; x_wconf 91' lang='lat' dir='ltr'><strong>contra</strong></span> <span class='ocrx_word' id='word_1_172' title='bbox 825 1825 982 1891; x_wconf 88' lang='lat' dir='ltr'><strong>Calenum.</strong></span> <span class='ocrx_word' id='word_1_173' title='bbox 1027 1831 1114 1890; x_wconf 83' lang='lat' dir='ltr'><strong>Nunc</strong></span> <span class='ocrx_word' id='word_1_174' title='bbox 1135 1826 1252 1891; x_wconf 93' lang='lat' dir='ltr'><strong>scilicet</strong></span> <span class='ocrx_word' id='word_1_175' title='bbox 1273 1825 1333 1891; x_wconf 90' lang='lat' dir='ltr'><strong>boc</strong></span> <span class='ocrx_word' id='word_1_176' title='bbox 1354 1846 1464 1911; x_wconf 84' lang='lat' dir='ltr'><strong>exspe-</strong></span> 
     </span>
     <span class='ocr_line' id='line_1_18' title="bbox 141 1918 1465 2003; baseline 0.002 -19"><span class='ocrx_word' id='word_1_177' title='bbox 141 1930 222 1997; x_wconf 91' lang='lat' dir='ltr'><strong>ctas,</strong></span> <span class='ocrx_word' id='word_1_178' title='bbox 245 1920 319 1985; x_wconf 92' lang='lat' dir='ltr'><strong>dum</strong></span> <span class='ocrx_word' id='word_1_179' title='bbox 336 1941 388 1985; x_wconf 89' lang='lat' dir='ltr'><strong>eas</strong></span> <span class='ocrx_word' id='word_1_180' title='bbox 410 1921 542 1990; x_wconf 90' lang='lat' dir='ltr'><strong>laudem.</strong></span> <span class='ocrx_word' id='word_1_181' title='bbox 578 1921 703 1994; x_wconf 83' lang='lat' dir='ltr'><strong>Nescio,</strong></span> <span class='ocrx_word' id='word_1_182' title='bbox 728 1919 825 1984; x_wconf 93' lang='lat' dir='ltr'><strong>animi</strong></span> <span class='ocrx_word' id='word_1_183' title='bbox 847 1939 884 1982; x_wconf 92' lang='lat' dir='ltr'><strong>an</strong></span> <span class='ocrx_word' id='word_1_184' title='bbox 901 1918 1018 2003; x_wconf 90' lang='lat' dir='ltr'><strong>ingenii</strong></span> <span class='ocrx_word' id='word_1_185' title='bbox 1040 1920 1085 1984; x_wconf 90' lang='lat' dir='ltr'><strong>tui</strong></span> <span class='ocrx_word' id='word_1_186' title='bbox 1107 1920 1208 1984; x_wconf 92' lang='lat' dir='ltr'><strong>maior</strong></span> <span class='ocrx_word' id='word_1_187' title='bbox 1229 1920 1261 1984; x_wconf 94' lang='lat' dir='ltr'><strong>in</strong></span> <span class='ocrx_word' id='word_1_188' title='bbox 1283 1921 1330 1986; x_wconf 92' lang='lat' dir='ltr'><strong>his</strong></span> <span class='ocrx_word' id='word_1_189' title='bbox 1351 1919 1465 1988; x_wconf 89' lang='lat' dir='ltr'><strong>libellis</strong></span> 
     </span>
     <span class='ocr_line' id='line_1_19' title="bbox 140 2013 1465 2100; baseline 0 -21"><span class='ocrx_word' id='word_1_190' title='bbox 140 2014 207 2080; x_wconf 91' lang='lat' dir='ltr'><strong>laus</strong></span> <span class='ocrx_word' id='word_1_191' title='bbox 229 2015 434 2080; x_wconf 90' lang='lat' dir='ltr'><strong>contineatur.</strong></span> <span class='ocrx_word' id='word_1_192' title='bbox 472 2021 536 2080; x_wconf 95' lang='lat' dir='ltr'><strong>lam</strong></span> <span class='ocrx_word' id='word_1_193' title='bbox 559 2013 711 2086; x_wconf 92' lang='lat' dir='ltr'><strong>concedo,</strong></span> <span class='ocrx_word' id='word_1_194' title='bbox 735 2023 769 2078; x_wconf 92' lang='lat' dir='ltr'><strong>ut</strong></span> <span class='ocrx_word' id='word_1_195' title='bbox 790 2013 838 2077; x_wconf 85' lang='lat' dir='ltr'><strong>vel</strong></span> <span class='ocrx_word' id='word_1_196' title='bbox 856 2013 1018 2099; x_wconf 86' lang='lat' dir='ltr'><strong>Philippici</strong></span> <span class='ocrx_word' id='word_1_197' title='bbox 1040 2022 1207 2088; x_wconf 88' lang='lat' dir='ltr'><strong>vocentur,</strong></span> <span class='ocrx_word' id='word_1_198' title='bbox 1230 2014 1316 2100; x_wconf 89' lang='lat' dir='ltr'><strong>quod</strong></span> <span class='ocrx_word' id='word_1_199' title='bbox 1339 2025 1371 2080; x_wconf 93' lang='lat' dir='ltr'><strong>tn</strong></span> <span class='ocrx_word' id='word_1_200' title='bbox 1387 2037 1465 2100; x_wconf 86' lang='lat' dir='ltr'><strong>qua-</strong></span> 
     </span>
     <span class='ocr_line' id='line_1_20' title="bbox 141 2105 1464 2194; baseline -0.001 -21"><span class='ocrx_word' id='word_1_201' title='bbox 141 2109 211 2173; x_wconf 90' lang='lat' dir='ltr'><strong>dam</strong></span> <span class='ocrx_word' id='word_1_202' title='bbox 234 2108 364 2194; x_wconf 89' lang='lat' dir='ltr'><strong>epistola</strong></span> <span class='ocrx_word' id='word_1_203' title='bbox 386 2109 492 2173; x_wconf 93' lang='lat' dir='ltr'><strong>iocans</strong></span> <span class='ocrx_word' id='word_1_204' title='bbox 514 2107 677 2194; x_wconf 87' lang='lat' dir='ltr'><strong>scripsisti.</strong></span> <span class='ocrx_word' id='word_1_205' title='bbox 721 2113 750 2175; x_wconf 88' lang='lat'><strong>5.</strong></span> <span class='ocrx_word' id='word_1_206' title='bbox 778 2106 906 2172; x_wconf 88' lang='lat' dir='ltr'><strong>Duabus</strong></span> <span class='ocrx_word' id='word_1_207' title='bbox 929 2105 1024 2172; x_wconf 91' lang='lat' dir='ltr'><strong>rebus</strong></span> <span class='ocrx_word' id='word_1_208' title='bbox 1047 2128 1192 2191; x_wconf 80' lang='lat' dir='ltr'><strong>egemus,</strong></span> <span class='ocrx_word' id='word_1_209' title='bbox 1216 2108 1340 2181; x_wconf 90' lang='lat' dir='ltr'><strong>Cicero,</strong></span> <span class='ocrx_word' id='word_1_210' title='bbox 1370 2129 1464 2194; x_wconf 88' lang='lat' dir='ltr'><strong>pecn-</strong></span> 
     </span>
     <span class='ocr_line' id='line_1_21' title="bbox 140 2200 1503 2290; baseline -0.004 -24"><span class='ocrx_word' id='word_1_211' title='bbox 140 2203 192 2267; x_wconf 86' lang='lat' dir='ltr'><strong>nia</strong></span> <span class='ocrx_word' id='word_1_212' title='bbox 207 2202 482 2287; x_wconf 84' lang='lat' dir='ltr'><strong>etsupplemcnto;</strong></span> <span class='ocrx_word' id='word_1_213' title='bbox 505 2223 637 2287; x_wconf 88' lang='lat' dir='ltr'><strong>quarum</strong></span> <span class='ocrx_word' id='word_1_214' title='bbox 660 2200 757 2266; x_wconf 88' lang='lat' dir='ltr'><strong>altera</strong></span> <span class='ocrx_word' id='word_1_215' title='bbox 781 2210 883 2290; x_wconf 90' lang='lat' dir='ltr'><strong>potest</strong></span> <span class='ocrx_word' id='word_1_216' title='bbox 904 2200 1006 2265; x_wconf 87' lang='lat' dir='ltr'><strong>abste</strong></span> <span class='ocrx_word' id='word_1_217' title='bbox 1029 2200 1189 2286; x_wconf 84' lang='lat' dir='ltr'><strong>expediri,</strong></span> <span class='ocrx_word' id='word_1_218' title='bbox 1212 2214 1246 2265; x_wconf 93' lang='lat' dir='ltr'><strong>ut</strong></span> <span class='ocrx_word' id='word_1_219' title='bbox 1267 2202 1370 2288; x_wconf 90' lang='lat' dir='ltr'><strong>aliqua</strong></span> <span class='ocrx_word' id='word_1_220' title='bbox 1393 2217 1503 2287; x_wconf 75' lang='lat' dir='ltr'><strong>pars-to</strong></span> 
     </span>
     <span class='ocr_line' id='line_1_22' title="bbox 140 2293 1464 2370; baseline 0 -11"><span class='ocrx_word' id='word_1_221' title='bbox 140 2296 274 2360; x_wconf 92' lang='lat' dir='ltr'><strong>militum</strong></span> <span class='ocrx_word' id='word_1_222' title='bbox 302 2295 393 2360; x_wconf 90' lang='lat' dir='ltr'><strong>istinc</strong></span> <span class='ocrx_word' id='word_1_223' title='bbox 415 2295 555 2359; x_wconf 91' lang='lat' dir='ltr'><strong>mittatur</strong></span> <span class='ocrx_word' id='word_1_224' title='bbox 576 2293 682 2370; x_wconf 90' lang='lat' dir='ltr'><strong>nobis,</strong></span> <span class='ocrx_word' id='word_1_225' title='bbox 713 2296 762 2360; x_wconf 92' lang='lat' dir='ltr'><strong>vel</strong></span> <span class='ocrx_word' id='word_1_226' title='bbox 785 2304 906 2359; x_wconf 89' lang='lat' dir='ltr'><strong>secreto</strong></span> <span class='ocrx_word' id='word_1_227' title='bbox 929 2295 1061 2359; x_wconf 88' lang='lat' dir='ltr'><strong>consilio</strong></span> <span class='ocrx_word' id='word_1_228' title='bbox 1090 2294 1241 2359; x_wconf 87' lang='lat' dir='ltr'><strong>adversus</strong></span> <span class='ocrx_word' id='word_1_229' title='bbox 1263 2298 1393 2360; x_wconf 90' lang='lat' dir='ltr'><strong>Pansam</strong></span> <span class='ocrx_word' id='word_1_230' title='bbox 1416 2295 1464 2359; x_wconf 89' lang='lat' dir='ltr'><strong>vel</strong></span> 
     </span>
     <span class='ocr_line' id='line_1_23' title="bbox 141 2387 1463 2474; baseline 0 -22"><span class='ocrx_word' id='word_1_231' title='bbox 141 2389 262 2453; x_wconf 90' lang='lat' dir='ltr'><strong>actione</strong></span> <span class='ocrx_word' id='word_1_232' title='bbox 290 2388 322 2452; x_wconf 94' lang='lat' dir='ltr'><strong>in</strong></span> <span class='ocrx_word' id='word_1_233' title='bbox 344 2397 469 2465; x_wconf 90' lang='lat' dir='ltr'><strong>senatu;</strong></span> <span class='ocrx_word' id='word_1_234' title='bbox 499 2387 612 2463; x_wconf 87' lang='lat' dir='ltr'><strong>altera,</strong></span> <span class='ocrx_word' id='word_1_235' title='bbox 641 2410 719 2474; x_wconf 89' lang='lat' dir='ltr'><strong>quae</strong></span> <span class='ocrx_word' id='word_1_236' title='bbox 741 2389 839 2473; x_wconf 92' lang='lat' dir='ltr'><strong>magis</strong></span> <span class='ocrx_word' id='word_1_237' title='bbox 862 2398 909 2453; x_wconf 87' lang='lat' dir='ltr'><strong>est</strong></span> <span class='ocrx_word' id='word_1_238' title='bbox 930 2389 1121 2464; x_wconf 89' lang='lat' dir='ltr'><strong>neccssaria,</strong></span> <span class='ocrx_word' id='word_1_239' title='bbox 1151 2410 1254 2474; x_wconf 90' lang='lat' dir='ltr'><strong>neque</strong></span> <span class='ocrx_word' id='word_1_240' title='bbox 1280 2410 1352 2454; x_wconf 90' lang='lat' dir='ltr'><strong>meo</strong></span> <span class='ocrx_word' id='word_1_241' title='bbox 1374 2410 1463 2453; x_wconf 79' lang='lat' dir='ltr'><strong>exer·</strong></span> 
     </span>
     <span class='ocr_line' id='line_1_24' title="bbox 138 2480 1463 2567; baseline -0.002 -21"><span class='ocrx_word' id='word_1_242' title='bbox 138 2482 216 2546; x_wconf 91' lang='lat' dir='ltr'><strong>citui</strong></span> <span class='ocrx_word' id='word_1_243' title='bbox 237 2483 335 2567; x_wconf 90' lang='lat' dir='ltr'><strong>magis</strong></span> <span class='ocrx_word' id='word_1_244' title='bbox 364 2503 457 2567; x_wconf 88' lang='lat' dir='ltr'><strong>qnam</strong></span> <span class='ocrx_word' id='word_1_245' title='bbox 479 2481 685 2567; x_wconf 90' lang='lat' dir='ltr'><strong>reliquorum.</strong></span> <span class='ocrx_word' id='word_1_246' title='bbox 728 2487 796 2547; x_wconf 88' lang='lat' dir='ltr'><strong>lloc</strong></span> <span class='ocrx_word' id='word_1_247' title='bbox 823 2483 921 2567; x_wconf 89' lang='lat' dir='ltr'><strong>magis</strong></span> <span class='ocrx_word' id='word_1_248' title='bbox 943 2482 1036 2547; x_wconf 91' lang='lat' dir='ltr'><strong>doleo</strong></span> <span class='ocrx_word' id='word_1_249' title='bbox 1059 2483 1162 2548; x_wconf 80' lang='lat' dir='ltr'><strong>Asiam</strong></span> <span class='ocrx_word' id='word_1_250' title='bbox 1184 2486 1197 2511; x_wconf 83' lang='lat'><strong>*</strong></span> <span class='ocrx_word' id='word_1_251' title='bbox 1219 2487 1232 2511; x_wconf 79' lang='lat'><strong>*</strong></span> <span class='ocrx_word' id='word_1_252' title='bbox 1253 2491 1284 2546; x_wconf 93' lang='lat' dir='ltr'><strong>at</strong></span> <span class='ocrx_word' id='word_1_253' title='bbox 1305 2481 1336 2545; x_wconf 92' lang='lat' dir='ltr'><strong>in</strong></span> <span class='ocrx_word' id='word_1_254' title='bbox 1358 2480 1463 2545; x_wconf 78' lang='lat' dir='ltr'><strong>Asiam</strong></span> 
     </span>
     <span class='ocr_line' id='line_1_25' title="bbox 140 2574 1434 2662; baseline -0.002 -22"><span class='ocrx_word' id='word_1_255' title='bbox 140 2595 253 2640; x_wconf 88' lang='lat' dir='ltr'><strong>censeo</strong></span> <span class='ocrx_word' id='word_1_256' title='bbox 274 2574 536 2662; x_wconf 88' lang='lat' dir='ltr'><strong>persequendum.</strong></span> <span class='ocrx_word' id='word_1_257' title='bbox 582 2575 664 2641; x_wconf 85' lang='lat' dir='ltr'><strong>Nihil</strong></span> <span class='ocrx_word' id='word_1_258' title='bbox 687 2576 761 2640; x_wconf 90' lang='lat' dir='ltr'><strong>mibi</strong></span> <span class='ocrx_word' id='word_1_259' title='bbox 784 2575 898 2641; x_wconf 89' lang='lat' dir='ltr'><strong>videris</strong></span> <span class='ocrx_word' id='word_1_260' title='bbox 921 2576 980 2641; x_wconf 90' lang='lat' dir='ltr'><strong>boc</strong></span> <span class='ocrx_word' id='word_1_261' title='bbox 1002 2585 1144 2662; x_wconf 90' lang='lat' dir='ltr'><strong>tempore</strong></span> <span class='ocrx_word' id='word_1_262' title='bbox 1167 2575 1278 2641; x_wconf 89' lang='lat' dir='ltr'><strong>melius</strong></span> <span class='ocrx_word' id='word_1_263' title='bbox 1299 2585 1434 2639; x_wconf 90' lang='lat' dir='ltr'><strong>acturus.</strong></span> 
     </span>
    </p>
   </div>
   <div class='ocr_carea' id='block_1_4' title="bbox 579 2719 1501 2784">
    <p class='ocr_par' dir='ltr' id='par_1_4' title="bbox 579 2719 1501 2784">
     <span class='ocr_line' id='line_1_26' title="bbox 579 2719 1501 2784; baseline 0.004 -4"><span class='ocrx_word' id='word_1_264' title='bbox 579 2719 626 2781; x_wconf 81' lang='lat' dir='ltr'><strong>l&#39;l.</strong></span> <span class='ocrx_word' id='word_1_265' title='bbox 671 2719 814 2784; x_wconf 81' lang='lat' dir='ltr'>CICERO</span> <span class='ocrx_word' id='word_1_266' title='bbox 835 2720 965 2782; x_wconf 84' lang='lat' dir='ltr'>BRUTO</span> <span class='ocrx_word' id='word_1_267' title='bbox 995 2721 1026 2782; x_wconf 90' lang='lat' dir='ltr'><strong>S.</strong></span> <span class='ocrx_word' id='word_1_268' title='bbox 1087 2757 1092 2764; x_wconf 92' lang='lat'><em>·</em></span> <span class='ocrx_word' id='word_1_269' title='bbox 1472 2737 1501 2784; x_wconf 73' lang='grc' dir='ltr'>ιι</span> 
     </span>
    </p>
   </div>
   <div class='ocr_carea' id='block_1_5' title="bbox 139 2834 1501 4425">
    <p class='ocr_par' dir='ltr' id='par_1_5' title="bbox 139 2834 1501 4425">
     <span class='ocr_line' id='line_1_27' title="bbox 227 2834 1464 2924; baseline 0.002 -23"><span class='ocrx_word' id='word_1_270' title='bbox 227 2840 255 2902; x_wconf 84' lang='grc'><strong>1.</strong></span> <span class='ocrx_word' id='word_1_271' title='bbox 285 2837 377 2914; x_wconf 92' lang='lat' dir='ltr'><strong>Quod</strong></span> <span class='ocrx_word' id='word_1_272' title='bbox 400 2857 494 2923; x_wconf 86' lang='lat' dir='ltr'><strong>cgere</strong></span> <span class='ocrx_word' id='word_1_273' title='bbox 516 2847 546 2902; x_wconf 92' lang='lat' dir='ltr'><strong>te</strong></span> <span class='ocrx_word' id='word_1_274' title='bbox 568 2837 689 2902; x_wconf 91' lang='lat' dir='ltr'><strong>duabus</strong></span> <span class='ocrx_word' id='word_1_275' title='bbox 711 2838 895 2903; x_wconf 83' lang='lat' dir='ltr'><strong>necessariis</strong></span> <span class='ocrx_word' id='word_1_276' title='bbox 916 2834 1013 2901; x_wconf 89' lang='lat' dir='ltr'><strong>rebus</strong></span> <span class='ocrx_word' id='word_1_277' title='bbox 1035 2835 1161 2912; x_wconf 90' lang='lat' dir='ltr'><strong>scribis,</strong></span> <span class='ocrx_word' id='word_1_278' title='bbox 1192 2837 1409 2924; x_wconf 86' lang='lat' dir='ltr'><strong>supplemento</strong></span> <span class='ocrx_word' id='word_1_279' title='bbox 1432 2848 1464 2903; x_wconf 93' lang='lat' dir='ltr'><strong>et</strong></span> 
     </span>
     <span class='ocr_line' id='line_1_28' title="bbox 140 2930 1460 3019; baseline 0 -22"><span class='ocrx_word' id='word_1_280' title='bbox 140 2931 287 3019; x_wconf 87' lang='lat' dir='ltr'><strong>pecunia,</strong></span> <span class='ocrx_word' id='word_1_281' title='bbox 318 2930 442 2996; x_wconf 85' lang='lat' dir='ltr'><strong>difficile</strong></span> <span class='ocrx_word' id='word_1_282' title='bbox 473 2931 638 2996; x_wconf 91' lang='lat' dir='ltr'><strong>consilium</strong></span> <span class='ocrx_word' id='word_1_283' title='bbox 666 2941 723 2997; x_wconf 87' lang='lat' dir='ltr'><strong>est.</strong></span> <span class='ocrx_word' id='word_1_284' title='bbox 774 2936 842 2997; x_wconf 90' lang='lat' dir='ltr'><strong>Non</strong></span> <span class='ocrx_word' id='word_1_285' title='bbox 870 2932 952 2996; x_wconf 90' lang='lat' dir='ltr'><strong>enim</strong></span> <span class='ocrx_word' id='word_1_286' title='bbox 982 2931 1057 2996; x_wconf 90' lang='lat' dir='ltr'><strong>mibi</strong></span> <span class='ocrx_word' id='word_1_287' title='bbox 1087 2942 1257 2997; x_wconf 90' lang='lat' dir='ltr'><strong>occurrunt</strong></span> <span class='ocrx_word' id='word_1_288' title='bbox 1284 2930 1460 3008; x_wconf 78' lang='lat' dir='ltr'><strong>facultates,</strong></span> 
     </span>
     <span class='ocr_line' id='line_1_29' title="bbox 140 3024 1463 3112; baseline 0 -22"><span class='ocrx_word' id='word_1_289' title='bbox 140 3025 256 3112; x_wconf 86' lang='lat' dir='ltr'><strong>quibus</strong></span> <span class='ocrx_word' id='word_1_290' title='bbox 277 3025 322 3089; x_wconf 94' lang='lat' dir='ltr'><strong>uti</strong></span> <span class='ocrx_word' id='word_1_291' title='bbox 343 3035 374 3088; x_wconf 92' lang='lat' dir='ltr'><strong>te</strong></span> <span class='ocrx_word' id='word_1_292' title='bbox 396 3045 489 3110; x_wconf 90' lang='lat' dir='ltr'><strong>posse</strong></span> <span class='ocrx_word' id='word_1_293' title='bbox 511 3024 651 3100; x_wconf 93' lang='lat' dir='ltr'><strong>videam,</strong></span> <span class='ocrx_word' id='word_1_294' title='bbox 674 3033 798 3110; x_wconf 88' lang='lat' dir='ltr'><strong>praeter</strong></span> <span class='ocrx_word' id='word_1_295' title='bbox 819 3026 905 3099; x_wconf 93' lang='lat' dir='ltr'><strong>illas,</strong></span> <span class='ocrx_word' id='word_1_296' title='bbox 929 3045 1005 3111; x_wconf 89' lang='lat' dir='ltr'><strong>quas</strong></span> <span class='ocrx_word' id='word_1_297' title='bbox 1028 3035 1150 3091; x_wconf 89' lang='lat' dir='ltr'><strong>senatus</strong></span> <span class='ocrx_word' id='word_1_298' title='bbox 1173 3025 1329 3100; x_wconf 88' lang='lat' dir='ltr'><strong>decrevit,</strong></span> <span class='ocrx_word' id='word_1_299' title='bbox 1354 3034 1388 3090; x_wconf 89' lang='lat' dir='ltr'><strong>nt</strong></span> <span class='ocrx_word' id='word_1_300' title='bbox 1409 3044 1463 3111; x_wconf 87' lang='lat' dir='ltr'><strong>pe·</strong></span> 
     </span>
     <span class='ocr_line' id='line_1_30' title="bbox 139 3117 1461 3204; baseline 0 -20"><span class='ocrx_word' id='word_1_301' title='bbox 139 3119 247 3184; x_wconf 89' lang='lat' dir='ltr'><strong>ennias</strong></span> <span class='ocrx_word' id='word_1_302' title='bbox 268 3139 286 3181; x_wconf 94' lang='lat' dir='ltr'><strong>a</strong></span> <span class='ocrx_word' id='word_1_303' title='bbox 308 3117 484 3182; x_wconf 87' lang='lat' dir='ltr'><strong>civitatibus</strong></span> <span class='ocrx_word' id='word_1_304' title='bbox 506 3127 628 3184; x_wconf 87' lang='lat' dir='ltr'><strong>mutuas</strong></span> <span class='ocrx_word' id='word_1_305' title='bbox 649 3139 800 3182; x_wconf 89' lang='lat' dir='ltr'><strong>sumeres.</strong></span> <span class='ocrx_word' id='word_1_306' title='bbox 843 3123 889 3183; x_wconf 88' lang='lat' dir='ltr'><strong>De</strong></span> <span class='ocrx_word' id='word_1_307' title='bbox 912 3119 1128 3204; x_wconf 84' lang='lat' dir='ltr'><strong>supplemento</strong></span> <span class='ocrx_word' id='word_1_308' title='bbox 1151 3129 1253 3184; x_wconf 82' lang='lat' dir='ltr'><strong>antem</strong></span> <span class='ocrx_word' id='word_1_309' title='bbox 1284 3139 1346 3183; x_wconf 92' lang='lat' dir='ltr'><strong>non</strong></span> <span class='ocrx_word' id='word_1_310' title='bbox 1367 3118 1461 3184; x_wconf 91' lang='lat' dir='ltr'><strong>video</strong></span> 
     </span>
     <span class='ocr_line' id='line_1_31' title="bbox 141 3210 1501 3298; baseline -0.001 -21"><span class='ocrx_word' id='word_1_311' title='bbox 141 3212 216 3298; x_wconf 85' lang='lat' dir='ltr'><strong>quid</strong></span> <span class='ocrx_word' id='word_1_312' title='bbox 239 3211 306 3275; x_wconf 85' lang='lat' dir='ltr'><strong>lieri</strong></span> <span class='ocrx_word' id='word_1_313' title='bbox 329 3212 438 3297; x_wconf 91' lang='lat' dir='ltr'><strong>possit.</strong></span> <span class='ocrx_word' id='word_1_314' title='bbox 483 3216 614 3276; x_wconf 88' lang='lat' dir='ltr'><strong>Tantum</strong></span> <span class='ocrx_word' id='word_1_315' title='bbox 637 3212 721 3276; x_wconf 94' lang='lat' dir='ltr'><strong>enim</strong></span> <span class='ocrx_word' id='word_1_316' title='bbox 742 3210 845 3287; x_wconf 91' lang='lat' dir='ltr'><strong>abest,</strong></span> <span class='ocrx_word' id='word_1_317' title='bbox 868 3222 903 3277; x_wconf 92' lang='lat' dir='ltr'><strong>ut</strong></span> <span class='ocrx_word' id='word_1_318' title='bbox 917 3216 1015 3276; x_wconf 88' lang='lat' dir='ltr'><strong>Pansa</strong></span> <span class='ocrx_word' id='word_1_319' title='bbox 1036 3213 1075 3277; x_wconf 94' lang='lat' dir='ltr'><strong>de</strong></span> <span class='ocrx_word' id='word_1_320' title='bbox 1093 3213 1233 3277; x_wconf 81' lang='lat' dir='ltr'><strong>exercitu</strong></span> <span class='ocrx_word' id='word_1_321' title='bbox 1255 3232 1313 3277; x_wconf 92' lang='lat' dir='ltr'><strong>suo</strong></span> <span class='ocrx_word' id='word_1_322' title='bbox 1335 3221 1389 3278; x_wconf 92' lang='lat' dir='ltr'><strong>ant</strong></span> <span class='ocrx_word' id='word_1_323' title='bbox 1410 3212 1464 3277; x_wconf 87' lang='lat' dir='ltr'><strong>de·</strong></span> <span class='ocrx_word' id='word_1_324' title='bbox 1472 3232 1501 3277; x_wconf 86' lang='grc' dir='ltr'><strong>ιι</strong></span> 
     </span>
     <span class='ocr_line' id='line_1_32' title="bbox 140 3304 1463 3391; baseline -0.002 -19"><span class='ocrx_word' id='word_1_325' title='bbox 140 3307 222 3372; x_wconf 89' lang='lat' dir='ltr'><strong>lectu</strong></span> <span class='ocrx_word' id='word_1_326' title='bbox 251 3304 306 3370; x_wconf 92' lang='lat' dir='ltr'><strong>tibi</strong></span> <span class='ocrx_word' id='word_1_327' title='bbox 329 3304 447 3391; x_wconf 87' lang='lat' dir='ltr'><strong>aliquid</strong></span> <span class='ocrx_word' id='word_1_328' title='bbox 477 3304 608 3380; x_wconf 91' lang='lat' dir='ltr'><strong>tribuat,</strong></span> <span class='ocrx_word' id='word_1_329' title='bbox 639 3314 673 3369; x_wconf 95' lang='lat' dir='ltr'><strong>ut</strong></span> <span class='ocrx_word' id='word_1_330' title='bbox 695 3305 787 3370; x_wconf 90' lang='lat' dir='ltr'><strong>etiam</strong></span> <span class='ocrx_word' id='word_1_331' title='bbox 810 3306 941 3370; x_wconf 89' lang='lat' dir='ltr'><strong>moleste</strong></span> <span class='ocrx_word' id='word_1_332' title='bbox 963 3304 1057 3378; x_wconf 89' lang='lat' dir='ltr'><strong>serat,</strong></span> <span class='ocrx_word' id='word_1_333' title='bbox 1078 3318 1141 3371; x_wconf 89' lang='lat' dir='ltr'><strong>tam</strong></span> <span class='ocrx_word' id='word_1_334' title='bbox 1163 3306 1278 3371; x_wconf 89' lang='lat' dir='ltr'><strong>multos</strong></span> <span class='ocrx_word' id='word_1_335' title='bbox 1300 3304 1340 3370; x_wconf 94' lang='lat' dir='ltr'><strong>ad</strong></span> <span class='ocrx_word' id='word_1_336' title='bbox 1363 3315 1392 3370; x_wconf 88' lang='lat' dir='ltr'><strong>te</strong></span> <span class='ocrx_word' id='word_1_337' title='bbox 1414 3305 1463 3370; x_wconf 90' lang='lat' dir='ltr'><strong>ire</strong></span> 
     </span>
     <span class='ocr_line' id='line_1_33' title="bbox 141 3396 1464 3486; baseline -0.001 -21"><span class='ocrx_word' id='word_1_338' title='bbox 141 3399 348 3476; x_wconf 82' lang='lat' dir='ltr'><strong>voluntarios;</strong></span> <span class='ocrx_word' id='word_1_339' title='bbox 381 3397 541 3486; x_wconf 92' lang='lat' dir='ltr'><strong>quomodo</strong></span> <span class='ocrx_word' id='word_1_340' title='bbox 569 3396 714 3484; x_wconf 89' lang='lat' dir='ltr'><strong>equidem</strong></span> <span class='ocrx_word' id='word_1_341' title='bbox 743 3398 855 3473; x_wconf 89' lang='lat' dir='ltr'><strong>credo,</strong></span> <span class='ocrx_word' id='word_1_342' title='bbox 884 3398 969 3484; x_wconf 85' lang='lat' dir='ltr'><strong>quod</strong></span> <span class='ocrx_word' id='word_1_343' title='bbox 999 3399 1047 3463; x_wconf 90' lang='lat' dir='ltr'><strong>bis</strong></span> <span class='ocrx_word' id='word_1_344' title='bbox 1076 3399 1186 3474; x_wconf 89' lang='lat' dir='ltr'><strong>rebus,</strong></span> <span class='ocrx_word' id='word_1_345' title='bbox 1216 3420 1296 3486; x_wconf 87' lang='lat' dir='ltr'><strong>quae</strong></span> <span class='ocrx_word' id='word_1_346' title='bbox 1322 3399 1354 3463; x_wconf 94' lang='lat' dir='ltr'><strong>in</strong></span> <span class='ocrx_word' id='word_1_347' title='bbox 1376 3398 1464 3465; x_wconf 86' lang='lat' dir='ltr'><strong>ltalia</strong></span> 
     </span>
     <span class='ocr_line' id='line_1_34' title="bbox 140 3490 1463 3579; baseline -0.002 -21"><span class='ocrx_word' id='word_1_348' title='bbox 140 3493 366 3567; x_wconf 89' lang='lat' dir='ltr'><strong>decernuntur,</strong></span> <span class='ocrx_word' id='word_1_349' title='bbox 397 3492 497 3558; x_wconf 93' lang='lat' dir='ltr'><strong>nullas</strong></span> <span class='ocrx_word' id='word_1_350' title='bbox 525 3493 632 3579; x_wconf 89' lang='lat' dir='ltr'><strong>copias</strong></span> <span class='ocrx_word' id='word_1_351' title='bbox 654 3492 747 3556; x_wconf 90' lang='lat' dir='ltr'><strong>nimis</strong></span> <span class='ocrx_word' id='word_1_352' title='bbox 768 3513 895 3574; x_wconf 89' lang='lat' dir='ltr'><strong>magnas</strong></span> <span class='ocrx_word' id='word_1_353' title='bbox 918 3512 986 3556; x_wconf 87' lang='lat' dir='ltr'><strong>esse</strong></span> <span class='ocrx_word' id='word_1_354' title='bbox 1008 3490 1195 3557; x_wconf 90' lang='lat' dir='ltr'><strong>arbitretur:</strong></span> <span class='ocrx_word' id='word_1_355' title='bbox 1224 3492 1385 3578; x_wconf 86' lang='lat' dir='ltr'><strong>quomodo</strong></span> <span class='ocrx_word' id='word_1_356' title='bbox 1407 3512 1463 3556; x_wconf 91' lang='lat' dir='ltr'><strong>au·</strong></span> 
     </span>
     <span class='ocr_line' id='line_1_35' title="bbox 140 3585 1462 3673; baseline 0 -23"><span class='ocrx_word' id='word_1_357' title='bbox 140 3597 204 3653; x_wconf 84' lang='lat' dir='ltr'><strong>tem</strong></span> <span class='ocrx_word' id='word_1_358' title='bbox 225 3586 313 3651; x_wconf 91' lang='lat' dir='ltr'><strong>multi</strong></span> <span class='ocrx_word' id='word_1_359' title='bbox 336 3585 548 3672; x_wconf 85' lang='lat' dir='ltr'><strong>suspicantur,</strong></span> <span class='ocrx_word' id='word_1_360' title='bbox 571 3605 610 3650; x_wconf 88' lang='lat' dir='ltr'><strong>ne</strong></span> <span class='ocrx_word' id='word_1_361' title='bbox 631 3585 805 3670; x_wconf 90' lang='lat' dir='ltr'><strong>tequidem</strong></span> <span class='ocrx_word' id='word_1_362' title='bbox 828 3585 920 3650; x_wconf 90' lang='lat' dir='ltr'><strong>nimis</strong></span> <span class='ocrx_word' id='word_1_363' title='bbox 942 3585 1067 3650; x_wconf 87' lang='lat' dir='ltr'><strong>firmum</strong></span> <span class='ocrx_word' id='word_1_364' title='bbox 1089 3608 1158 3651; x_wconf 86' lang='lat' dir='ltr'><strong>esse</strong></span> <span class='ocrx_word' id='word_1_365' title='bbox 1179 3586 1272 3664; x_wconf 90' lang='lat' dir='ltr'><strong>velit;</strong></span> <span class='ocrx_word' id='word_1_366' title='bbox 1296 3585 1381 3673; x_wconf 86' lang='lat' dir='ltr'><strong>quod</strong></span> <span class='ocrx_word' id='word_1_367' title='bbox 1402 3605 1462 3670; x_wconf 89' lang='lat' dir='ltr'><strong>ego</strong></span> 
     </span>
     <span class='ocr_line' id='line_1_36' title="bbox 140 3677 1500 3766; baseline -0.002 -20"><span class='ocrx_word' id='word_1_368' title='bbox 140 3701 203 3747; x_wconf 95' lang='lat' dir='ltr'><strong>non</strong></span> <span class='ocrx_word' id='word_1_369' title='bbox 225 3680 376 3765; x_wconf 88' lang='lat' dir='ltr'><strong>suspicor.</strong></span> <span class='ocrx_word' id='word_1_370' title='bbox 419 3684 449 3745; x_wconf 81' lang='lat'><strong>2.</strong></span> <span class='ocrx_word' id='word_1_371' title='bbox 473 3679 567 3757; x_wconf 89' lang='lat' dir='ltr'><strong>Quod</strong></span> <span class='ocrx_word' id='word_1_372' title='bbox 581 3677 710 3753; x_wconf 90' lang='lat' dir='ltr'><strong>scribis,</strong></span> <span class='ocrx_word' id='word_1_373' title='bbox 733 3688 764 3744; x_wconf 90' lang='lat' dir='ltr'><strong>to</strong></span> <span class='ocrx_word' id='word_1_374' title='bbox 786 3678 824 3743; x_wconf 91' lang='lat' dir='ltr'><strong>ad</strong></span> <span class='ocrx_word' id='word_1_375' title='bbox 841 3683 979 3745; x_wconf 88' lang='lat' dir='ltr'><strong>Tertiam</strong></span> <span class='ocrx_word' id='word_1_376' title='bbox 1002 3701 1144 3746; x_wconf 88' lang='lat' dir='ltr'><strong>sororem</strong></span> <span class='ocrx_word' id='word_1_377' title='bbox 1167 3680 1341 3766; x_wconf 86' lang='lat' dir='ltr'><strong>scripsisse,</strong></span> <span class='ocrx_word' id='word_1_378' title='bbox 1366 3686 1401 3743; x_wconf 91' lang='lat' dir='ltr'><strong>nt</strong></span> <span class='ocrx_word' id='word_1_379' title='bbox 1422 3699 1462 3743; x_wconf 88' lang='lat' dir='ltr'><strong>ne</strong></span> <span class='ocrx_word' id='word_1_380' title='bbox 1472 3699 1500 3743; x_wconf 84' lang='grc' dir='ltr'><strong>ιι</strong></span> 
     </span>
     <span class='ocr_line' id='line_1_37' title="bbox 140 3773 1462 3861; baseline 0 -23"><span class='ocrx_word' id='word_1_381' title='bbox 140 3774 227 3858; x_wconf 84' lang='lat' dir='ltr'><strong>prius</strong></span> <span class='ocrx_word' id='word_1_382' title='bbox 256 3773 385 3838; x_wconf 85' lang='lat' dir='ltr'><strong>ederent</strong></span> <span class='ocrx_word' id='word_1_383' title='bbox 406 3793 459 3848; x_wconf 87' lang='lat' dir='ltr'><strong>ea,</strong></span> <span class='ocrx_word' id='word_1_384' title='bbox 489 3794 570 3859; x_wconf 90' lang='lat' dir='ltr'><strong>quae</strong></span> <span class='ocrx_word' id='word_1_385' title='bbox 599 3783 685 3859; x_wconf 87' lang='lat' dir='ltr'><strong>gesta</strong></span> <span class='ocrx_word' id='word_1_386' title='bbox 706 3794 724 3837; x_wconf 88' lang='lat' dir='ltr'><strong>a</strong></span> <span class='ocrx_word' id='word_1_387' title='bbox 747 3774 853 3839; x_wconf 87' lang='lat' dir='ltr'><strong>Cassio</strong></span> <span class='ocrx_word' id='word_1_388' title='bbox 875 3782 993 3849; x_wconf 89' lang='lat' dir='ltr'><strong>essent,</strong></span> <span class='ocrx_word' id='word_1_389' title='bbox 1024 3796 1117 3861; x_wconf 88' lang='lat' dir='ltr'><strong>quam</strong></span> <span class='ocrx_word' id='word_1_390' title='bbox 1139 3774 1214 3839; x_wconf 91' lang='lat' dir='ltr'><strong>mibi</strong></span> <span class='ocrx_word' id='word_1_391' title='bbox 1237 3774 1337 3839; x_wconf 89' lang='lat' dir='ltr'><strong>visum</strong></span> <span class='ocrx_word' id='word_1_392' title='bbox 1365 3782 1462 3847; x_wconf 92' lang='lat' dir='ltr'><strong>esset,</strong></span> 
     </span>
     <span class='ocr_line' id='line_1_38' title="bbox 140 3865 1463 3953; baseline -0.002 -23"><span class='ocrx_word' id='word_1_393' title='bbox 140 3865 233 3931; x_wconf 90' lang='lat' dir='ltr'><strong>video</strong></span> <span class='ocrx_word' id='word_1_394' title='bbox 255 3875 285 3931; x_wconf 91' lang='lat' dir='ltr'><strong>te</strong></span> <span class='ocrx_word' id='word_1_395' title='bbox 306 3867 441 3932; x_wconf 91' lang='lat' dir='ltr'><strong>veritum</strong></span> <span class='ocrx_word' id='word_1_396' title='bbox 463 3886 532 3931; x_wconf 89' lang='lat' dir='ltr'><strong>esse</strong></span> <span class='ocrx_word' id='word_1_397' title='bbox 553 3866 603 3942; x_wconf 89' lang='lat' dir='ltr'><strong>id,</strong></span> <span class='ocrx_word' id='word_1_398' title='bbox 626 3865 710 3953; x_wconf 86' lang='lat' dir='ltr'><strong>quod</strong></span> <span class='ocrx_word' id='word_1_399' title='bbox 732 3867 905 3931; x_wconf 88' lang='lat' dir='ltr'><strong>verendum</strong></span> <span class='ocrx_word' id='word_1_400' title='bbox 927 3867 1000 3940; x_wconf 87' lang='lat' dir='ltr'><strong>suit,</strong></span> <span class='ocrx_word' id='word_1_401' title='bbox 1023 3889 1062 3933; x_wconf 91' lang='lat' dir='ltr'><strong>ne</strong></span> <span class='ocrx_word' id='word_1_402' title='bbox 1085 3867 1179 3933; x_wconf 92' lang='lat' dir='ltr'><strong>animi</strong></span> <span class='ocrx_word' id='word_1_403' title='bbox 1202 3870 1337 3952; x_wconf 89' lang='lat' dir='ltr'><strong>partium</strong></span> <span class='ocrx_word' id='word_1_404' title='bbox 1353 3869 1463 3932; x_wconf 90' lang='lat' dir='ltr'><strong>Caesa·</strong></span> 
     </span>
     <span class='ocr_line' id='line_1_39' title="bbox 140 3959 1462 4046; baseline -0.002 -22"><span class='ocrx_word' id='word_1_405' title='bbox 140 3959 202 4034; x_wconf 89' lang='lat' dir='ltr'><strong>ris,</strong></span> <span class='ocrx_word' id='word_1_406' title='bbox 223 3960 383 4046; x_wconf 92' lang='lat' dir='ltr'><strong>quomodo</strong></span> <span class='ocrx_word' id='word_1_407' title='bbox 404 3960 582 4024; x_wconf 87' lang='lat' dir='ltr'><strong>etiamnunc</strong></span> <span class='ocrx_word' id='word_1_408' title='bbox 602 3969 706 4045; x_wconf 89' lang='lat' dir='ltr'><strong>partes</strong></span> <span class='ocrx_word' id='word_1_409' title='bbox 728 3961 940 4046; x_wconf 90' lang='lat' dir='ltr'><strong>appellantur,</strong></span> <span class='ocrx_word' id='word_1_410' title='bbox 963 3962 1165 4028; x_wconf 89' lang='lat' dir='ltr'><strong>vehementer</strong></span> <span class='ocrx_word' id='word_1_411' title='bbox 1179 3970 1462 4027; x_wconf 87' lang='lat' dir='ltr'><strong>commoverentur.</strong></span> 
     </span>
     <span class='ocr_line' id='line_1_40' title="bbox 141 4049 1462 4141; baseline -0.002 -24"><span class='ocrx_word' id='word_1_412' title='bbox 141 4052 203 4117; x_wconf 90' lang='lat' dir='ltr'><strong>Sed</strong></span> <span class='ocrx_word' id='word_1_413' title='bbox 224 4063 388 4139; x_wconf 89' lang='lat' dir='ltr'><strong>antequam</strong></span> <span class='ocrx_word' id='word_1_414' title='bbox 411 4063 479 4119; x_wconf 90' lang='lat' dir='ltr'><strong>tuas</strong></span> <span class='ocrx_word' id='word_1_415' title='bbox 501 4054 618 4119; x_wconf 86' lang='lat' dir='ltr'><strong>litteras</strong></span> <span class='ocrx_word' id='word_1_416' title='bbox 640 4054 835 4138; x_wconf 86' lang='lat' dir='ltr'><strong>accepimus,</strong></span> <span class='ocrx_word' id='word_1_417' title='bbox 858 4055 961 4120; x_wconf 88' lang='lat' dir='ltr'><strong>audita</strong></span> <span class='ocrx_word' id='word_1_418' title='bbox 982 4077 1034 4121; x_wconf 90' lang='lat' dir='ltr'><strong>res</strong></span> <span class='ocrx_word' id='word_1_419' title='bbox 1057 4065 1123 4121; x_wconf 83' lang='lat' dir='ltr'><strong>erat</strong></span> <span class='ocrx_word' id='word_1_420' title='bbox 1143 4064 1174 4120; x_wconf 87' lang='lat' dir='ltr'><strong>et</strong></span> <span class='ocrx_word' id='word_1_421' title='bbox 1193 4054 1388 4141; x_wconf 90' lang='lat' dir='ltr'><strong>pervulgata;</strong></span> <span class='ocrx_word' id='word_1_422' title='bbox 1417 4049 1462 4117; x_wconf 91' lang='lat' dir='ltr'><strong>tui</strong></span> 
     </span>
     <span class='ocr_line' id='line_1_41' title="bbox 141 4145 1500 4226; baseline 0 -16"><span class='ocrx_word' id='word_1_423' title='bbox 141 4146 232 4211; x_wconf 91' lang='lat' dir='ltr'><strong>etiam</strong></span> <span class='ocrx_word' id='word_1_424' title='bbox 256 4145 409 4211; x_wconf 88' lang='lat' dir='ltr'><strong>tabellarii</strong></span> <span class='ocrx_word' id='word_1_425' title='bbox 432 4147 471 4212; x_wconf 93' lang='lat' dir='ltr'><strong>ad</strong></span> <span class='ocrx_word' id='word_1_426' title='bbox 492 4147 607 4213; x_wconf 91' lang='lat' dir='ltr'><strong>multos</strong></span> <span class='ocrx_word' id='word_1_427' title='bbox 628 4147 797 4213; x_wconf 83' lang='lat' dir='ltr'><strong>familiares</strong></span> <span class='ocrx_word' id='word_1_428' title='bbox 826 4158 896 4215; x_wconf 89' lang='lat' dir='ltr'><strong>tuos</strong></span> <span class='ocrx_word' id='word_1_429' title='bbox 918 4150 1036 4215; x_wconf 90' lang='lat' dir='ltr'><strong>litteras</strong></span> <span class='ocrx_word' id='word_1_430' title='bbox 1060 4150 1234 4215; x_wconf 86' lang='lat' dir='ltr'><strong>attulerant.</strong></span> <span class='ocrx_word' id='word_1_431' title='bbox 1279 4151 1385 4226; x_wconf 87' lang='lat' dir='ltr'><strong>Quare</strong></span> <span class='ocrx_word' id='word_1_432' title='bbox 1406 4166 1500 4212; x_wconf 77' lang='lat' dir='ltr'><strong>ne·to</strong></span> 
     </span>
     <span class='ocr_line' id='line_1_42' title="bbox 140 4240 1461 4329; baseline -0.002 -24"><span class='ocrx_word' id='word_1_433' title='bbox 140 4261 202 4326; x_wconf 90' lang='lat' dir='ltr'><strong>que</strong></span> <span class='ocrx_word' id='word_1_434' title='bbox 223 4240 444 4327; x_wconf 88' lang='lat' dir='ltr'><strong>supprimenda</strong></span> <span class='ocrx_word' id='word_1_435' title='bbox 464 4263 517 4306; x_wconf 92' lang='lat' dir='ltr'><strong>res</strong></span> <span class='ocrx_word' id='word_1_436' title='bbox 539 4251 622 4316; x_wconf 87' lang='lat' dir='ltr'><strong>erat,</strong></span> <span class='ocrx_word' id='word_1_437' title='bbox 651 4242 837 4329; x_wconf 90' lang='lat' dir='ltr'><strong>praesertim</strong></span> <span class='ocrx_word' id='word_1_438' title='bbox 863 4264 934 4308; x_wconf 93' lang='lat' dir='ltr'><strong>cum</strong></span> <span class='ocrx_word' id='word_1_439' title='bbox 956 4244 989 4309; x_wconf 93' lang='lat' dir='ltr'><strong>id</strong></span> <span class='ocrx_word' id='word_1_440' title='bbox 1011 4244 1080 4309; x_wconf 87' lang='lat' dir='ltr'><strong>lieri</strong></span> <span class='ocrx_word' id='word_1_441' title='bbox 1108 4265 1171 4309; x_wconf 94' lang='lat' dir='ltr'><strong>non</strong></span> <span class='ocrx_word' id='word_1_442' title='bbox 1194 4252 1314 4329; x_wconf 89' lang='lat' dir='ltr'><strong>posset,</strong></span> <span class='ocrx_word' id='word_1_443' title='bbox 1344 4259 1461 4326; x_wconf 88' lang='lat' dir='ltr'><strong>neque,</strong></span> 
     </span>
     <span class='ocr_line' id='line_1_43' title="bbox 139 4334 1461 4425; baseline -0.001 -26"><span class='ocrx_word' id='word_1_444' title='bbox 139 4334 166 4399; x_wconf 95' lang='lat' dir='ltr'><strong>si</strong></span> <span class='ocrx_word' id='word_1_445' title='bbox 188 4341 306 4419; x_wconf 89' lang='lat' dir='ltr'><strong>posset,</strong></span> <span class='ocrx_word' id='word_1_446' title='bbox 328 4356 391 4400; x_wconf 94' lang='lat' dir='ltr'><strong>non</strong></span> <span class='ocrx_word' id='word_1_447' title='bbox 413 4334 632 4421; x_wconf 85' lang='lat' dir='ltr'><strong>divulgandam</strong></span> <span class='ocrx_word' id='word_1_448' title='bbox 653 4336 758 4421; x_wconf 89' lang='lat' dir='ltr'><strong>potius</strong></span> <span class='ocrx_word' id='word_1_449' title='bbox 780 4357 873 4422; x_wconf 87' lang='lat' dir='ltr'><strong>qnam</strong></span> <span class='ocrx_word' id='word_1_450' title='bbox 896 4338 1109 4403; x_wconf 89' lang='lat' dir='ltr'><strong>occultandam</strong></span> <span class='ocrx_word' id='word_1_451' title='bbox 1132 4346 1323 4425; x_wconf 89' lang='lat' dir='ltr'><strong>putaremus.</strong></span> <span class='ocrx_word' id='word_1_452' title='bbox 1363 4340 1392 4399; x_wconf 88' lang='grc'><strong>3.</strong></span> <span class='ocrx_word' id='word_1_453' title='bbox 1415 4338 1461 4398; x_wconf 89' lang='lat' dir='ltr'><strong>De</strong></span> 
     </span>
    </p>
   </div>
   <div class='ocr_carea' id='block_1_6' title="bbox 139 4512 1462 4791">
    <p class='ocr_par' dir='ltr' id='par_1_6' title="bbox 139 4512 1462 4791">
     <span class='ocr_line' id='line_1_44' title="bbox 208 4512 1462 4581; baseline 0 -17"><span class='ocrx_word' id='word_1_454' title='bbox 208 4513 235 4564; x_wconf 82' lang='lat'><strong>5·</strong></span> <span class='ocrx_word' id='word_1_455' title='bbox 247 4513 318 4575; x_wconf 78' lang='lat' dir='ltr'><strong>pulsi</strong></span> <span class='ocrx_word' id='word_1_456' title='bbox 332 4512 397 4564; x_wconf 71' lang='lat' dir='ltr'><strong>Cn:</strong></span> <span class='ocrx_word' id='word_1_457' title='bbox 416 4515 520 4578; x_wconf 75' lang='lat' dir='ltr'><strong>depulsi</strong></span> <span class='ocrx_word' id='word_1_458' title='bbox 532 4529 593 4565; x_wconf 89' lang='lat' dir='ltr'><strong>cum</strong></span> <span class='ocrx_word' id='word_1_459' title='bbox 607 4515 739 4566; x_wconf 80' lang='lat' dir='ltr'><strong>Lambino</strong></span> <span class='ocrx_word' id='word_1_460' title='bbox 752 4517 783 4566; x_wconf 81' lang='lat' dir='ltr'><strong>E.</strong></span> <span class='ocrx_word' id='word_1_461' title='bbox 796 4538 831 4553; x_wconf 93' lang='lat'>-</span> <span class='ocrx_word' id='word_1_462' title='bbox 848 4517 874 4568; x_wconf 84' lang='lat' dir='ltr'><strong>o.</strong></span> <span class='ocrx_word' id='word_1_463' title='bbox 895 4521 946 4568; x_wconf 81' lang='lat' dir='ltr'><strong>erit</strong></span> <span class='ocrx_word' id='word_1_464' title='bbox 955 4526 1017 4581; x_wconf 81' lang='lat' dir='ltr'><strong>post</strong></span> <span class='ocrx_word' id='word_1_465' title='bbox 1028 4533 1081 4569; x_wconf 81' lang='lat' dir='ltr'><strong>rec.</strong></span> <span class='ocrx_word' id='word_1_466' title='bbox 1096 4518 1159 4569; x_wconf 70' lang='grc' dir='ltr'><strong>ΕΜ</strong></span> <span class='ocrx_word' id='word_1_467' title='bbox 1177 4520 1241 4574; x_wconf 80' lang='lat' dir='ltr'><strong>crit,</strong></span> <span class='ocrx_word' id='word_1_468' title='bbox 1261 4519 1394 4578; x_wconf 77' lang='lat' dir='ltr'><strong>sipotcst,</strong></span> <span class='ocrx_word' id='word_1_469' title='bbox 1407 4527 1462 4564; x_wconf 81' lang='grc' dir='ltr'>ιιιιι</span> 
     </span>
     <span class='ocr_line' id='line_1_45' title="bbox 139 4583 1461 4653; baseline 0.002 -21"><span class='ocrx_word' id='word_1_470' title='bbox 139 4597 192 4633; x_wconf 80' lang='lat' dir='ltr'><strong>rec.</strong></span> <span class='ocrx_word' id='word_1_471' title='bbox 211 4597 274 4632; x_wconf 90' lang='lat' dir='ltr'><strong>cum</strong></span> <span class='ocrx_word' id='word_1_472' title='bbox 289 4583 419 4634; x_wconf 78' lang='lat' dir='ltr'><strong>lambino</strong></span> <span class='ocrx_word' id='word_1_473' title='bbox 436 4585 466 4634; x_wconf 82' lang='lat' dir='ltr'><strong>E·</strong></span> <span class='ocrx_word' id='word_1_474' title='bbox 488 4585 638 4649; x_wconf 78' lang='lat' dir='ltr'><strong>scripserat</strong></span> <span class='ocrx_word' id='word_1_475' title='bbox 656 4585 770 4636; x_wconf 83' lang='lat' dir='ltr'><strong>sortasse</strong></span> <span class='ocrx_word' id='word_1_476' title='bbox 789 4586 1006 4639; x_wconf 83' lang='lat' dir='ltr'><strong>Pseudobrutus:</strong></span> <span class='ocrx_word' id='word_1_477' title='bbox 1026 4604 1106 4653; x_wconf 83' lang='lat' dir='ltr'><strong>quam</strong></span> <span class='ocrx_word' id='word_1_478' title='bbox 1118 4590 1268 4650; x_wconf 80' lang='lat' dir='ltr'><strong>recuperari</strong></span> <span class='ocrx_word' id='word_1_479' title='bbox 1284 4601 1365 4651; x_wconf 80' lang='lat' dir='ltr'><strong>oeque</strong></span> <span class='ocrx_word' id='word_1_480' title='bbox 1384 4585 1461 4646; x_wconf 72' lang='lat' dir='ltr'><strong>focile</strong></span> 
     </span>
     <span class='ocr_line' id='line_1_46' title="bbox 139 4654 1461 4720; baseline 0 -16"><span class='ocrx_word' id='word_1_481' title='bbox 139 4659 191 4713; x_wconf 81' lang='lat' dir='ltr'><strong>cst,</strong></span> <span class='ocrx_word' id='word_1_482' title='bbox 210 4667 293 4716; x_wconf 79' lang='lat' dir='ltr'><strong>neque</strong></span> <span class='ocrx_word' id='word_1_483' title='bbox 310 4677 321 4687; x_wconf 95' lang='lat'>-</span> <span class='ocrx_word' id='word_1_484' title='bbox 338 4678 349 4688; x_wconf 95' lang='lat'>·</span> <span class='ocrx_word' id='word_1_485' title='bbox 366 4656 416 4703; x_wconf 85' lang='lat' dir='ltr'><strong>erit</strong></span> <span class='ocrx_word' id='word_1_486' title='bbox 431 4659 492 4715; x_wconf 80' lang='lat' dir='ltr'><strong>post</strong></span> <span class='ocrx_word' id='word_1_487' title='bbox 509 4668 560 4705; x_wconf 82' lang='lat' dir='ltr'><strong>roc.</strong></span> <span class='ocrx_word' id='word_1_488' title='bbox 589 4655 641 4707; x_wconf 90' lang='grc' dir='ltr'>Οιι.</span> <span class='ocrx_word' id='word_1_489' title='bbox 662 4681 693 4691; x_wconf 96' lang='grc'><strong>-</strong></span> <span class='ocrx_word' id='word_1_490' title='bbox 724 4657 766 4706; x_wconf 85' lang='grc'><strong>13.</strong></span> <span class='ocrx_word' id='word_1_491' title='bbox 786 4664 811 4708; x_wconf 87' lang='lat' dir='ltr'><strong>et</strong></span> <span class='ocrx_word' id='word_1_492' title='bbox 830 4659 867 4707; x_wconf 84' lang='lat' dir='ltr'><strong>od</strong></span> <span class='ocrx_word' id='word_1_493' title='bbox 884 4668 995 4710; x_wconf 83' lang='lat' dir='ltr'><strong>matrem</strong></span> <span class='ocrx_word' id='word_1_494' title='bbox 1012 4659 1062 4710; x_wconf 83' lang='lat' dir='ltr'><strong>Vb.</strong></span> <span class='ocrx_word' id='word_1_495' title='bbox 1084 4685 1114 4695; x_wconf 95' lang='lat'>-</span> <span class='ocrx_word' id='word_1_496' title='bbox 1146 4660 1190 4708; x_wconf 78' lang='lat'><strong>22.</strong></span> <span class='ocrx_word' id='word_1_497' title='bbox 1210 4672 1278 4720; x_wconf 79' lang='lat' dir='ltr'><strong>quoe</strong></span> <span class='ocrx_word' id='word_1_498' title='bbox 1296 4663 1358 4706; x_wconf 81' lang='lat' dir='ltr'><strong>ante</strong></span> <span class='ocrx_word' id='word_1_499' title='bbox 1376 4654 1461 4719; x_wconf 73' lang='lat' dir='ltr'><strong>magis</strong></span> 
     </span>
     <span class='ocr_line' id='line_1_47' title="bbox 140 4723 1461 4791; baseline 0.002 -19"><span class='ocrx_word' id='word_1_500' title='bbox 140 4723 286 4774; x_wconf 82' lang='lat' dir='ltr'><strong>delendum</strong></span> <span class='ocrx_word' id='word_1_501' title='bbox 304 4724 431 4774; x_wconf 76' lang='lat' dir='ltr'><strong>censebat</strong></span> <span class='ocrx_word' id='word_1_502' title='bbox 448 4725 596 4778; x_wconf 77' lang='lat' dir='ltr'><strong>Ernestius.</strong></span> <span class='ocrx_word' id='word_1_503' title='bbox 624 4751 658 4763; x_wconf 93' lang='lat'>-</span> <span class='ocrx_word' id='word_1_504' title='bbox 695 4726 738 4777; x_wconf 89' lang='grc'><strong>31.</strong></span> <span class='ocrx_word' id='word_1_505' title='bbox 765 4735 794 4777; x_wconf 84' lang='lat' dir='ltr'><strong>ut</strong></span> <span class='ocrx_word' id='word_1_506' title='bbox 813 4735 837 4778; x_wconf 81' lang='lat' dir='ltr'><strong>ct</strong></span> <span class='ocrx_word' id='word_1_507' title='bbox 853 4729 909 4779; x_wconf 87' lang='lat' dir='ltr'><strong>iam</strong></span> <span class='ocrx_word' id='word_1_508' title='bbox 927 4729 972 4780; x_wconf 83' lang='lat' dir='ltr'><strong>Cr.</strong></span> <span class='ocrx_word' id='word_1_509' title='bbox 1003 4754 1031 4766; x_wconf 94' lang='lat'>-</span> <span class='ocrx_word' id='word_1_510' title='bbox 1069 4727 1334 4791; x_wconf 59' lang='lat' dir='ltr'><strong>uuaruicenses:</strong></span> <span class='ocrx_word' id='word_1_511' title='bbox 1357 4726 1461 4790; x_wconf 80' lang='lat' dir='ltr'><strong>quidem</strong></span> 
     </span>
    </p>
   </div>
   <div class='ocr_carea' id='block_1_7' title="bbox 139 4793 1461 4915">
    <p class='ocr_par' dir='ltr' id='par_1_7' title="bbox 139 4793 1461 4915">
     <span class='ocr_line' id='line_1_48' title="bbox 139 4793 1461 4915; baseline 0.014 -74"><span class='ocrx_word' id='word_1_512' title='bbox 139 4793 231 4913; x_wconf 38' lang='lat' dir='ltr'><strong>§.mi-</strong></span> <span class='ocrx_word' id='word_1_513' title='bbox 254 4793 311 4915; x_wconf 56' lang='lat'><strong>0³¹4.</strong></span> <span class='ocrx_word' id='word_1_514' title='bbox 329 4795 513 4858; x_wconf 68' lang='lat' dir='ltr'><strong>mulcentur,</strong></span> <span class='ocrx_word' id='word_1_515' title='bbox 531 4809 565 4849; x_wconf 84' lang='grc' dir='ltr'><strong>ιιι</strong></span> <span class='ocrx_word' id='word_1_516' title='bbox 583 4794 647 4848; x_wconf 72' lang='lat' dir='ltr'><strong>Cn:</strong></span> <span class='ocrx_word' id='word_1_517' title='bbox 666 4799 851 4860; x_wconf 73' lang='lat' dir='ltr'><strong>suspicantur,</strong></span> <span class='ocrx_word' id='word_1_518' title='bbox 869 4800 942 4863; x_wconf 76' lang='lat' dir='ltr'><strong>qood</strong></span> <span class='ocrx_word' id='word_1_519' title='bbox 957 4814 990 4852; x_wconf 82' lang='lat' dir='ltr'><strong>nc</strong></span> <span class='ocrx_word' id='word_1_520' title='bbox 1007 4799 1038 4850; x_wconf 82' lang='lat' dir='ltr'><strong>ll·</strong></span> <span class='ocrx_word' id='word_1_521' title='bbox 1060 4825 1089 4838; x_wconf 95' lang='lat'><em>-</em></span> <span class='ocrx_word' id='word_1_522' title='bbox 1126 4799 1172 4852; x_wconf 84' lang='grc'><strong>38.</strong></span> <span class='ocrx_word' id='word_1_523' title='bbox 1190 4793 1331 4863; x_wconf 74' lang='lat' dir='ltr'><strong>qomodo]</strong></span> <span class='ocrx_word' id='word_1_524' title='bbox 1349 4797 1378 4848; x_wconf 77' lang='lat' dir='ltr'><strong>F·</strong></span> <span class='ocrx_word' id='word_1_525' title='bbox 1398 4807 1461 4859; x_wconf 67' lang='lat' dir='ltr'><strong>W·</strong></span> 
     </span>
     <span class='ocr_line' id='line_1_49' title="bbox 159 4878 305 4914; baseline -0.014 -2"><span class='ocrx_word' id='word_1_526' title='bbox 159 4878 169 4912; x_wconf 90' lang='grc' dir='ltr'>ι</span> <span class='ocrx_word' id='word_1_527' title='bbox 216 4900 223 4914; x_wconf 94' lang='grc'><strong>.</strong></span> <span class='ocrx_word' id='word_1_528' title='bbox 298 4897 305 4910; x_wconf 91' lang='grc'><strong>.</strong></span> 
     </span>
    </p>
   </div>
   <div class='ocr_carea' id='block_1_8' title="bbox 0 0 1632 5400">
    <p class='ocr_par' dir='ltr' id='par_1_8' title="bbox 0 0 1632 5400">
     <span class='ocr_line' id='line_1_50' title="bbox 0 0 1632 5400; baseline 0 0"><span class='ocrx_word' id='word_1_529' title='bbox 0 0 1632 5400; x_wconf 95' lang='lat' dir='ltr'><strong> </strong></span> 
     </span>
    </p>
   </div>
  </div>
 </body>
</html>
