3256 5400
174 234 215 297 86
602 225 879 293 setsvotanu‘u
900 227 953 291 AD
973 216 1065 290 anu.

175 388 325 475 epistolae
345 407 403 474 per
423 385 501 452 baec
521 393 664 471 tempora
684 383 837 450 molestae
851 391 932 448 sunt.
975 387 1005 448 9.
1028 382 1126 448 Simul
1141 380 1218 447 illud
1233 381 1372 466 cogitare
1387 379 1495 454 debes,

174 504 225 548 me
254 502 379 548 omnem
409 476 589 566 pecuniam,
622 498 704 563 quae
730 475 771 542 ad
802 497 853 541 me
885 477 978 543 salvis
1000 475 1122 561 legibus
1143 476 1352 562 pervenisset,
1379 473 1497 560 Ephesi

175 574 258 662 apud
278 572 462 661 publicanos
484 570 684 658 deposuisse;
705 569 738 635 id
760 569 857 635 luisse
879 573 950 636 HS.
972 590 1079 644 xxva,
1103 590 1172 634 eam
1188 589 1313 635 omnem
1329 568 1496 654 pecuniam

174 673 357 754 Pompeium
378 665 553 732 abstulisse.
597 663 691 742 Quod
713 684 773 748 ege
795 663 862 729 sive
883 684 986 750 aequo
1007 663 1113 729 animo
1135 663 1203 728 sive
1224 662 1335 749 iniquo
1357 662 1438 736 lero,
1459 672 1495 728 tn

154 761 216 827 ade
237 763 307 828 HS.
330 767 455 825 centum
476 777 579 845 aequo
596 757 702 822 animo
730 756 815 821 serre
838 755 933 822 debes
954 765 987 821 et
1010 755 1192 821 existimare
1214 776 1254 823 eo
1275 756 1380 822 minus
1403 755 1444 821 ad
1465 766 1496 821 te

176 853 227 920 vel
256 852 296 918 de
325 852 388 918 tuis
417 850 546 918 cibariis
571 851 622 917 vel
649 849 688 915 de
717 871 788 915 mea
811 848 999 915 liberalitate
1019 849 1212 936 pervenisse.
1255 848 1349 928 Quod
1371 849 1398 915 si
1420 848 1498 915 mibi

176 968 313 1034 expensa
334 947 393 1012 ista
415 948 487 1012 fle.
508 953 632 1011 eentum
655 943 792 1018 tulisses,
813 951 935 1018 tamen,
967 965 1048 1030 quae
1069 954 1123 1009 tua
1154 952 1201 1008 est
1221 942 1358 1009 suavitas
1380 942 1498 1030 quique

175 1040 209 1108 iu
237 1061 288 1106 me
315 1061 418 1115 amor,
450 1039 550 1105 nolles
571 1059 590 1103 a
610 1058 662 1102 me
683 1036 744 1101 boc
766 1045 913 1123 tempore
941 1037 1189 1102 aestimationem
1210 1036 1369 1122 accipere;
1405 1057 1497 1109 nam,

175 1142 374 1201 numeratum
395 1133 422 1198 si
444 1153 607 1219 cuperem,
629 1151 693 1195 non
717 1139 794 1195 erat.
838 1130 900 1196 Sed
921 1129 999 1195 baec
1019 1131 1156 1196 iocatum
1177 1151 1227 1196 mc
1242 1138 1365 1216 putato,
1386 1139 1423 1196 ut
1437 1151 1499 1216 ego

140 1236 206 1293 rote
228 1226 385 1293 existimo.
427 1229 495 1312 Ego
515 1234 634 1300 tamen,
656 1245 728 1290 eum
750 1223 871 1290 Tullius
892 1245 968 1289 rure
988 1223 1135 1298 redierit,
1155 1224 1278 1289 mittam
1300 1245 1373 1290 eum
1395 1223 1435 1289 ad
1456 1233 1497 1300 te,

176 1322 203 1389 si
225 1321 301 1409 quid
321 1320 361 1386 ad
381 1341 451 1385 rem
472 1317 595 1406 putabis
617 1317 787 1404 pertinere.
829 1320 918 1383 Hanc
939 1317 1102 1404 epistolam
1116 1338 1174 1385 cur
1190 1337 1254 1384 non
1271 1316 1372 1384 scindi
1392 1317 1498 1392 velim,

176 1435 270 1481 causa
290 1413 375 1480 nuta
396 1421 453 1479 est.
495 1413 582 1507 Vale.

641 1555 724 1616 rsa
767 1551 817 1636 (A.
842 1554 875 1616 u.
898 1554 930 1616 c.
951 1550 1036 1634 ros.)

537 1669 578 1732 ιι.
601 1665 744 1731 crcsno
766 1668 798 1729 s
820 1668 857 1729 n.
879 1667 914 1729 n.
935 1666 1134 1731 MEsctNIO.

143 1804 169 1844 ιι
265 1791 294 1853 1.
317 1792 429 1854 Gratae
451 1786 529 1852 mibi
550 1795 622 1851 tuae
636 1785 759 1850 litterae
774 1784 916 1859 luerunt,
939 1805 980 1849 ex
994 1783 1111 1870 quibus
1124 1783 1280 1860 intellexi,
1303 1784 1501 1871 quodetiam

178 1879 246 1947 siue
266 1881 378 1947 litteris
400 1878 591 1955 arbitrabar,
629 1888 659 1943 te
680 1900 802 1944 summa
822 1878 993 1964 cupiditate
1014 1878 1159 1944 affectum
1181 1900 1251 1944 esse
1275 1879 1404 1946 videndi
1426 1880 1500 1946 mei.

179 1972 273 2051 Quod
294 1994 354 2056 ego
376 1974 418 2038 ita
440 1973 574 2038 libenter
594 1971 736 2056 accipio,
758 1980 793 2036 nt
815 1979 918 2036 tamen
939 1971 998 2037 tibi
1020 1993 1083 2037 non
1098 1970 1285 2047 concedam:
1309 1995 1381 2038 uam
1396 1984 1500 2040 tecum

178 2087 263 2140 esse,
282 2071 324 2130 ita
337 2067 415 2130 mihi
429 2066 558 2131 omnino
572 2065 694 2141 omnia,
710 2086 792 2151 quae
803 2076 895 2150 opto,
911 2066 1112 2150 contingant,
1125 2074 1161 2130 ut
1171 2069 1374 2132 vehementer
1388 2069 1499 2133 veliml

178 2160 300 2224 Etenim
321 2180 393 2225 cnm
414 2167 497 2224 esset
516 2159 619 2223 maior
639 2168 671 2223 et
698 2158 841 2223 virorum
862 2167 894 2222 et
914 2157 1030 2223 civium
1059 2156 1217 2224 bonorum
1239 2168 1271 2223 et
1290 2159 1501 2226 iucundorum

140 2251 341 2317 omninum
363 2263 394 2318 et
415 2253 585 2317 amantium
605 2251 668 2316 mei
682 2251 789 2339 copia,
812 2261 916 2317 tamen
930 2260 999 2317 erat
1012 2271 1120 2327 nemo,
1143 2252 1270 2338 quicum
1286 2275 1387 2318 essem
1402 2252 1503 2319 liben-

179 2345 239 2410 tius
261 2368 355 2433 quam
377 2358 496 2418 tecum,
519 2355 550 2411 et
571 2345 680 2430 pauci,
703 2345 889 2431 quibuscum
911 2366 1011 2410 essem
1034 2366 1135 2431 acque
1157 2344 1305 2426 libenter;
1335 2348 1396 2414 boc
1423 2369 1502 2413 voro

172 2447 338 2525 tempore,
370 2461 442 2504 cum
473 2439 528 2504 alii
559 2439 750 2511 interierint,
788 2439 842 2503 alii
863 2438 981 2512 absint,
1018 2438 1072 2502 alii
1101 2439 1213 2503 mutati
1242 2440 1402 2507 voluntate
1424 2443 1503 2516 sint,

178 2554 276 2597 uuum
297 2532 420 2598 medius
441 2532 533 2597 lidius
554 2544 666 2597 tecum·
679 2532 764 2596 bem
785 2531 934 2598 libentius
954 2531 1116 2616 posuerim
1137 2554 1231 2618 quam
1246 2532 1307 2598 boc
1321 2556 1413 2600 omne
1426 2546 1504 2600 tem-

179 2647 239 2710 pus
260 2646 331 2691 cum
352 2626 512 2712 plerisque
534 2647 662 2700 eorum,
699 2624 886 2712 quibuscum
909 2626 982 2691 vivo
1004 2625 1195 2690 necessario.
1237 2627 1308 2691 Noli
1329 2629 1413 2692 enim
1435 2628 1504 2694 exi-

142 2719 307 2785 estimare
328 2720 407 2784 mibi
428 2740 490 2784 non
512 2718 712 2784 solitudinem
734 2719 951 2785 iucundiorem
974 2740 1063 2793 esse,
1085 2741 1147 2805 qua
1168 2727 1271 2784 tamen
1293 2721 1361 2806 ipsa
1375 2722 1421 2786 uti
1438 2743 1503 2786 non

180 2813 267 2885 licet,
305 2834 399 2899 quam
426 2834 588 2878 sermones
617 2833 746 2887 corum,
769 2813 824 2898 qui
845 2813 1042 2899 frequentant
1064 2810 1192 2878 domum
1214 2834 1332 2887 meam,
1369 2824 1504 2900 excepto

178 2927 244 2971 uno
265 2916 319 2970 aut
340 2927 495 2971 summum
516 2907 626 2971 altero.
668 2910 698 2971 2.
720 2911 828 2993 ltaque
850 2919 923 2972 utor
944 2906 1055 2971 eodem
1070 2906 1236 2991 perfugio,
1259 2928 1323 2994 quo
1342 2908 1399 2973 tibi
1414 2918 1489 2974 uten

180 2999 254 3064 dum
277 3020 404 3073 censeo,
437 2999 582 3065 litterulis
604 3000 735 3074 uostris,
770 3010 933 3084 praeterea
957 2999 1146 3065 conscientia
1176 3001 1270 3065 etiam
1297 3001 1503 3068 consiliorum

180 3114 334 3158 meorum·
390 3098 457 3176 Ego
479 3094 563 3158 enim
584 3093 611 3158 is
632 3114 718 3168 sum,
755 3093 1020 3180 quemadmodum
1049 3103 1082 3159 tu
1114 3092 1262 3158 facillime
1283 3103 1373 3179 potes
1395 3095 1505 3160 existi-

141 3207 284 3261 somare,
313 3185 368 3271 qui
401 3186 477 3250 nibil
506 3207 644 3271 unquam
666 3207 736 3250 mea
756 3188 861 3272 potius
883 3209 976 3273 quam
1003 3209 1147 3252 meorum
1168 3187 1285 3252 civium
1306 3209 1400 3253 causa
1420 3189 1503 3254 lece·

179 3281 254 3358 rim;
286 3279 337 3344 cui
360 3279 420 3344 nisi
441 3279 603 3344 invidisset
624 3279 667 3354 is,
691 3301 786 3366 quem
808 3289 841 3346 tu
863 3302 1021 3367 nunquam
1043 3281 1153 3345 amasti
1177 3314 1216 3327 -
1239 3302 1290 3346 me
1312 3282 1396 3347 euim
1419 3304 1504 3347 ama·

178 3372 235 3437 bas
258 3404 314 3447 -,
338 3373 458 3458 etipse
481 3371 590 3437 beatus
611 3381 695 3437 esset
711 3382 742 3437 et
764 3394 873 3439 omnes
894 3373 981 3440 boni.
1023 3378 1091 3458 Ego
1113 3395 1201 3449 sum,
1224 3374 1278 3460 qui
1301 3374 1416 3440 nullius
1438 3377 1503 3441 vim

64 3471 69 3480 '
178 3467 247 3550 plus
269 3467 374 3531 valere
395 3467 483 3532 volui
505 3488 598 3553 quam
620 3465 788 3532 honestum
809 3468 922 3546 otium}
945 3467 1108 3553 idemque,
1142 3489 1213 3532 eum
1235 3469 1287 3533 illa
1307 3469 1376 3554 ipsa
1397 3492 1502 3543 arma,

179 3579 259 3645 qnae
281 3581 406 3645 semper
438 3561 618 3635 timueram,
653 3560 722 3644 plus
750 3582 844 3646 posse
865 3563 949 3626 sensi
971 3584 1064 3648 quam
1085 3563 1173 3626 illum
1194 3583 1380 3629 consensum
1403 3563 1504 3629 bono-

141 3679 168 3721 ss
178 3674 264 3727 rum,
287 3676 381 3740 quom
403 3675 463 3739 ego
485 3654 569 3719 idem
591 3654 774 3729 effeceram,
803 3656 913 3741 quavis
935 3666 1001 3720 tuta
1023 3656 1207 3721 condicione
1228 3677 1337 3741 pacem
1360 3659 1503 3743 accipere

178 3747 274 3811 malui
295 3768 390 3834 quam
411 3748 532 3812 viribus
554 3768 625 3813 cum
647 3748 820 3812 valentiore
842 3770 992 3833 pugnare.
1037 3749 1099 3815 Sed
1121 3749 1249 3814 ethaeo
1271 3758 1302 3813 et
1323 3751 1420 3816 multa
1442 3749 1503 3814 alia

178 3861 285 3906 coram
307 3839 396 3905 brevi
430 3851 572 3928 tempore
600 3841 716 3907 licebit.
758 3847 788 3907 3.
817 3847 925 3928 Neque
947 3865 997 3907 me
1021 3852 1122 3908 tamen
1144 3842 1281 3908 ollares
1303 3843 1363 3907 alia
1385 3848 1503 3908 Romae

179 3942 263 3997 tenet
283 3933 344 3999 nisi
367 3936 559 4020 exspectatio
581 3956 689 3999 rerum
710 3935 949 4015 Africanarum
972 3937 1098 4002 videtur
1120 3937 1202 4000 enim
1217 3937 1294 4001 mihi
1308 3958 1360 4001 res
1375 3937 1408 4001 in
1428 3956 1504 4021 pro-

178 4026 329 4110 pinquum
351 4028 484 4093 adducta
506 4028 684 4094 discrimen.
726 4033 806 4095 Puto
828 4041 932 4094 autem
954 4052 1023 4095 mea
1046 4031 1186 4096 nonnihil
1205 4031 1372 4107 interesse;
1394 4050 1505 4115 quam-

141 4141 273 4205 nquam
296 4120 328 4184 id
350 4122 469 4208 ipsum,
503 4122 579 4208 quid
605 4121 744 4197 intersit,
773 4145 837 4187 non
858 4145 932 4188 sane
954 4124 1112 4208 intelligo,
1149 4134 1379 4199 verumtamen,
1413 4122 1505 4210 quid·

179 4213 255 4299 quid
278 4214 363 4278 illinc
384 4214 558 4279 nuntiatum
580 4215 634 4291 sit,
665 4236 729 4280 non
761 4216 854 4301 longe
877 4216 985 4282 abesse
1008 4239 1025 4281 a
1047 4217 1185 4282 consiliis
1207 4216 1392 4282 amicorum.
1449 4219 1505 4280 Est

179 4305 264 4370 enim
291 4328 343 4370 res
375 4307 437 4371 iam
465 4307 498 4372 in
529 4329 601 4373 enm
630 4308 735 4373 locum
758 4310 904 4385 adducta,
934 4321 983 4385 ut,
1014 4331 1204 4397 quamquam
1226 4311 1360 4375 multum
1380 4308 1506 4374 intersit

179 4400 262 4464 inter
294 4421 405 4465 eorum
437 4422 566 4475 causas,
604 4402 658 4488 qui
686 4401 848 4478 dimicant,
885 4412 987 4468 tamen
1008 4404 1091 4469 inter
1111 4404 1260 4468 victorias
1283 4424 1345 4468 non
1371 4404 1504 4468 multum

179 4493 402 4567 interfuturum
423 4503 541 4581 putem.
584 4494 647 4559 Sed
668 4495 759 4580 plane
781 4497 919 4571 animus,
942 4496 996 4582 qui
1019 4495 1122 4561 dubiis
1143 4495 1240 4561 rebus
1254 4496 1387 4563 forsitan
1409 4496 1506 4563 luerit

249 4666 276 4715 3.
304 4680 363 4715 xrrr
381 4667 424 4717 M:
452 4681 511 4716 sarr
528 4667 613 4716 millio
631 4668 661 4717 Ε.
695 4694 724 4705 -
761 4669 787 4718 ll.
807 4669 870 4717 boec
887 4668 932 4717 bl:
961 4667 1110 4719 10111-
1140 4667 1253 4716 locatum
1271 4669 1308 4720 tt.
1332 4697 1366 4705 -
1403 4669 1447 4718 tt.
1467 4669 1506 4717 ot·

177 4737 254 4785 cendi
271 4736 387 4786 Ernestil
407 4739 553 4800 typothetae.
576 4760 604 4770 -
637 4738 680 4787 18.
700 4740 763 4787 mibi
782 4740 890 4787 omnine
907 4739 996 4787 emoto
1015 4737 1147 4787 Orellius:
1166 4739 1230 4787 ms'bs'
1248 4741 1396 4788 conseruate
1414 4739 1506 4789 omnia

177 4806 227 4866 bl,
259 4808 322 4855 mibi
344 4807 479 4857 commodo
498 4808 587 4856 omnio
605 4808 670 4857 Cod.
691 4809 824 4868 bomem..
843 4809 907 4856 mibi
926 4809 1015 4857 omnio
1034 4809 1064 4857 lt.
1081 4832 1111 4842 -
1150 4808 1191 4858 19.
1213 4808 1316 4858 Etmtm
1337 4810 1502 4859 Lambinus:

180 4876 212 4926 Ut
229 4877 298 4927 mim
313 4877 373 4927 ΜΕ.
399 4903 432 4912 -
468 4878 512 4928 25.
531 4891 586 4927 oon
602 4878 768 4929 solitudinem
783 4878 825 4929 ld:
844 4878 1010 4930 solitudinem
1026 4891 1080 4928 oon
1098 4877 1130 4929 lt.
1151 4901 1182 4914 -
1219 4877 1263 4928 ³5.
1283 4886 1341 4930 teta
1359 4879 1398 4930 bl.
