3256 5400
466 224 538 287 LIB.
561 228 597 287 V.
640 224 839 287 11331-
859 223 935 286 atu.
957 225 1011 289 Vl.
1031 225 1091 288 ΕΡ.
1112 227 1139 289 l.
1401 233 1462 296 483

150 386 246 470 igitur
271 378 487 468 respondebo:
521 380 567 445 sic
589 379 672 444 enim
694 378 851 465 postulas;
874 401 933 445 nec
953 391 1143 466 οἰκονομίαν
1165 404 1266 450 meam
1285 387 1461 466 instituam,

149 479 204 543 sed
238 475 380 540 ordinem
416 473 610 540 conservabo
639 482 738 538 tuum.
801 474 1039 540 decentissimas
1078 496 1096 538 a
1129 475 1279 564 Cybistris
1310 489 1342 547 te
1378 505 1463 550 meas

149 573 264 637 litteras
292 566 409 633 babere
437 568 496 642 ais,
519 589 548 633 a
570 567 601 633 d.
623 588 657 633 x.
678 567 747 632 Kal.
769 566 899 633 Octobr.
921 568 1022 643 datas,
1060 577 1092 633 et
1113 571 1195 635 scire
1216 573 1277 646 vis,
1306 585 1375 641 tuas
1403 597 1463 662 ego

148 685 225 753 quas
254 663 438 748 acceperim.
489 664 605 727 Omnes
631 662 716 735 sere,
753 681 830 746 quas
851 682 1098 737 commemoras,
1134 675 1354 751 praetereas,
1385 691 1464 756 quas

147 757 258 825 scribis
285 757 408 823 Lentuli
434 757 542 842 pueris
571 766 603 821 et
629 756 817 843 Equotutico
850 766 881 820 et
913 756 1082 823 Brundisio
1111 757 1206 825 datas.
1265 765 1368 840 Quare
1401 777 1488 831 nont

148 857 270 932 οἴχεται
292 861 343 915 tua
367 849 533 924 industria,
565 849 650 936 quod
671 848 809 921 vereris,
831 849 887 915 sed
907 849 1068 935 praeclare
1089 853 1234 936 ponitur,
1257 856 1410 942 siquidem
1432 858 1465 924 id

148 945 255 1031 egisti,
278 952 313 1008 ut
333 962 392 1027 ego
415 941 596 1007 delectarer.
639 947 714 1006 Nam
729 942 812 1006 nulla
835 964 870 1007 re
891 965 961 1009 sum
981 943 1151 1010 delectatus
1166 948 1274 1033 magis.
1318 954 1347 1014 3.
1371 951 1466 1030 Quod

147 1060 249 1104 meam
270 1038 441 1120 βαθύνητα
463 1036 494 1099 in
516 1035 616 1122 Appio
643 1034 715 1110 tibi,
738 1034 913 1101 libertatem
941 1036 1035 1102 etiam
1056 1042 1088 1102 in
1112 1043 1210 1105 Bruto
1231 1041 1351 1127 probo,
1372 1045 1466 1110 vebe-

148 1143 269 1221 menter
299 1130 438 1216 gaudem
475 1149 512 1194 ac
540 1139 682 1214 putaram
707 1128 812 1213 paullo
835 1150 933 1195 secus.
976 1131 1094 1216 Appius
1114 1133 1198 1197 enim
1220 1134 1259 1199 ad
1280 1157 1332 1201 me
1354 1159 1394 1202 ex
1415 1138 1467 1203 iti·

148 1248 223 1292 nere
251 1226 299 1291 bis
328 1235 415 1289 terve
447 1227 754 1307 ὑπομεμψνννοίρονς
782 1222 900 1288 litteras
928 1223 1072 1298 miserat,
1108 1226 1194 1312 quod
1216 1229 1368 1313 quaedam
1391 1253 1408 1295 a
1430 1245 1501 1297 se¹⁰

147 1321 310 1386 constituta
333 1316 553 1383 rescinderem.
597 1320 648 1388 Ut,
679 1316 705 1380 si
727 1315 882 1388 medicus,
919 1337 989 1381 cum
1012 1329 1160 1402 aegrotus
1181 1320 1236 1385 alii
1258 1322 1381 1389 medico
1402 1335 1465 1389 tra·

146 1415 230 1480 ditus
253 1418 309 1488 sit,
343 1411 433 1476 irasci
463 1412 537 1475 velit
565 1411 594 1475 ei
616 1410 753 1483 medico,
790 1409 843 1495 qui
866 1408 925 1473 sibi
947 1413 1147 1487 successerit,
1170 1413 1216 1488 si,
1240 1436 1319 1500 quae
1340 1418 1408 1503 ipse
1430 1419 1463 1482 in

146 1506 285 1575 curando
315 1505 526 1578 constituerit,
559 1513 657 1569 mutet
677 1504 747 1576 ille,
777 1503 821 1567 sic
842 1504 976 1588 Appius,
1005 1525 1076 1570 cum
1105 1511 1140 1585 ἐξ
1161 1511 1368 1592 ἀφαιρέσεως
1390 1530 1464 1596 pro-

146 1604 278 1669 vinciam
300 1603 433 1669 curarit,
467 1597 648 1684 sanguinem
678 1597 815 1670 miserit,
853 1595 1006 1683 quidquid
1034 1601 1135 1685 potuit
1156 1600 1346 1678 detraxerit,
1387 1604 1463 1669 mibi

146 1693 309 1762 tradiderit
340 1702 496 1767 enectam,
533 1704 880 1776 προςανατρεφομένην
907 1711 976 1754 eam
1006 1712 1095 1757 ame
1123 1715 1186 1759 non
1208 1694 1341 1761 libenter
1361 1697 1461 1772 videt,
1475 1713 1501 1753 ¹⁸

146 1790 201 1855 sed
223 1786 318 1852 modo
340 1795 516 1860 succenset,
538 1784 634 1851 modo
657 1785 771 1869 gratias
793 1784 865 1868 agit
924 1783 1006 1849 Nihil
1028 1786 1111 1851 enim
1138 1807 1155 1850 a
1178 1808 1228 1852 ane
1250 1789 1283 1855 lit
1304 1811 1375 1856 cum
1397 1792 1462 1858 ulla

145 1883 230 1948 illius
266 1880 465 1945 contumelia.
528 1878 756 1945 Tantummodo
789 1877 1009 1944 dissimilitudo
1043 1900 1129 1945 meae
1162 1883 1292 1949 rationis
1333 1886 1464 1953 offendit

145 1977 314 2042 bominem.
365 1974 449 2051 Quid
481 1974 564 2039 eninr
591 1982 783 2060 potestesse
805 1983 868 2037 tam
897 1971 1062 2048 dissimile,
1097 1996 1190 2060 quam
1212 1977 1268 2041 illo
1289 1977 1462 2065 imperante
1552 1999 1554 2003 ·

146 2069 328 2135 exhaustam
350 2089 418 2134 esse
441 2067 615 2154 sumptibus
638 2077 669 2131 et
695 2066 822 2132 iacturis
850 2066 1059 2153 provinciam,
1093 2067 1184 2134 nobis
1206 2091 1273 2134 earn
1297 2070 1463 2138 obtinenti-

145 2161 203 2227 bus
230 2181 390 2225 nummum
421 2161 541 2226 nullum
575 2182 643 2226 esse
672 2169 834 2244 erogatum
863 2182 921 2225 nec
943 2161 1087 2247 privatim
1113 2184 1172 2227 nec
1192 2162 1338 2249 publicet
1375 2167 1500 2245 Quian

145 2256 245 2321 dicam
266 2254 305 2318 de
327 2255 410 2320 illius
432 2255 611 2341 praelectis,
635 2253 817 2328 comitibus,
840 2254 972 2339 legatis?
995 2256 1087 2321 etiam
1109 2256 1148 2321 de
1170 2259 1310 2344 rapinis?
1332 2260 1372 2326 de
1393 2261 1462 2326 libi·

145 2349 288 2415 dinibus?
311 2348 351 2413 de
372 2349 587 2415 contumeliis?
616 2354 704 2414 Nunc
725 2357 829 2414 autem
850 2348 962 2413 domus
985 2350 1162 2417 mehercule
1184 2353 1267 2417 nulla
1290 2363 1374 2420 tanto
1388 2377 1463 2421 con·

145 2445 214 2510 silio
237 2453 291 2509 aut
319 2453 401 2508 tanta
430 2443 591 2529 disciplina
620 2441 812 2527 gubernatur
841 2451 894 2506 aut
923 2453 986 2506 tam
1008 2444 1147 2509 modesta
1171 2455 1219 2509 est
1239 2468 1332 2532 qnam
1353 2459 1460 2514 nostra

145 2548 208 2603 tota
229 2537 400 2622 provincia.
454 2541 537 2601 llaec
559 2535 700 2600 nonnulli
728 2535 820 2599 amici
842 2536 934 2620 Appii
956 2534 1088 2601 ridicule
1113 2538 1374 2624 interpretantur,
1405 2542 1461 2628 qui

144 2653 194 2695 me
215 2631 332 2695 idcirco
353 2638 461 2714 putent
482 2629 561 2694 bene
583 2629 692 2693 audire
714 2628 810 2701 velle,
833 2637 869 2693 nt
890 2628 941 2693 ille
963 2627 1045 2693 male
1069 2630 1190 2705 audiat,
1213 2642 1244 2696 et
1259 2645 1343 2699 recte
1357 2635 1497 2700 lacerem

143 2744 206 2787 non
236 2742 323 2786 meae
352 2721 451 2787 laudis
480 2722 535 2787 sed
566 2721 649 2786 illius
671 2721 877 2787 contumeliae
899 2742 1001 2787 causa.
1056 2724 1110 2788 Sin
1144 2725 1279 2810 Appius,
1306 2738 1342 2792 ut
1373 2729 1461 2793 Bruti

142 2816 278 2887 litterae,
304 2835 380 2899 quas
401 2814 440 2879 ad
463 2824 492 2878 te
515 2814 613 2888 misit,
638 2813 867 2898 significabant,
890 2815 1005 2899 gratim
1027 2815 1119 2882 nobis
1142 2818 1220 2901 agit,
1242 2839 1307 2885 non
1329 2821 1460 2887 moleste

142 2908 228 2985 ier03
258 2905 314 2972 scd
344 2917 447 2972 tamen
468 2928 507 2972 ec
530 2908 598 2993 ipso
620 2907 690 2979 die,
720 2929 784 2993 quo
813 2908 889 2972 baec
908 2918 980 2973 ante
1001 2909 1102 2975 lucem
1124 2910 1317 2989 scribebam,
1345 2915 1461 2999 cogita·

143 3001 214 3065 barn
236 3002 304 3065 eius
325 3000 420 3064 multa
442 3000 549 3086 inique
570 3001 734 3065 constituta
757 3012 876 3067 stacta
899 3001 1019 3068 tollere.
1061 3009 1092 3069 3.
1114 3009 1201 3070 Nunc
1222 3008 1315 3072 venio
1330 3008 1368 3072 ad
1383 3014 1461 3074 Bru-

143 3104 224 3171 tum;
260 3114 352 3179 quem
380 3114 440 3178 ego
466 3093 552 3159 omni
582 3092 687 3159 studio
720 3106 751 3159 te
772 3105 902 3160 auctore
924 3117 993 3161 sum
1015 3099 1215 3183 complexus,
1249 3122 1343 3187 quem
1365 3103 1496 3167 etiamst

142 3207 247 3251 amare
269 3207 449 3272 coeperam
472 3187 541 3262 sed,
564 3187 654 3261 dico,
676 3189 823 3253 revocavi
845 3210 910 3263 me,
933 3210 972 3253 ne
993 3196 1023 3253 te
1041 3191 1244 3259 offenderem.
1286 3194 1355 3260 Noli
1376 3197 1457 3260 enirn

141 3291 252 3371 putare
286 3303 335 3348 me
357 3283 527 3370 quidquam
549 3282 694 3347 maluisse
716 3303 824 3368 qnam,
857 3291 894 3347 ut
914 3282 1076 3348 mandarat
1096 3286 1139 3359 is,
1168 3286 1287 3363 iacere,
1318 3310 1376 3353 nec
1396 3290 1459 3354 ulla

143 3375 182 3441 de
203 3397 240 3440 re
262 3375 330 3461 plus
351 3376 520 3442 laborasse.
563 3375 778 3441 Mandntorum
802 3385 905 3440 autem
935 3375 1012 3440 mibi
1033 3376 1172 3443 libellum
1195 3381 1297 3460 dedit;
1334 3382 1459 3447 iisdem·

142 3491 204 3556 que
226 3469 381 3536 derebus
403 3481 437 3537 tu
460 3491 582 3535 mecum
604 3490 725 3554 egeras.
783 3469 894 3534 Omnia
916 3490 984 3534 sum
1007 3470 1242 3555 diligentissime
1263 3485 1456 3562 persecutus.

141 3562 296 3637 Primum,
323 3562 364 3626 ab
386 3562 595 3628 Ariobarzane
618 3563 664 3628 sic
684 3562 845 3638 contendi,
877 3572 912 3628 ut
933 3562 1064 3638 talenta,
1087 3567 1266 3650 quaemihi
1289 3569 1497 3655 pollicebare

142 3666 210 3731 tur,
234 3656 279 3720 illi
301 3655 398 3721 daret.
450 3657 565 3735 Quoad
587 3677 709 3722 mecum
731 3678 791 3723 rex
813 3655 888 3729 luit,
910 3655 1053 3742 perbono
1076 3659 1146 3723 loco
1168 3681 1220 3726 res
1242 3673 1325 3740 erat;
1347 3674 1457 3749 posta

212 3803 237 3852 1.
259 3801 332 3850 luter
348 3801 505 3865 respondebo
524 3804 604 3852 etsie
622 3804 743 3853 detectus
760 3803 868 3864 signum
889 3803 979 3864 posuit
997 3801 1149 3864 Victorius,
1166 3807 1325 3868 respondebo
1343 3805 1457 3877 χρύσεα

140 3870 293 3932 χαλκείων.
312 3872 423 3932 sicmg.
445 3870 568 3934 Repetttt.
590 3872 685 3923 bamb.
717 3899 748 3910 -
781 3871 897 3935 postules
915 3885 955 3934 pr.
975 3870 1013 3921 Μ.
1043 3898 1072 3910 -
1109 3891 1155 3925 nec
1181 3878 1310 3939 (spatium
1330 3874 1456 3940 vacnum)

141 3942 169 3990 id
186 3950 224 3991 est
241 3942 407 3990 domesticam
425 3941 643 4003 dispensationem
659 3957 744 3994 meam
763 3944 784 3992 l.
813 3966 842 3976 -
860 3942 886 3991 3.
907 3943 1013 4005 mattea
1032 3948 1055 3993 te
1072 3958 1142 3994 meas
1159 3947 1203 4005 ll,
1229 3948 1361 3998 Ctbttrs'ste
1387 3961 1458 3997 meas

140 4010 173 4067 1,
193 4012 313 4074 Cibyrate
329 4025 399 4061 meas
418 4011 448 4060 11.
468 4036 502 4046 -
536 4013 563 4062 ’1.
584 4010 668 4077 Quod]
687 4029 765 4078 quam
782 4013 814 4061 lt.
836 4037 863 4048 -
885 4011 910 4061 8.
931 4012 979 4061 tibi
996 4013 1051 4062 del.
1071 4014 1107 4066 Μ.
1130 4038 1159 4052 -
1180 4017 1364 4068 liberalitatem
1379 4018 1455 4067 MRl.

141 4083 308 4138 (tlcrrectum
335 4081 362 4130 iu
388 4079 565 4146 Victoriana.)
589 4107 622 4116 —
657 4084 768 4146 probari
785 4082 830 4131 ltl.
848 4104 880 4115 -
915 4081 942 4131 9.
967 4090 1093 4144 putaram
1109 4085 1201 4147 paullo
1219 4101 1288 4138 secus
1307 4088 1456 4139 Cratander

141 4155 168 4198 at
186 4150 347 4200 Lambinus:
365 4157 579 4213 putaramsecus
597 4151 694 4204 1111111.
719 4176 747 4188 -
785 4152 899 4202 enimin
917 4152 1009 4202 itinere
1027 4153 1169 4204 admell.
1193 4181 1220 4192 -
1260 4158 1303 4209 ta.
1324 4154 1357 4221 ei]
1376 4159 1456 4207 ndens

140 4219 172 4268 ts.
192 4244 226 4255 -
261 4221 303 4271 13.
322 4227 351 4270 ut
369 4227 393 4271 et
411 4221 455 4281 Μ,
474 4223 593 4272 immutet
611 4222 632 4272 1.
651 4229 743 4274 (mutet
761 4236 815 4286 mg.
835 4219 885 4283 Μ.)
916 4244 943 4255 ·-
982 4223 1025 4271 15.
1045 4231 1159 4275 enectam
1177 4229 1455 4298 προσανανρεφομέ·

141 4303 195 4353 νην
213 4294 237 4340 et
254 4303 315 4340 ama
335 4303 374 4339 me
391 4290 419 4341 Μ
438 4296 464 4340 et
484 4290 596 4353 (omisso
615 4291 719 4344 Graeco
737 4290 882 4354 vocabolo)
901 4292 931 4352 1,
963 4297 1075 4340 enectam
1093 4300 1117 4344 et
1134 4310 1456 4367 προσανατρεφομενην

140 4360 307 4409 nutriendam
330 4367 353 4409 et
378 4373 497 4411 amasne
522 4361 554 4412 n.
582 4387 610 4398 -
655 4363 785 4421 oiditld,
811 4362 866 4410 vidi
885 4361 928 4409 lll.
967 4358 1156 4423 (Emendatum
1178 4365 1204 4415 lu
1224 4366 1403 4425 llanutians.)
1424 4391 1454 4402 -

141 4426 180 4476 lo.
201 4435 325 4479 succenset
342 4435 366 4478 et
383 4431 461 4480 modo
480 4432 514 4481 ltl
533 4437 560 4481 et
578 4446 617 4496 pr.
636 4431 673 4484 11.
695 4456 726 4469 ·-
763 4433 805 4482 ts.
827 4430 997 4480 obtinentibus
1014 4445 1070 4480 earn
1090 4432 1112 4482 1.
1129 4459 1156 4470 -
1196 4436 1240 4486 21.
1259 4437 1375 4502 kpatat
1393 4436 1456 4499 quid

140 4499 219 4548 etiam
237 4498 258 4549 l.
278 4520 306 4535 ··
340 4499 385 4548 31.
405 4500 482 4550 Hanc
500 4500 574 4553 Mill.
612 4502 783 4561 (Emendarit
801 4515 832 4551 er
850 4501 915 4551 Cod.
937 4499 1024 4549 Ursini
1044 4501 1205 4564 Ernestius.)
1225 4532 1255 4543 -
1293 4507 1336 4557 25.
1356 4513 1453 4570 pectant

139 4571 252 4618 Arcens.
273 4569 349 4618 tertia
368 4574 394 4619 et
417 4570 573 4621 Schuetstus
592 4572 688 4624 lnEd.
708 4573 772 4623 mai.
807 4594 834 4604 -
872 4570 916 4619 28.
935 4570 1068 4620 baccam.
1090 4570 1112 4623 1.
1139 4599 1171 4611 -
1207 4575 1250 4625 31.
1269 4577 1347 4626 anot
1376 4576 1453 4624 Lam·

141 4638 232 4697 binos,
259 4651 313 4687 om.
344 4639 456 4691 sistens.
485 4642 573 4692 tertia.
608 4642 682 4695 Fert.
710 4644 753 4693 sed
771 4643 823 4692 cito
841 4641 968 4689 reuocant.
989 4639 1039 4690 On.
1071 4667 1099 4678 —
1138 4645 1205 4693 enim
1224 4653 1359 4708 reputare
1377 4645 1398 4694 1.
1419 4669 1453 4679 —

140 4709 184 4759 33.
202 4707 402 4769 mandaretis,
421 4712 505 4774 {acue
525 4711 645 4764 Ernestlo
664 4719 774 4764 auctore
793 4710 967 4761 Schuetsius:
989 4712 1122 4761 mandatis
1137 4715 1247 4777 [acmen
1261 4730 1301 4779 pr.
1316 4716 1358 4774 ll,
1378 4730 1452 4764 man·

139 4778 210 4827 datis
226 4779 401 4839 satulamrem
419 4779 441 4830 tt
459 4787 486 4830 et
504 4794 574 4832 corr.
593 4780 630 4841 Μ,
649 4783 781 4834 mandatis
798 4782 851 4831 tuis
867 4781 1042 4841 satisfacerem
1061 4781 1083 4842 l,
1101 4784 1212 4835 mandat
1231 4787 1262 4842 is,
1280 4787 1364 4849 [acme
1376 4785 1404 4837 ll.
1419 4811 1446 4822 -

140 4847 183 4898 33.
203 4849 329 4914 eamque
343 4848 380 4904 Μ.
405 4873 436 4888 -
456 4850 502 4903 ss.
521 4848 590 4916 erat]
607 4852 658 4915 {uit
676 4853 698 4905 1.
712 4879 745 4889 -
763 4859 854 4917 postea
871 4850 976 4914 pompei
992 4863 1032 4916 pr.
1046 4851 1083 4904 Μ.
