3256 5400
644 233 718 295 tm.
739 232 794 295 lx.
838 232 896 293 ΕΡ.
921 232 969 293 11.
1394 233 1455 294 575

140 391 270 457 consciis
292 409 370 474 egeo
392 389 471 453 aliis.
514 392 599 472 Ego,
622 388 649 452 si
670 387 746 453 nibil
767 387 913 472 peccavi,
936 385 1057 470 reliqua
1078 384 1201 453 tuebor.
1244 385 1291 453 Ad
1312 407 1349 452 ea
1369 397 1404 453 tu
1424 397 1455 451 te

140 486 266 550 hortare
299 494 329 548 et
358 504 408 548 me
437 480 566 547 omnino
588 491 640 546 tua
662 481 849 565 cogitatione
871 480 994 545 adiuva.
1038 478 1095 544 llic
1117 478 1268 545 nihildum
1290 479 1329 546 de
1351 479 1454 546 reditu

141 578 280 644 Caesaris
302 574 496 642 audiebatur.
547 579 613 660 Ego
636 575 684 639 bis
705 575 816 656 litteris
838 575 898 639 boc
920 585 1024 639 tamen
1046 572 1183 658 profeci:
1205 574 1325 659 perlegi
1346 595 1455 640 omnes

140 684 207 737 tuas
230 682 261 736 et
282 671 313 736 in
335 691 374 735 eo
396 667 548 754 acquievi.

614 812 667 872 nr.
711 811 760 889 (A.
788 811 820 872 u
844 811 875 872 a.
898 809 984 886 705.)
1060 770 1063 777 Α

618 931 760 995 ClCERO
783 930 926 994 ATTICO
950 932 981 993 S.

226 1051 252 1110 l.
274 1043 438 1109 Lentulum
469 1051 609 1106 nostrum
631 1040 692 1105 scis
715 1040 849 1104 Puteolis
871 1061 960 1116 esse;
998 1040 1082 1126 quod
1104 1061 1174 1106 cum
1197 1063 1214 1106 e
1238 1043 1357 1107 viatore
1378 1063 1458 1128 quo-

140 1142 211 1206 dam
236 1148 317 1203 esset
338 1136 490 1209 auditum,
520 1136 573 1221 qui
596 1156 628 1198 se
651 1134 768 1198 diceret
790 1154 861 1197 eum
885 1138 915 1197 in
938 1135 1056 1219 Appia,
1079 1156 1149 1199 cum
1171 1136 1197 1200 is
1212 1136 1349 1223 paullum
1371 1136 1458 1200 lecti·

140 1257 208 1301 cam
233 1232 419 1318 aperuisset,
456 1248 626 1313 cognosse,
660 1227 717 1290 etsi
749 1229 801 1290 vix
830 1227 896 1290 veri
929 1227 1046 1301 simile,
1084 1228 1153 1292 misi
1186 1238 1288 1293 tamen
1309 1230 1456 1294 Puteolos

142 1349 281 1416 pueros,
320 1325 373 1410 qui
406 1323 667 1410 pervestigarent,
706 1329 737 1384 et
768 1319 807 1383 ad
837 1341 908 1384 eum
931 1320 1060 1384 litteras.
1114 1326 1259 1387 inventus
1281 1335 1328 1388 est
1349 1325 1403 1388 vir
1425 1329 1455 1388 in
1470 1336 1493 1374 ¹⁰

141 1423 239 1489 bortis
262 1420 326 1485 suis
348 1439 381 1482 se
403 1416 574 1489 occultans,
613 1415 793 1498 litterasque
815 1413 891 1477 mibi
913 1414 1051 1485 remisit,
1075 1414 1204 1480 mirilico
1225 1420 1341 1501 gratias
1363 1440 1457 1503 agens

142 1514 284 1583 Caesari:
307 1512 345 1577 de
368 1532 426 1575 suo
449 1520 552 1573 autem
574 1509 706 1574 consilio
730 1512 762 1571 C.
785 1507 896 1572 Caecio
919 1508 1059 1572 mandata
1082 1509 1120 1573 ad
1144 1531 1193 1573 me
1208 1509 1342 1576 dedisse.
1378 1517 1457 1577 Eum

141 1630 200 1695 ego
222 1606 316 1673 bodie
338 1602 571 1689 exspectabam,
594 1602 625 1666 id
649 1612 711 1672 est,
734 1620 812 1665 xnv.
837 1599 905 1664 Kal.
926 1601 1023 1687 April.
1067 1607 1097 1666 2.
1119 1604 1211 1670 Venit
1232 1606 1325 1671 etiam
1347 1606 1385 1670 ad
1408 1627 1457 1671 me

140 1703 251 1769 Matius
274 1696 542 1785 Quinquatribus,
579 1696 673 1760 bomo
697 1693 890 1769 mehercule,
925 1706 959 1760 ut
980 1696 1056 1760 mibi
1078 1696 1162 1762 visus
1184 1707 1245 1770 est,
1269 1706 1457 1785 temperatus

141 1809 171 1861 et
191 1794 345 1881 prudens;
368 1791 560 1856 existimatus
583 1789 708 1876 quidem
731 1797 777 1852 est
799 1809 923 1875 semper
945 1801 1054 1855 auctor
1077 1791 1144 1855 otii.
1190 1794 1292 1869 Quam
1313 1792 1366 1856 illc
1381 1791 1457 1857 baec
1470 1817 1493 1853 u

141 1911 202 1954 uon
231 1885 366 1975 probare
399 1885 473 1949 mibi
507 1883 633 1971 quidem
655 1883 740 1947 visus
762 1885 823 1946 estl
854 1905 946 1969 quam
969 1885 1052 1948 illam
1074 1896 1219 1961 νεκυίαν,
1242 1897 1276 1950 ut
1297 1895 1330 1951 tu
1352 1887 1457 1972 appel·

141 1984 201 2055 las,
231 1982 357 2046 timeret
395 1979 474 2043 Huic
507 1997 566 2061 ego
596 1981 625 2041 in
655 1975 753 2041 multo
786 1996 931 2041 sermone
959 1977 1123 2063 epistolam
1158 1979 1197 2043 ad
1233 2000 1283 2043 me
1316 1981 1456 2046 Caesaris

141 2075 279 2147 ostendi,
317 2094 402 2145 eam,
438 2076 527 2136 cuius
550 2068 727 2153 exemplum
750 2067 789 2132 ad
811 2078 840 2132 te
863 2080 952 2134 autea
973 2075 1063 2149 misi;
1098 2073 1284 2158 rogavique,
1306 2083 1341 2138 ut
1364 2074 1458 2139 inter-

95 2208 100 2220 ·
141 2179 332 2254 protuetur,
366 2165 442 2252 quid
463 2175 564 2236 esset,
588 2162 672 2248 quod
694 2161 745 2226 itte
768 2161 937 2237 scriberet,
960 2166 1121 2238 „consilio
1144 2187 1214 2231 meo
1236 2190 1270 2231 se
1291 2168 1337 2233 uti
1360 2169 1456 2241 velle,

141 2262 257 2346 gratia,
292 2260 458 2344 dignitate,
496 2279 555 2343 ope
589 2277 695 2320 rerum
726 2256 895 2320 omnium.''
952 2261 1123 2345 Respondit
1155 2283 1272 2327 senon
1295 2261 1494 2337 dubitarem·

142 2357 216 2442 quin
238 2365 382 2441 elopem
405 2361 435 2416 et
456 2351 587 2436 gratiam
611 2369 711 2414 meam
733 2349 784 2414 ille
807 2349 846 2413 ad
859 2350 1105 2435 pacificationem
1121 2365 1293 2440 quaereret.
1337 2358 1458 2422 Utinam

141 2449 268 2531 aliquod
296 2449 329 2512 in
357 2445 413 2511 bac
441 2445 566 2510 miseria
593 2443 640 2507 rei
668 2441 810 2528 publicae
839 2447 1006 2512 πολιτικὸν
1033 2467 1113 2532 opus
1143 2449 1267 2513 efficere
1290 2459 1319 2514 et
1341 2472 1457 2516 navare

141 2543 217 2607 mibi
245 2543 353 2608 liceatt
388 2543 500 2604 Matius
530 2537 656 2623 quidem
678 2544 709 2599 et
731 2534 819 2600 illum
841 2538 873 2601 in
900 2560 936 2602 ea
965 2540 1117 2604 sententia
1140 2562 1208 2606 esse
1230 2542 1405 2609 confidebat
1427 2555 1459 2609 et

141 2657 175 2700 sc
197 2645 356 2700 auctorem
380 2632 449 2697 lore
471 2630 687 2718 pollicebatur.
736 2633 764 2693 3.
787 2630 890 2694 Pridie
912 2641 1016 2696 autem
1037 2633 1120 2718 apud
1142 2655 1192 2700 me
1215 2637 1374 2723 Crassipes
1391 2638 1458 2702 lue-

140 2738 204 2801 rat,
227 2728 281 2814 qui
303 2749 337 2792 se
360 2726 460 2812 pridie
481 2731 584 2790 Nonas
605 2728 694 2787 Mart.
716 2722 883 2788 Brundisio
905 2724 1079 2810 profectum
1097 2735 1189 2813 atque
1211 2728 1253 2793 ibi
1274 2731 1494 2817 Pompeiano

141 2820 305 2907 reliquisse
327 2818 463 2895 dicebat;
497 2817 582 2905 quod
604 2815 714 2888 etiam,
737 2816 791 2901 qui
813 2836 872 2881 111.
894 2817 967 2883 ldus
988 2819 1072 2884 illinc
1094 2820 1226 2906 proiecti
1248 2839 1356 2898 eraut,
1380 2846 1458 2889 nun·

141 2913 272 2978 tiabant:
309 2913 392 2993 †illa
414 2933 507 2989 vero,
536 2930 644 2976 omnes
668 2951 723 2982 -,
758 2908 790 2973 in
812 2910 928 2996 quibus
951 2912 1044 2976 etiam
1066 2915 1241 3000 Crassipes,
1272 2917 1364 3003 †qui
1385 2938 1459 3003 pru·

142 3007 246 3073 dentia
278 3007 384 3093 potius
412 3006 572 3071 attendere
601 3037 663 3076 -‚
699 3021 860 3067 sermones
889 3003 1042 3078 minaces,
1081 3006 1223 3073 inimicos
1244 3009 1456 3095 optimatium,

142 3101 383 3187 municipiorum
405 3100 525 3172 hostes,
558 3118 660 3163 meras
682 3095 946 3182 proscriptiones,
979 3120 1084 3164 meros
1106 3101 1219 3178 Sullas;
1243 3124 1322 3188 quae
1344 3108 1459 3169 Lucce-

142 3195 206 3260 ium
228 3194 333 3280 loquil
356 3215 436 3280 quae
458 3203 553 3259 totam
577 3189 759 3258 Gracciaml
781 3211 863 3275 quae
885 3213 962 3257 vero
977 3192 1212 3279 Tbeopbaneml
1249 3200 1280 3260 4.
1302 3201 1340 3262 Et
1355 3208 1494 3262 umen-u

142 3288 243 3353 omnis
265 3310 336 3375 spes
358 3288 464 3353 salutis
486 3287 517 3351 in
539 3286 599 3351 illis
626 3292 692 3358 est;
731 3294 762 3347 et
784 3303 842 3368 ego
862 3284 989 3352 excubo
1011 3287 1115 3352 auimo
1144 3309 1201 3353 nec
1221 3300 1341 3374 partem
1362 3293 1457 3357 ullam

142 3381 232 3466 capio
254 3383 383 3468 quietis;
423 3391 468 3455 et,
492 3391 526 3446 ut
548 3382 602 3445 bas
624 3384 726 3464 pestes
748 3375 911 3462 elingiam,
942 3399 1014 3444 cum
1036 3379 1247 3447 dissimillimis
1269 3385 1367 3449 nostri
1390 3406 1458 3450 esse

142 3474 245 3558 cupio.
303 3474 387 3553 Quid
417 3474 499 3539 enim
533 3484 565 3539 tu
586 3474 653 3540 illic
682 3468 874 3554 Scipionem,
914 3473 990 3560 quid
1011 3479 1173 3549 Faustum,
1210 3476 1284 3563 quid
1306 3476 1457 3542 Libonem

141 3568 436 3652 praetermissurum
452 3567 577 3633 sceleris
599 3575 708 3654 putast
731 3599 770 3610 -
818 3587 954 3652 quorum
976 3569 1146 3633 creditores
1168 3572 1336 3635 convenire
1351 3571 1459 3635 dicuu-

142 3668 195 3724 tur
216 3684 270 3737 -;
293 3661 368 3746 quid
390 3683 445 3726 eos
467 3670 587 3734 autem,
621 3682 691 3726 cum
714 3661 862 3734 vicerint,
885 3661 916 3725 in
939 3662 1023 3727 cives
1045 3662 1237 3728 effecturos?
1266 3684 1358 3749 quam
1381 3684 1495 3728 verosa

191 3857 237 3910 ’7.
257 3862 395 3911 Lentulum
413 3859 477 3924 ceu]
498 3863 571 3912 llaec
591 3864 762 3925 praecedeuti
781 3863 911 3926 epistolae
930 3863 1052 3925 adiungit
1070 3862 1107 3912 Μ.
1129 3886 1157 3896 -
1188 3863 1214 3912 8.
1233 3864 1322 3926 Appio
1339 3866 1383 3914 oio
1400 3879 1458 3915 cum

144 3931 178 3980 tu
205 3938 232 3981 et
256 3945 326 3981 corr.
353 3932 389 3981 Μ.
420 3958 451 3966 -
485 3934 632 3994 paullulum
650 3935 681 3983 R.
703 3957 733 3968 -
770 3935 796 3983 0.
815 3936 861 3982 ula
878 3933 1014 3983 uidebatur
1032 3933 1169 3982 ueriumila
1187 3933 1219 3982 lt.
1240 3959 1271 3969 -
1307 3936 1349 3984 10.
1369 3935 1468 3993 literas¹

143 4008 202 4051 aunt
219 4010 322 4052 uentum
339 4009 375 4050 est
394 4016 434 4064 pr.
455 4001 491 4052 Μ.
521 4024 551 4037 ·-
589 4004 631 4053 11.
650 4017 707 4054 auca
725 4004 856 4052 occultans
873 4002 919 4061 Μ,
936 4005 990 4052 aula
1008 4003 1138 4053 occultans
1155 4003 1198 4052 Iti.
1226 4027 1256 4038 -
1294 4005 1336 4054 12.
1366 4006 1395 4056 C.
1416 4006 1459 4055 Co·

145 4073 182 4120 tto
200 4072 263 4127 titt,
283 4072 310 4122 C.
332 4072 400 4122 Gallo
420 4072 441 4121 l·
478 4070 564 4124 tCorr.
583 4086 614 4123 ex
634 4071 678 4136 Y.)
698 4096 728 4107 -
757 4073 800 4122 13.
818 4074 846 4122 ta
864 4069 911 4134 eat]
931 4074 989 4122 idua
1007 4075 1037 4123 n.
1059 4097 1089 4108 -
1125 4086 1199 4124 xrvvr.
1223 4073 1296 4124 ttut.
1336 4073 1457 4137 (lituos,

144 4141 187 4195 Y.)
229 4165 259 4176 -
296 4141 340 4192 15.
359 4142 515 4192 auctoritati
534 4157 574 4204 pr.
595 4143 636 4199 Μ.
666 4149 758 4193 auctor
782 4145 820 4192 ou·
838 4155 908 4192 corr.
930 4142 967 4192 Μ.
997 4165 1028 4177 -
1069 4145 1117 4192 boc
1140 4144 1204 4193 mill
1232 4157 1287 4193 ooo
1316 4152 1373 4195 tam
1396 4160 1458 4209 pro·

144 4211 205 4260 bare
221 4212 291 4260 uitur
310 4212 341 4260 tt.
363 4234 392 4245 -
420 4227 546 4262 natutae
565 4213 596 4262 il·
619 4236 646 4247 -
673 4213 716 4263 17.
736 4208 828 4274 multo]
846 4218 937 4261 mutuo
955 4212 1072 4262 malebat
1089 4213 1274 4263 Casaubouua.
1297 4241 1325 4252 -
1353 4216 1396 4267 18.
1416 4229 1459 4264 ro-

144 4282 251 4345 gavique
269 4295 309 4344 pr·
328 4280 366 4330 Μ.
392 4307 416 4314 --
462 4283 504 4331 20.
530 4283 663 4345 respondit
680 4281 715 4346 aa]
736 4283 896 4345 rupmvduu
915 4296 955 4343 pr.
976 4282 1012 4332 Μ.
1044 4306 1074 4317 -
1110 4297 1164 4332 uon
1189 4284 1309 4335 dubitare
1333 4299 1387 4336 om.
1416 4298 1456 4347 pr.

144 4349 187 4409 Μ,
215 4356 273 4412 post
299 4358 431 4414 quaereret
463 4352 536 4415 ponit
567 4353 587 4401 l.
621 4379 649 4388 -
688 4354 730 4401 22.
759 4354 789 4401 tu
806 4353 854 4402 bac
873 4352 980 4414 aliquod
997 4351 1070 4401 Mitt.
1109 4353 1298 4416 (Transposuit
1316 4353 1401 4414 Pius.)
1428 4380 1456 4389 ·-

144 4416 253 4482 muare]
272 4435 375 4470 manere
394 4423 414 4470 t.
442 4448 468 4457 -
509 4422 552 4471 23.
573 4436 624 4472 aue
641 4437 695 4472 orn.
716 4437 755 4486 pr.
777 4422 812 4473 Μ.
838 4448 871 4457 -
908 4421 951 4470 aa.
969 4422 1158 4483 pollicebantur
1177 4439 1216 4487 pr.
1237 4425 1274 4474 Μ.
1297 4449 1323 4461 ··
1355 4427 1459 4487 Cratip-

143 4503 192 4552 pus
211 4504 251 4551 pr.
270 4489 308 4541 Μ.
345 4490 388 4540 Sic
405 4492 542 4554 deinceps.
564 4518 592 4529 -
622 4493 665 4541 27.
685 4490 743 4555 tila]
762 4493 821 4541 llloa
839 4492 1005 4542 Scbuetzius.
1026 4492 1118 4542 Malim
1136 4493 1198 4543 illic,
1219 4494 1269 4544 Oa.
1291 4521 1320 4530 -
1348 4495 1391 4544 28.
1411 4509 1458 4556 po·

145 4561 196 4608 tius
214 4560 295 4610 tint:
313 4561 462 4622 patiacum
483 4563 562 4611 bosio
581 4562 610 4611 li.
631 4559 708 4626 (quaa
723 4569 848 4624 portenta
859 4570 938 4623 putas
951 4562 1101 4612 ostenderat
1123 4563 1290 4614 Schuetzius·
1312 4566 1384 4615 Port.
1404 4578 1458 4628 qua

143 4630 284 4691 prudentio
299 4632 394 4691 putari
415 4654 445 4664 -
465 4631 592 4697 effundere
609 4645 737 4682 eumenes
755 4638 804 4681 cet.
824 4628 887 4692 01.)
908 4655 939 4664 -
975 4632 1017 4680 32.
1038 4632 1085 4682 bae
1100 4636 1167 4695 petia
1185 4633 1227 4693 Μ,
1247 4642 1363 4697 aspectus
1382 4636 1403 4684 l.
1426 4660 1454 4670 -

145 4702 242 4748 nostris
264 4699 338 4748 tint.
374 4699 465 4760 (Corn.
490 4702 516 4750 in
539 4701 718 4756 Manutiaua.)
736 4726 770 4736 -
804 4701 848 4751 33.
876 4700 937 4748 litua
960 4701 1009 4749 bil·
1040 4726 1067 4736 -
1104 4705 1206 4766 quidem
1229 4713 1332 4754 emtum
1351 4719 1391 4767 pv.
1410 4702 1456 4758 Μ.

145 4771 206 4831 quid
233 4771 386 4819 Emauatum
409 4783 479 4819 corr.
508 4771 553 4826 Μ.
584 4772 647 4834 quid
672 4771 819 4820 amantium
837 4771 875 4829 R,
906 4771 969 4833 quid
988 4772 1125 4836 Eulogium
1143 4774 1165 4823 Ι.
1195 4799 1224 4809 -
1261 4775 1304 4824 30.
1324 4777 1459 4825 conuenire

143 4847 208 4900 puto
226 4841 349 4888 dictantur
367 4839 398 4889 u.
421 4866 447 4876 -
487 4839 530 4890 05.
550 4841 681 4906 effecturos
697 4841 800 4904 putas?
819 4843 863 4904 qul
880 4853 943 4889 uam
960 4853 1020 4889 uara
1040 4841 1069 4891 n.
