3256 5400
174 240 238 304 208
609 233 883 299 EPISTULARUM
905 235 957 298 ΑΙ)
980 233 1070 297 del.

176 397 278 486 qnod,
314 417 384 460 curn
411 392 494 459 aliud
521 391 613 457 malle
634 392 856 456 amicissimum
883 401 971 455 tuum
993 401 1137 475 putares,
1172 389 1331 476 antiquius
1353 390 1410 456 tibi
1432 390 1505 455 offi-

175 494 258 559 cinm
280 509 386 554 meum
407 508 501 574 quam
522 485 607 550 illius
628 485 771 551 voluntas
792 483 862 548 luit.
918 487 948 547 2.
975 482 1128 569 Equidem
1151 493 1183 548 et
1203 494 1274 549 ante
1296 483 1357 549 boc
1378 493 1503 571 ternpus

177 597 207 652 te
229 582 324 650 dilexi
346 591 377 646 et
398 600 523 666 semper
544 600 595 644 me
616 600 634 643 a
655 588 686 645 te
708 578 795 663 diligi
820 581 914 642 sensi.
956 579 1087 642 Etcum
1109 576 1251 643 abessem
1272 586 1366 665 atque
1388 579 1420 644 in
1435 600 1504 644 ma-

176 680 244 763 gnis
265 675 411 765 periculis
434 695 555 749 essem,
585 682 617 739 et
637 695 687 739 me
708 672 867 738 absentem
890 680 921 735 et
942 691 1029 735 meos
1050 680 1230 757 praesentes
1253 694 1272 737 a
1294 683 1324 738 te
1346 674 1449 740 cultos
1471 683 1504 738 et

153 775 320 840 tdelensos
342 790 411 835 csse
432 768 575 846 memini;
600 778 632 832 et
656 778 729 853 post
749 786 854 830 meum
875 763 1028 839 reditum,
1052 787 1145 851 qnam
1160 765 1357 832 familiariter
1378 788 1503 833 mecum

178 866 312 937 vixeris.
335 884 479 950 quaeque
500 883 560 948 ego
583 862 622 927 do
648 872 679 926 to
701 869 731 925 ot
753 859 905 924 senserim
927 867 958 924 et
978 858 1203 944 praedicarim,
1226 882 1351 935 omnes,
1375 862 1430 946 qui
1452 879 1505 926 so-

176 960 239 1026 lent
259 958 336 1023 baec
357 955 626 1028 animadvertere,
664 962 757 1019 testes
783 951 943 1017 babemus.
1003 952 1228 1018 Gravissimum
1251 976 1328 1020 vero
1349 955 1502 1020 iudicium

175 1052 215 1118 de
236 1072 306 1115 mea
327 1049 388 1114 lide
411 1059 442 1113 et
463 1049 633 1113 constantia
657 1046 773 1120 iecisti,
795 1067 866 1111 cum
888 1055 959 1132 post
980 1057 1114 1111 mortem
1137 1048 1276 1112 Caesaris
1296 1057 1396 1114 totum
1416 1060 1447 1113 te
1462 1048 1503 1114 ad

174 1144 341 1211 amicitiam
363 1165 465 1208 meam
487 1142 654 1208 contulisti.
699 1139 793 1219 Quod
815 1151 903 1205 tuum
925 1139 1075 1204 iudicium
1097 1140 1155 1205 nisi
1177 1162 1248 1205 mea
1263 1164 1385 1208 summa
1406 1142 1503 1207 bene-

141 1237 313 1304 wrolentia
333 1257 407 1322 erga
431 1245 459 1300 te
481 1235 690 1321 omnibusque
712 1233 832 1298 meritis
848 1232 1074 1317 comprobem,
1096 1234 1164 1319 ipse
1186 1256 1237 1299 me
1259 1235 1418 1301 bominem
1439 1258 1504 1299 non

175 1329 304 1417 putabo.
347 1334 378 1394 3.
411 1333 474 1403 Τιι,
507 1329 551 1392 mi
573 1328 670 1415 Oppi,
693 1326 893 1392 conservabis
914 1348 1057 1392 amorem
1072 1337 1160 1393 tuum
1183 1365 1224 1375 -
1245 1329 1305 1394 etsi
1325 1349 1415 1393 more
1435 1349 1505 1391 ma-

175 1424 224 1510 gis
246 1423 306 1488 boc
337 1422 465 1509 quidem
487 1421 609 1496 scribo,
645 1443 739 1508 mam
761 1442 824 1508 qno
846 1429 877 1485 te
898 1420 1129 1486 admonendum
1151 1431 1259 1508 putem
1282 1456 1338 1496 -‚
1368 1442 1503 1506 meaque

176 1516 281 1583 omnia
303 1515 447 1581 tuebere:
471 1536 551 1602 quac
573 1514 690 1580 tibine
713 1515 818 1599 ignota
839 1524 962 1589 essent,
984 1515 1086 1581 Attico
1111 1515 1272 1592 mandavi;
1293 1536 1312 1580 a
1330 1526 1503 1580 meantem

176 1631 247 1678 cum
276 1610 415 1697 paullum
443 1609 501 1675 otii
530 1608 610 1673 nacti
632 1608 765 1680 erimus,
794 1607 959 1673 uberiores
988 1609 1106 1674 litteras
1127 1618 1318 1695 exspectato.
1360 1612 1406 1673 Da
1427 1627 1506 1692 ope-

143 1721 261 1778 ttram‚
283 1715 319 1770 ut
339 1704 459 1782 valeas;
481 1703 542 1769 boc
563 1702 640 1768 mibi
660 1703 778 1788 gratius
799 1703 904 1768 lacere
926 1702 1002 1769 nibil
1021 1712 1121 1789 potes.

739 1960 944 1973 *n*—

703 2187 854 2248 LIBER
884 2185 975 2248 ΧΗ.

385 2381 466 2454 ΑΙ)
493 2378 538 2457 Ο.
565 2377 842 2457 CASSIUM
866 2378 944 2454 ΕΤ
976 2377 1273 2456 CETEROS.

752 2567 920 2578 ————-

669 2692 993 2783 runcum

661 2809 803 2872 arcano
827 2812 963 2874 cassio
986 2814 1018 2876 s.

177 2944 207 3006 t.
249 2919 376 3005 Finem
398 2936 514 3002 nnllam
537 2935 635 3011 lucio,
658 2935 734 3001 mibi
756 2937 867 3011 crede,
891 2940 993 3013 Cassi,
1023 2939 1063 3004 de
1084 2949 1115 3006 te
1138 2948 1168 3005 et
1190 2939 1231 3006 de
1252 2948 1351 3008 Bruto
1373 2955 1503 3021 nostro,

176 3033 292 3109 idest,
329 3030 368 3096 de
390 3039 455 3095 tota
474 3050 512 3094 re
532 3028 656 3116 publica
678 3030 848 3115 cogitandi,
885 3033 974 3098 cuius
1006 3033 1108 3099 omnis
1134 3055 1205 3121 spes
1227 3035 1260 3100 in
1281 3036 1371 3102 vobis
1400 3050 1448 3104 est
1470 3048 1502 3103 et

139 3127 209 3191 acin
240 3131 278 3191 D.
306 3131 414 3190 Bruto.
469 3126 570 3200 Quam
598 3123 726 3208 quidem
758 3124 820 3188 iarn
847 3123 947 3189 habeo
968 3126 1036 3211 ipse
1061 3127 1245 3201 meliorem,
1279 3151 1315 3195 re
1337 3130 1501 3217 publicae

176 3219 337 3287 Dolabella
369 3238 441 3282 meo
469 3216 717 3300 praeclarissime
745 3226 841 3300 gesta.
898 3218 1042 3282 Manabat
1063 3218 1146 3284 enim
1170 3220 1246 3287 illud
1267 3224 1383 3289 malurn
1406 3224 1504 3290 urba-

177 3335 251 3379 num
273 3312 367 3377 etita
389 3308 656 3375 corroborabatur
677 3310 838 3395 quotidie,
860 3320 895 3375 ut
916 3332 976 3396 ego
998 3312 1124 3398 quidem
1148 3323 1180 3378 et
1201 3313 1272 3380 urbi
1298 3327 1329 3383 et
1350 3319 1417 3384 otio
1440 3318 1503 3384 dit-

176 3408 305 3473 fiderem
326 3404 459 3471 urbano.
505 3404 566 3470 Sed
588 3405 631 3470 ita
653 3425 830 3489 compressa
852 3425 904 3468 res
926 3415 989 3479 cst,
1011 3416 1046 3470 ut
1061 3406 1136 3471 mihi
1155 3408 1319 3475 videamur
1334 3432 1426 3476 omne
1439 3414 1501 3475 iam

176 3503 216 3567 ad
237 3511 358 3586 tempus
391 3497 430 3562 ab
458 3498 512 3563 illo
545 3498 706 3564 dumtaxat
732 3497 949 3562 sordidissimo
970 3499 1113 3585 periculo
1136 3503 1192 3566 tuti
1216 3502 1322 3567 futuri.
1367 3504 1499 3591 Reliqua

139 3613 286 3679 ssmagna
309 3603 380 3657 sunt
400 3613 436 3654 ac
463 3591 581 3668 multa3
609 3590 664 3655 sed
685 3591 784 3676 posita
806 3593 910 3656 omnia
933 3593 965 3656 in
987 3593 1087 3658 vobis.
1143 3598 1339 3684 Quamquam
1360 3597 1500 3682 primum

177 3687 315 3775 quidque
337 3684 539 3770 explicemus.
581 3688 677 3759 Nam,
699 3693 735 3748 nt
755 3683 856 3749 adbuc
877 3684 1005 3771 quidem
1027 3696 1130 3753 actum
1152 3698 1216 3763 est,
1239 3710 1302 3754 non
1323 3710 1423 3775 regno
1445 3693 1502 3754 scd

176 3801 252 3866 rege
274 3778 396 3844 liberati
418 3778 576 3855 videmur;
599 3778 763 3844 interiecto
785 3783 869 3844 enirn
890 3799 967 3862 rege
987 3781 1095 3864 regios
1117 3802 1227 3849 omnes
1248 3793 1342 3849 nutus
1365 3791 1500 3849 tuemur.

176 3881 283 3960 Neque
305 3871 437 3937 veroid
459 3872 577 3943 solum,
614 3871 801 3945 sedetiam,
838 3892 918 3957 quae
939 3872 1007 3959 ipse
1029 3873 1102 3948 ille,
1125 3879 1151 3939 si
1172 3875 1310 3950 viveret.
1332 3896 1396 3942 non
1418 3876 1504 3940 lace·

177 3977 241 4041 ret,
264 3986 301 4030 ea
323 3986 381 4030 nos
402 3964 491 4050 qnasi
513 3964 645 4047 cogitata
666 3963 704 4028 ab
726 3964 781 4028 illo
802 3962 984 4049 probamus.
1026 3971 1090 4030 Nec
1111 3967 1179 4031 eius
1201 3967 1329 4053 quidem
1343 3969 1391 4033 rei
1406 3968 1500 4033 linem

139 4058 284 4125 aovideo.
327 4058 462 4123 Tabulae
484 4056 638 4141 ligantum
661 4056 870 4122 immunitates
892 4057 1023 4136 dantnr;
1044 4061 1196 4147 pecuniae
1213 4062 1369 4127 maximae
1384 4062 1503 4127 descri-

177 4153 312 4227 buntur,
348 4153 474 4217 exsules
495 4151 703 4227 reducuntur;
740 4158 864 4214 senatus
892 4152 1032 4217 consulta
1054 4152 1130 4217 salsa
1151 4153 1348 4220 referuntur:
1378 4162 1414 4220 ut
1433 4165 1502 4220 tan-

178 4246 340 4312 tummodo
374 4245 480 4312 odium
511 4244 588 4310 illud
615 4243 750 4308 bominis
772 4243 888 4330 impuri
910 4254 941 4310 et
962 4246 1121 4311 servitutis
1144 4246 1236 4312 dolor
1258 4246 1406 4334 depulsus
1430 4269 1500 4313 esse

177 4340 335 4414 videatur,
366 4360 417 4404 res
448 4336 572 4424 publica
600 4337 699 4402 iaceat
727 4334 758 4400 in
790 4337 829 4401 iis
858 4338 1163 4423 perturbationibus,
1200 4341 1233 4404 in
1256 4362 1333 4426 quas
1355 4362 1425 4405 eam
1446 4342 1501 4405 ille

177 4433 320 4498 coniecit.
375 4437 404 4498 2.
432 4437 517 4498 Haec
538 4430 644 4495 omnia
665 4426 756 4494 vobis
777 4439 849 4496 sunt
870 4432 1082 4518 expedienda,
1111 4454 1170 4499 nec
1197 4432 1258 4498 boc
1279 4434 1499 4518 cogitandum,

247 4654 274 4704 8.
303 4663 327 4703 ct
344 4655 375 4704 de
393 4655 543 4703 corutontio
567 4653 604 4702 bl.
624 4677 658 4686 -
695 4649 788 4714 totum]
816 4659 946 4703 ettotam
970 4653 1009 4705 bl.
1039 4678 1067 4689 -
1105 4655 1150 4704 11.
1170 4655 1238 4718 Oppi
1258 4654 1297 4704 bl:
1328 4655 1397 4716 Appi
1415 4653 1445 4703 B.
1466 4678 1500 4688 -

178 4723 222 4774 13.
249 4725 351 4773 nullam
372 4725 404 4775 N·
433 4750 463 4759 -
509 4724 552 4772 2³.
572 4735 717 4784 compresso
742 4735 783 4770 res
810 4722 964 4774 Ernestlusz
991 4737 1137 4787 compressa
1156 4725 1199 4783 Μ,
1224 4738 1395 4787 compressum
1416 4724 1446 4773 11.
1473 4746 1499 4757 -

178 4795 222 4844 31.
248 4801 302 4844 tute
325 4794 361 4845 bl.
391 4819 420 4831 -
458 4794 502 4843 30.
527 4793 704 4842 discriberentur
729 4791 766 4842 bl.
795 4817 828 4825 -
863 4795 908 4845 31.
933 4795 1006 4845 Fort.
1030 4796 1192 4860 deseruntur.
1229 4794 1270 4846 Cl.
1290 4795 1339 4858 ssp.
1359 4795 1403 4844 29.
1422 4790 1452 4855 b.
1471 4794 1500 4844 3.

180 4865 295 4928 Philipp.
315 4864 347 4915 V.
366 4878 391 4913 c.
410 4863 437 4914 4.
457 4860 486 4925 ss.
507 4863 550 4915 ta.
569 4862 619 4915 Οι.
639 4886 673 4896 -
708 4860 752 4912 33.
770 4862 804 4911 t‘t'a
821 4861 857 4914 Na
876 4865 917 4915 bia
933 4864 993 4918 titt.
