3256 5400
636 237 711 299 LlB.
734 236 783 299 Vl.
826 236 886 299 ΕΡ.
907 237 938 299 2.
1375 243 1438 305 tui

121 386 260 475 probati,
284 389 464 456 Dicaearchi
489 389 601 457 tabulis
621 389 751 456 madidi.
794 395 824 456 ls
846 390 951 456 multis
972 391 1152 459 nominibus
1171 395 1206 459 iu
1219 395 1440 483 Trophoniaria

121 482 291 549 Chaeronis
318 485 497 552 narratione
520 489 657 551 Graecos
679 485 711 550 in
733 505 772 550 eo
793 484 1014 572 reprehendit,
1042 486 1128 573 quod
1149 508 1236 555 mare
1256 499 1321 559 tam
1341 499 1439 560 secuti

120 586 207 654 sunt;
240 597 299 645 nec
318 577 417 644 ullum
438 577 471 642 in
492 579 710 664 Peloponneso
730 578 835 644 locum
857 578 984 665 excipit.
1042 583 1119 646 Cum
1147 582 1223 646 mihi
1244 595 1354 651 auctor
1374 588 1441 673 pla·

120 683 206 737 ceret
232 672 405 738 -etenim
433 683 500 737 erat
531 674 782 757 ἱστορικώιαιος
811 681 843 737 et
870 673 994 737 vixerat
1014 677 1047 738 in
1067 673 1285 760 Peloponneso
1305 713 1363 754 -,
1385 680 1440 745 ad·

120 764 258 830 mirabar
279 775 399 841 tamen,
426 775 478 840 et,
500 770 554 831 vix
582 766 768 839 accredens,
792 766 1021 831 communicavi
1043 787 1114 832 cum
1135 771 1297 858 Dionysio.
1338 778 1462 861 Atque⁰

120 862 147 921 is
174 859 276 944 primo
303 872 350 926 est
378 870 568 937 commotus;
602 860 731 934 deinde,
767 859 852 945 quod
883 858 973 943 [tum]
1005 858 1045 923 de
1074 860 1134 926 isto
1163 863 1355 933 Dicaearcho
1375 888 1438 932 nou

120 952 222 1018 minus
244 953 324 1018 hene
352 952 563 1025 existimabat.
595 974 688 1040 quam
717 953 813 1018 tude
843 957 876 1019 C.
897 952 1062 1027 Vestorio,
1103 975 1164 1039 ego
1185 955 1224 1021 de
1246 963 1287 1023 M.
1310 959 1437 1033 Cluvio,

119 1067 182 1110 non
211 1046 388 1121 dubitabat,
424 1047 499 1134 quin
532 1047 561 1112 ai
590 1047 802 1113 crederemus.
858 1046 1009 1112 Arcadiae
1038 1048 1183 1115 censebat
1204 1071 1273 1116 esse
1295 1054 1440 1137 Lepreon

119 1140 275 1224 quoddam
301 1141 506 1218 maritimum
540 1146 642 1206 Tenea
670 1151 774 1206 autem
804 1149 835 1204 et
863 1140 1009 1225 Aliphera
1040 1150 1071 1204 et
1099 1142 1195 1207 Tritia
1217 1144 1386 1209 νεόκτιοτα
1408 1145 1439 1209 ei

119 1233 320 1308 videbantur,
343 1234 437 1320 idque
460 1240 504 1316 τῷ
526 1239 587 1300 τῶν
614 1241 693 1301 νεῶν
713 1234 885 1317 καταλόγῳ
914 1233 1136 1323 confirmabat,
1158 1234 1213 1300 uhi
1236 1237 1353 1303 mentio
1375 1251 1476 1303 nonw

119 1328 151 1391 fit
172 1328 314 1393 istorum.
350 1333 457 1415 ltaque
478 1328 572 1393 istum
594 1349 655 1412 ego
677 1328 780 1393 locum
802 1327 931 1392 totidem
954 1326 1062 1392 verbis
1083 1350 1102 1394 a
1123 1329 1316 1396 Dicaearcho
1338 1341 1438 1396 trans·

117 1421 183 1486 tuli.
227 1420 429 1487 Phliasios
455 1431 559 1486 autem
581 1422 643 1487 dici
664 1420 810 1494 sciebam,
835 1432 866 1486 et
887 1421 930 1485 ita
951 1420 1000 1485 fae
1022 1431 1057 1486 ut
1077 1421 1208 1501 habeas;
1230 1445 1288 1490 nos
1309 1425 1437 1511 quidem

117 1516 162 1579 sic
190 1514 350 1581 hahemus.
405 1515 467 1580 Sed
495 1515 598 1602 primo
625 1536 676 1579 me
705 1519 871 1598 ἀναλογία
903 1514 1089 1600 deceperat,
1130 1522 1263 1593 Φλιοῦς,
1297 1521 1435 1595 Ὀποῦς,

117 1612 255 1685 Xenonis,
292 1609 377 1695 quod
393 1611 602 1681 Ὀπούντιοι,
639 1610 842 1674 Σιπούντιοι.
891 1607 952 1672 Sed
974 1608 1034 1673 boc
1055 1612 1204 1676 continuo
1225 1612 1435 1678 correximus,

116 1707 147 1767 t.
180 1703 302 1767 Laetari
333 1713 362 1768 te
395 1713 501 1769 nostra
522 1703 738 1768 moderatione
768 1712 799 1766 et
820 1701 1009 1766 continentia
1036 1702 1139 1769 video.
1182 1710 1267 1769 Tum·
1283 1703 1314 1769 id
1336 1709 1435 1789 magis
1447 1721 1473 1758 ¹³

116 1799 246 1873 faceres,
275 1798 303 1862 sl
333 1797 469 1863 adesses.
524 1804 625 1884 Atque
655 1797 715 1861 hoe
739 1795 828 1870 foro,
859 1793 944 1881 quod
967 1795 1018 1879 egi
1046 1818 1087 1860 ex
1115 1796 1222 1863 ldihus
1243 1795 1334 1862 Febr.
1355 1800 1435 1861 Lao-

116 1892 222 1957 diceae
254 1890 293 1955 ad
325 1891 454 1958 Kalend.
482 1892 554 1959 Mai.
576 1891 716 1956 omnium
739 1889 931 1955 dioecesium
954 1898 1079 1973 praeter
1100 1890 1243 1964 Ciliciae,
1279 1888 1434 1954 mirabilia

116 1985 268 2071 quaedam
289 1984 470 2051 effecimus:
492 1985 535 2049 ita
556 1985 672 2050 multae
693 1984 833 2048 civitates
855 1982 941 2046 omni
963 2002 1036 2046 aere
1050 1982 1152 2048 alieno
1167 1982 1332 2056 liberatae,
1354 1983 1435 2047 mul·

115 2088 164 2141 tae
185 2076 275 2142 valde
298 2077 415 2143 levatae
437 2088 524 2157 sunt;
548 2100 671 2151 omnes,
695 2078 759 2144 suis
781 2075 903 2162 legibus
925 2084 955 2139 et
976 2075 1098 2140 iudiciis
1120 2097 1210 2153 usae,
1232 2079 1433 2159 αὐτονομίαν

114 2171 263 2256 adeptae,
299 2173 494 2238 revixerunt.
546 2173 602 2238 His
624 2191 683 2256 ego
705 2169 829 2236 duobus
850 2167 1019 2254 generibus
1040 2168 1215 2234 facultatem
1239 2168 1278 2234 ad
1304 2190 1338 2234 se
1359 2185 1470 2234 aerem

114 2263 218 2328 alieno
240 2263 417 2329 liberandas
439 2273 492 2329 aut
513 2262 658 2330 levandas
679 2263 768 2338 dedi;
790 2285 865 2338 uno,
883 2261 968 2349 quod
983 2262 1111 2326 omnino
1133 2262 1236 2327 nulfus
1250 2262 1282 2327 in
1297 2262 1431 2347 imperio

115 2367 349 2443 ureosumptus
371 2356 470 2423 factus
492 2365 600 2421 est-
623 2358 740 2422 nullum
763 2378 834 2422 cum
856 2356 944 2429 dico,
978 2376 1041 2420 nou
1069 2356 1183 2440 loquor
1210 2359 1431 2438 ὑπερβολικῶς

115 2482 153 2492 -
177 2450 295 2524 nullus,
319 2451 463 2536 inquam,
486 2471 525 2514 ne
547 2451 705 2515 teruncius
727 2448 864 2536 quidem.
908 2452 973 2512 Hac
994 2461 1098 2513 autem
1121 2469 1156 2512 re
1178 2447 1362 2513 incredibile
1384 2456 1431 2513 est

114 2557 263 2627 quantum
285 2544 425 2609 civitates
448 2544 643 2609 emerserint.
685 2548 716 2608 5.
738 2543 876 2608 Accessit
896 2542 1003 2606 altera.
1056 2542 1135 2606 Mira
1157 2550 1247 2606 erant
1267 2541 1300 2606 iu
1322 2541 1431 2606 civita-

113 2635 196 2702 tibus
225 2637 366 2722 ipsorum
392 2637 476 2702 furta
499 2642 709 2710 Graecorum,
732 2657 812 2722 quae
834 2635 1034 2719 magistratus
1056 2634 1105 2698 sui
1133 2634 1280 2699 fecerant.
1325 2637 1466 2712 Quae-ta

111 2731 171 2795 sivi
192 2735 258 2815 ipse
280 2729 319 2794 de
334 2729 386 2803 iis,
410 2730 463 2816 qui
478 2730 566 2794 anuis
581 2730 689 2794 decem
704 2728 856 2813 proximis
871 2729 1084 2812 magistratum
1099 2738 1270 2812 gesserant.
1313 2732 1428 2814 Aperte

111 2822 309 2888 fatebantur:
353 2828 460 2909 ltaque
489 2824 557 2888 sine
587 2823 649 2888 ulla
684 2821 855 2907 ignominia
876 2823 942 2887 suis
974 2821 1113 2886 humeris
1134 2823 1282 2907 pecunias
1303 2822 1427 2908 popufis

110 2917 307 2981 rettulerunt.
354 2917 466 3002 Populi
492 2926 596 2982 autern
630 2916 716 2981 nullo
749 2917 867 2999 gemitu
893 2913 1085 3001 publicanis,
1121 2914 1236 3002 quihus
1269 2915 1329 2979 hoc
1356 2915 1426 3001 ipso

110 3009 209 3074 lustro
247 3009 323 3074 nihil
353 3009 524 3084 solverant,
556 3009 648 3075 etiam
670 3009 843 3096 superioris
862 3008 955 3074 lustri
976 3008 1193 3074 reddiderunt.
1236 3013 1346 3095 ltaque
1368 3029 1427 3095 pu·

108 3102 238 3167 blicanis
259 3103 291 3167 in
313 3103 412 3168 oculis
434 3125 552 3169 sumus.
597 3103 713 3177 Gratis,
746 3103 866 3188 inquis,
896 3102 993 3168 viris!
1017 3102 1188 3167 Sensimus.
1232 3108 1297 3167 lam
1319 3111 1463 3168 ceteram

108 3196 302 3260 iurisdictio
333 3218 390 3262 neo
420 3197 566 3283 impedita
594 3205 626 3260 ct
653 3196 789 3260 clemens
817 3216 888 3260 eum
916 3195 1094 3262 admirabili
1116 3196 1273 3260 facilitate.
1315 3196 1425 3261 Aditus

108 3299 211 3353 autem
234 3289 272 3353 ad
293 3311 344 3355 me
366 3291 494 3356 minime
516 3289 742 3378 provincialem
775 3289 853 3354 nihil
880 3311 939 3376 per
960 3288 1200 3367 cubicularium
1230 3299 1301 3354 aute
1322 3288 1424 3353 lucem

177 3511 203 3558 1.
225 3511 375 3574 Trophonio
405 3511 581 3560 ll'orbuerouia
606 3512 645 3571 11,
678 3513 821 3574 trophonin
845 3512 1004 3560 nuebaronie
1028 3510 1050 3559 1.
1088 3509 1294 3571 Chaerophontia
1320 3508 1422 3558 mavolt

106 3579 242 3630 Osannus.
266 3605 292 3614 -
332 3580 444 3644 21611]
469 3583 541 3630 Post.
570 3588 683 3631 tuntum.
710 3582 761 3633 Oa.
790 3606 820 3618 -
857 3582 883 3631 3.
903 3584 956 3631 sint
975 3582 1092 3630 metebat
1111 3581 1258 3630 Ernestiue.
1280 3601 1310 3613 -
1346 3577 1421 3637 Cum]

105 3653 168 3713 quin
186 3651 232 3709 M,
252 3654 314 3715 quio
333 3652 354 3700 1.
379 3675 405 3684 -
426 3653 452 3701 t.
472 3652 551 3701 Enim
568 3659 625 3701 erut
643 3652 685 3701 Ml
696 3689 703 3708 ,
727 3653 871 3702 eratenim
889 3651 922 3701 11.
944 3677 972 3687 -
1002 3649 1229 3721 ἱστορικώτατος
1246 3645 1281 3710 et]
1300 3653 1325 3697 et
1343 3649 1421 3698 ioso-

105 3724 266 3789 ρικώτατος
284 3723 315 3771 11.
338 3747 365 3757 -
404 3723 431 3771 5.
451 3722 603 3785 aggrediens
615 3722 689 3772 Μ111.
725 3722 895 3781 (Correctuaa
914 3735 945 3770 ea
969 3716 1015 3781 X.)
1037 3745 1065 3756 -
1085 3721 1112 3770 6.
1132 3723 1154 3768 is
1172 3722 1341 3768 incommotos
1361 3718 1421 3775 (sic)

106 3792 128 3840 1.
151 3818 181 3827 -
216 3793 286 3854 quod
312 3793 343 3841 de
360 3793 408 3841 deo
426 3806 483 3841 cum
500 3793 552 3841 tato
571 3806 611 3854 pr.
631 3792 676 3851 M,
703 3793 846 3855 quodcum
864 3793 895 3840 de
911 3793 964 3840 tato
984 3791 994 3838 l
1013 3795 1040 3839 et
1059 3804 1130 3839 corr.
1150 3789 1186 3839 Μ.
1225 3786 1270 3850 (111
1289 3800 1354 3842 nos,
1374 3789 1417 3844 tt:

105 3862 151 3910 sed
171 3862 269 3911 seclusi
295 3869 359 3911 tum.
389 3862 451 3916 On.)
477 3887 505 3898 -
544 3861 570 3912 7.
594 3862 713 3910 Vestoreo
731 3862 776 3921 M,
798 3863 825 3912 C.
848 3863 963 3911 l'esterco
983 3861 1027 3909 111.
1049 3883 1079 3895 -
1117 3873 1177 3923 erpo
1195 3858 1241 3908 111.
1263 3880 1293 3893 ·-
1330 3859 1417 3908 dett.

106 3929 205 3994 Cluuio]
224 3933 255 3982 de
279 3933 392 3981 inetuoio
410 3933 452 3990 M,
472 3933 503 3981 de
521 3932 631 3981 melaino
649 3932 684 3991 11,
708 3932 738 3980 de
755 3932 871 3980 inelimto
890 3933 910 3980 Ι.
949 3930 1118 3991 (Emendarit
1143 3928 1280 3978 Manutius
1299 3941 1314 3977 e
1332 3927 1416 3978 Codd.

105 4003 273 4051 bessarionis
305 4009 330 4051 ct
362 4003 553 4052 fornicantis.)
584 4027 614 4035 -
651 4002 678 4050 9.
706 4003 838 4064 quondum
862 4002 979 4050 malebat
1005 4001 1152 4048 Ernestius.
1183 4023 1203 4031 -
1246 3999 1311 4047 Tene
1340 3999 1416 4049 Mlil.

106 4072 294 4134 (Emendatum
321 4075 347 4121 iu
379 4073 557 4123 Cratandriua
585 4077 610 4121 et
633 4072 662 4120 iu
686 4071 751 4121 flod·
784 4086 839 4134 mg.
866 4073 970 4134 liepett.
1000 4070 1107 4127 hamb.)
1134 4092 1164 4102 -
1201 4067 1289 4118 Trtcs'o
1319 4068 1351 4118 11.
1384 4092 1415 4104 -

105 4142 148 4191 11.
170 4144 259 4207 itaque
277 4146 357 4193 istum
374 4144 442 4192 Mtt:
462 4142 545 4191 istum
562 4144 650 4205 itaque
669 4140 698 4198 1,
717 4141 799 4205 Atque
816 4145 894 4192 istum
913 4143 948 4200 li,
968 4148 997 4191 ut
1016 4141 1095 4190 tacite
1114 4136 1217 4188 bosius.
1237 4163 1270 4172 —
1298 4139 1340 4188 12.
1358 4138 1416 4201 phi·

104 4213 193 4261 tiosios
222 4213 258 4263 M.
285 4237 313 4247 -
351 4221 439 4262 nutem
467 4226 521 4263 om.
544 4211 565 4259 1.
601 4235 632 4247 -
669 4211 713 4260 13.
734 4225 775 4262 me
796 4214 827 4263 de
853 4210 979 4275 (spatium
1011 4214 1138 4268 vacuum)
1170 4208 1303 4270 dwmerot
1331 4209 1352 4258 1.
1383 4234 1412 4245 -

105 4282 152 4331 11.
167 4284 236 4345 quod
258 4296 312 4332 om.
340 4283 370 4332 11.
397 4305 431 4321 -·
466 4282 509 4332 16.
529 4283 638 4331 admea-
675 4283 758 4344 Atque
776 4307 786 4317 -
803 4308 814 4318 ·
831 4308 842 4318 ·
861 4283 980 4342 Ciliciae,
1004 4280 1139 4329 mirabilia
1157 4278 1323 4329 Cratander:
1343 4279 1415 4327 udes-

104 4365 142 4400 ser
159 4358 237 4414 utque
253 4377 265 4388 ·
281 4378 292 4388 -
311 4352 425 4402 Ciliciae.
460 4353 597 4403 Mirabiliu
617 4351 636 4401 ll
655 4364 717 4400 cum
736 4352 784 4401 Vb.
804 4378 832 4388 -
872 4352 1089 4401 thumnensium
1106 4349 1143 4399 M.
1163 4374 1194 4384 -
1230 4356 1415 4412 praeterquam

104 4421 260 4472 Lambinus.
297 4421 350 4472 tttr.
371 4422 587 4474 6116111136.
613 4446 639 4455 -
669 4421 712 4471 18.
731 4423 854 4486 efficimur
874 4421 911 4471 Μ.
933 4447 962 4457 -
990 4421 1073 4470 multo
1091 4421 1166 4469 outde
1184 4420 1206 4468 l.
1228 4442 1258 4453 -
1278 4420 1320 4469 13.
1339 4416 1413 4480 ursel

103 4506 146 4540 aue
164 4491 232 4551 MR,
252 4500 338 4542 suetae
357 4492 378 4540 1.
417 4490 583 4554 (horreolum
603 4505 634 4541 er
655 4504 709 4553 mg.
729 4490 815 4545 Crat.)
831 4486 867 4526 ’-
892 4492 935 4539 26.
956 4492 992 4540 fir
1011 4491 1042 4540 11.
1064 4514 1094 4525 -
1113 4504 1174 4553 erpo
1193 4491 1215 4538 l.
1233 4513 1266 4522 —
1286 4490 1329 4537 21.
1349 4486 1412 4547 uno]

102 4564 155 4609 imo
175 4576 214 4623 pr.
239 4564 284 4621 M,
308 4565 388 4611 immo
407 4564 451 4612 111.
482 4561 546 4624 (uno
565 4576 635 4611 corr.
654 4561 692 4610 Μ.
723 4561 816 4611 Malim
834 4561 931 4623 primo.
951 4559 1016 4622 02.)
1046 4586 1073 4595 -
1113 4561 1156 4610 23.
1182 4572 1296 4621 unquam
1315 4557 1359 4604 111.
1381 4579 1412 4591 -

102 4632 146 4680 21.
166 4633 277 4681 alterum
296 4632 447 4681 Victoriana
467 4633 562 4695 prima.
586 4656 613 4667 -
652 4631 724 4680 Miro
741 4638 829 4681 autem
847 4637 922 4680 munt
943 4631 964 4680 l.
987 4657 1014 4666 -
1035 4631 1079 4678 25.
1098 4629 1148 4692 nti]
1168 4631 1193 4678 oi
1212 4628 1286 4678 11111.
1306 4626 1413 4679 [limeu-

102 4703 193 4750 datum
220 4703 248 4750 in
273 4701 451 4763 Manutiane.)
480 4723 510 4738 -
547 4700 591 4751 27.
610 4696 732 4761 humeris]
750 4702 870 4750 babuerit
888 4702 918 4750 11.
941 4725 971 4736 -
1007 4700 1051 4749 30.
1071 4700 1137 4749 Num
1157 4699 1177 4747 l.
1205 4720 1235 4734 -
1271 4697 1315 4746 31.
1334 4697 1413 4756 impe-

101 4773 158 4822 dito
176 4773 342 4822 Lambinusr
361 4775 496 4835 impetrire
514 4771 552 4833 X,
571 4773 695 4834 imperita
712 4768 809 4821 1111111.
829 4794 859 4808 -
892 4773 995 4821 demetra
1013 4771 1045 4819 11.

184 4879 256 4919 σα...
270 4877 293 4918 r.
308 4878 342 4919 ur.
1184 4843 1225 4907 32
