3256 5400
392 226 465 288 LIB.
488 226 571 288 xllt.
612 226 673 289 ΕΡ.
694 225 745 290 78.
766 225 819 289 79.
857 227 931 288 LlB.
954 227 1035 289 xiv.
1079 227 1138 289 ΕΡ.
1162 226 1191 290 1.
1211 227 1241 290 2.
1411 230 1473 294 atu

151 389 305 453 nostram,
343 401 384 445 ex
408 401 471 467 quo
501 391 590 466 patre
619 391 719 446 tantas
746 381 920 465 voluptates
941 380 1097 466 capiebat,
1126 403 1165 446 er
1189 403 1228 448 eo
1249 390 1351 449 tantos
1372 385 1474 470 perci·
1505 378 1510 395 '

150 497 226 562 pere
247 475 361 541 luctusl
394 479 470 538 Nam
492 474 566 560 quid
589 495 648 559 ego
671 473 709 538 de
732 475 883 539 Cicerone
904 474 1026 538 dicam?
1049 478 1103 561 qui
1122 496 1193 539 enm
1210 476 1346 563 primum
1361 499 1473 564 sapere

149 570 268 655 eoepit,
290 567 509 633 acerbissimos
534 566 659 633 dolores
682 567 885 652 miseriasque
907 568 1056 652 percepit.
1101 571 1190 646 Quae
1214 571 1257 645 si,
1285 579 1320 637 tu
1341 582 1377 637 nt
1397 572 1472 638 seri·

149 662 213 738 bis,
246 663 310 727 lato
336 661 415 725 lacta
443 670 604 745 putarem,
637 660 753 724 lerrem
787 660 891 745 paullo
920 659 1058 739 lacilius;
1094 662 1149 726 sed
1178 664 1283 728 omnia
1310 675 1381 730 sunt
1402 687 1472 731 mea

149 756 239 842 eulpa
259 755 439 829 commissa,
462 754 517 838 qui
539 753 578 817 ab
599 754 637 819 iis
660 775 709 817 me
732 757 830 818 amari
854 753 1018 839 putabam,
1041 755 1094 841 qui
1114 754 1309 832 invidebant,
1332 780 1387 824 eos
1407 781 1496 825 nona

149 849 316 937 sequebar,
348 849 403 934 qui
431 846 585 933 petebant
644 852 674 912 2.
697 845 819 924 Quodsi
841 847 956 912 nostris
978 848 1115 912 consiliis
1136 849 1187 913 usi
1208 872 1347 915 essemus
1368 873 1471 938 neque

148 942 232 1030 apud
253 963 310 1008 nos
331 952 450 1007 tantum
472 941 619 1005 valuisset
639 961 744 1005 sermo
774 948 827 1006 aut
848 941 1013 1006 stultorum
1037 941 1209 1008 amicorum
1233 953 1287 1008 aut
1307 944 1470 1030 improbo-

147 1059 234 1112 rum,
268 1036 438 1103 beatissimi
459 1040 646 1100 viveremus.
689 1039 790 1107 Nune,
827 1035 974 1119 qnoniam
997 1056 1126 1121 sperare
1148 1057 1206 1102 nos
1228 1038 1319 1102 amici
1341 1039 1471 1108 iubent.

147 1129 229 1196 dabo
251 1151 396 1216 operam,
423 1151 462 1194 ne
485 1150 554 1192 mea
575 1127 720 1192 valetudo
742 1137 797 1193 tuo
820 1127 921 1193 labori
943 1129 1032 1195 desit
1084 1135 1146 1195 Res
1167 1140 1282 1216 quanta
1305 1132 1357 1206 sit,
1379 1133 1470 1200 intel·

147 1225 229 1309 ligo,
252 1234 432 1311 quantoque
460 1222 556 1288 luerit
585 1221 705 1309 lacilius
727 1242 854 1286 manere
876 1222 963 1288 domi
985 1245 1080 1309 quam
1107 1223 1223 1288 redire.
1268 1224 1329 1289 Sed
1351 1234 1468 1302 umen,
1483 1250 1508 1287 m

145 1319 172 1383 si
193 1339 303 1383 omnes
324 1318 468 1384 tribunos
489 1317 531 1402 pl.
554 1314 719 1388 habemus,
741 1315 769 1378 si
790 1316 956 1381 Lentulum
977 1327 1041 1381 tam
1062 1316 1253 1392 studiosum,
1275 1339 1368 1404 qnam
1384 1321 1469 1386 vide·

146 1422 212 1483 tur.
236 1413 261 1478 si
283 1433 361 1477 vero
384 1412 476 1475 etiarn
498 1409 679 1495 Pompeium
701 1417 733 1472 et
754 1412 937 1484 Caesarem,
961 1432 1023 1475 non
1046 1418 1093 1474 est
1107 1410 1345 1495 desperandum.
1376 1419 1407 1479 3.
1422 1420 1468 1479 De

144 1506 277 1580 familia,
312 1505 472 1591 quomodo
501 1503 655 1589 placuisse
682 1501 793 1567 scribis
820 1503 943 1579 amicis,
981 1503 1140 1569 iaciemus.
1196 1509 1243 1569 De
1264 1504 1352 1579 loeo,
1387 1528 1469 1571 nuno

143 1599 270 1685 quidem
293 1598 354 1663 iam
383 1597 458 1662 abiit
487 1597 677 1682 pestilentia;
707 1595 764 1660 sed
791 1596 940 1682 quamdiu
961 1596 1036 1669 fuit,
1068 1618 1118 1661 me
1140 1619 1203 1663 non
1225 1599 1336 1683 attigit.
1380 1600 1469 1665 Plan·

143 1694 227 1768 cius,
251 1692 345 1757 homo
368 1691 628 1763 officiosissimus,
662 1711 712 1753 me
734 1689 819 1774 eupit
841 1711 909 1754 esse
931 1711 1038 1755 secum
1060 1698 1091 1754 et
1112 1690 1212 1755 adhue
1234 1692 1356 1757 retinet.
1399 1698 1466 1778 Ego
1480 1717 1507 1758 is

143 1787 287 1853 volebam
308 1786 379 1850 loco
400 1784 499 1868 magis
521 1784 645 1850 deserto
667 1804 736 1847 esse
756 1782 789 1847 in
810 1783 924 1868 Epiro,
947 1804 1011 1869 quo
1033 1805 1136 1870 neque
1157 1785 1256 1870 Hispo
1271 1787 1393 1851 veniret
1409 1808 1467 1851 nec

142 1883 271 1956 militem
307 1878 363 1944 sed
391 1879 492 1943 adhuc
512 1878 654 1942 Plancius
676 1898 726 1940 me
748 1877 869 1941 retinet.
921 1880 1032 1962 Sperat
1053 1898 1146 1962 posse
1167 1877 1257 1950 lieri,
1286 1890 1321 1943 ut
1342 1901 1465 1946 mecum
1487 1912 1490 1917 ·

142 1975 174 2040 in
203 1975 320 2040 ltaliam
348 1972 488 2037 decedat.
544 1975 648 2049 Quem
674 1991 733 2055 ego
756 1970 839 2035 diem
867 1971 893 2035 si
923 1970 1033 2036 videro
1063 1979 1095 2035 et
1115 1976 1141 2035 sl
1164 1971 1197 2035 in
1220 1981 1360 2038 vestrum
1381 1995 1467 2040 com-

141 2070 269 2156 plexum
290 2088 409 2135 venero
430 2088 467 2130 ac
488 2066 515 2130 si
537 2076 568 2130 et
588 2087 645 2131 vos
666 2075 698 2129 et
718 2086 769 2129 me
791 2064 894 2149 ipsum
913 2065 1112 2150 reciperare,
1135 2064 1209 2129 satis
1225 2086 1372 2149 magnum
1389 2069 1465 2134 mibi

141 2162 276 2228 iruetnrn
298 2160 432 2226 videbor
448 2160 625 2245 percepisse
647 2169 677 2225 et
698 2167 819 2224 vestrae
835 2159 959 2244 pietatis
981 2168 1013 2224 et
1026 2179 1124 2223 meae.
1168 2161 1200 2223 d.
1222 2160 1342 2225 Pisonis
1358 2159 1505 2226 huma-m

141 2255 236 2331 nitas,
259 2256 374 2329 virtus,
397 2275 486 2318 amor
506 2255 539 2318 in
561 2274 669 2319 omnes
691 2274 748 2317 nos
770 2262 871 2317 tantus
890 2261 953 2327 est,
982 2262 1018 2317 ut
1038 2252 1115 2317 nihil
1136 2273 1230 2337 supra
1252 2255 1360 2339 possit.
1403 2254 1466 2319 Uti·

140 2371 213 2414 nam
241 2371 278 2413 ea
306 2369 359 2415 res
391 2347 421 2412 ei
442 2348 593 2433 voluptati
614 2347 669 2411 siti
703 2346 822 2431 gloriae
850 2347 980 2432 quidem
1001 2346 1095 2411 video
1116 2345 1196 2411 lore.
1239 2352 1284 2411 De
1307 2351 1345 2425 Q.
1368 2347 1465 2413 fratre

140 2441 216 2507 nihil
238 2463 298 2526 ego
319 2451 350 2507 te
371 2441 531 2518 accusavi;
567 2440 623 2505 sed
654 2460 726 2514 vos,
756 2461 827 2505 eum
849 2441 1034 2526 praesertim
1056 2451 1118 2505 tam
1141 2441 1232 2526 pauci
1260 2441 1341 2515 sitis,
1377 2443 1463 2508 volui

139 2556 323 2621 essequam
345 2534 626 2600 coniunctissimos.
676 2539 706 2599 5.
730 2533 853 2611 Quibus
875 2556 925 2599 me
947 2533 1074 2599 voluisti
1096 2554 1191 2617 agere
1212 2534 1339 2617 gratias,
1362 2536 1412 2619 egi
1434 2545 1465 2600 et

139 2649 190 2693 me
210 2649 246 2693 .a
275 2637 306 2692 te
340 2629 505 2693 certiorem
534 2628 648 2692 lactum
678 2648 747 2692 esse
776 2628 898 2713 scripsi.
943 2627 1037 2704 Quod
1058 2626 1099 2691 ad
1120 2648 1187 2699 me,
1210 2648 1280 2690 mea
1302 2633 1503 2702 Tarentinae

137 2722 249 2787 scribis
270 2732 301 2786 te
316 2721 419 2786 vicum
435 2721 647 2796 venditnram,
669 2721 760 2807 quid,
785 2719 918 2785 obsecro
941 2729 987 2794 te,
1008 2756 1051 2766 —
1072 2741 1123 2784 me
1137 2719 1303 2784 misernmi
1326 2757 1367 2767 -
1388 2723 1463 2808 quid

138 2814 278 2880 luterum
299 2821 370 2879 cst?
406 2820 459 2891 Et,
482 2816 509 2880 si
530 2837 588 2880 nos
608 2826 730 2902 premet
752 2813 861 2879 eadem
876 2814 1018 2889 lortuna,
1041 2813 1118 2900 quid
1139 2834 1240 2898 puero
1255 2814 1371 2880 misero
1387 2815 1462 2882 liet?

116 2914 206 2974 *Non
227 2928 310 2993 queo
331 2909 453 2995 reliqua
474 2909 614 2975 scribere
635 2942 674 2952 -
696 2917 780 2972 tanta
802 2908 850 2972 vis
871 2906 1073 2973 lacrimarum
1094 2916 1141 2971 est
1162 2942 1223 2981 -,
1254 2928 1356 2993 neque
1378 2918 1409 2973 te
1430 2911 1462 2975 in

138 3002 272 3068 eundem
293 3002 399 3069 lletum
420 3001 582 3069 adducam.
632 3008 763 3066 Tantum
785 2999 910 3066 scribo:
934 3002 962 3066 si
983 3010 1075 3066 erunt
1096 3001 1129 3065 in
1150 3000 1254 3065 ollicio
1276 3002 1385 3077 amici,
1407 3025 1462 3090 pe-

137 3095 227 3161 cunia
259 3116 323 3160 non
356 3095 471 3174 deerit;
505 3097 532 3161 si
558 3117 620 3160 non
653 3104 762 3167 erunt,
800 3106 833 3160 tu
855 3095 979 3159 ellieere
1007 3106 1061 3161 tua
1080 3098 1212 3181 pecunia
1240 3114 1302 3158 non
1330 3103 1501 3181 poterisw

137 3193 197 3254 Per
225 3188 367 3254 fortunas
400 3190 531 3254 miseras
559 3199 693 3261 nostras,
727 3189 817 3263 vide,
850 3209 890 3252 ne
923 3210 1057 3275 puerum
1087 3186 1244 3274 perditum
1280 3187 1458 3272 perdamus.

138 3283 195 3348 Cui
216 3286 242 3348 si
263 3283 382 3369 aliquid
403 3284 480 3357 erit,
504 3304 543 3347 ne
565 3292 669 3368 egeat,
693 3282 846 3346 mediocri
867 3283 983 3348 virtute
1003 3304 1083 3368 opus
1105 3289 1152 3346 est
1173 3290 1204 3344 et
1226 3281 1378 3348 mediocri
1393 3283 1460 3349 lor-

137 3386 225 3450 tuna,
247 3387 283 3442 ut
303 3387 407 3442 cetera
426 3387 643 3463 consequatur.
688 3380 718 3441 6.
739 3380 800 3439 Fac
824 3376 927 3441 valeas
948 3375 1039 3441 etad
1064 3396 1115 3440 me
1137 3373 1315 3439 tabellarios
1339 3377 1459 3453 mittas,

137 3480 170 3535 nt
186 3470 296 3545 sciam,
330 3470 405 3557 quid
427 3479 538 3556 agatur
565 3480 596 3535 et
615 3492 672 3535 vos
694 3467 771 3554 qnid
789 3469 897 3553 agatis.
940 3469 1016 3535 Mihi
1044 3469 1174 3534 omnino
1193 3467 1254 3531 iam
1275 3467 1381 3535 brevis
1404 3493 1460 3536 ex·

136 3563 285 3647 spectatio
321 3572 377 3628 est.
420 3563 571 3629 Tulliolae
608 3571 639 3627 et
670 3562 814 3630 Ciceroni
847 3562 978 3628 salutern
1005 3562 1063 3627 dic.
1107 3562 1225 3627 valete.
1251 3565 1287 3625 D.
1312 3584 1339 3627 a.
1360 3564 1390 3630 d.
1415 3580 1499 3632 vr.³⁵

137 3655 289 3721 Kalendas
310 3655 499 3721 Decembres
521 3654 719 3744 Dyrrhachii.
771 3659 801 3721 7.
833 3657 1060 3744 Dyrrhachium
1081 3655 1169 3730 veni,
1203 3655 1289 3744 quod
1310 3666 1341 3721 et
1361 3659 1460 3725 libera

135 3749 243 3814 civitas
266 3759 312 3815 est
333 3759 364 3814 et
385 3751 417 3814 in
439 3773 488 3815 me
510 3750 649 3815 officiosa
670 3758 701 3813 et
717 3751 862 3835 proxima
877 3750 993 3816 ltaliae.
1036 3749 1098 3815 Sed
1120 3750 1148 3815 si
1165 3750 1304 3817 ollendet
1324 3774 1375 3817 me
1398 3754 1460 3820 loci

134 3840 318 3917 celebritas,
340 3843 403 3909 alio
418 3865 469 3908 me
490 3843 664 3922 conieram;
687 3843 727 3910 ad
749 3853 779 3908 te
800 3842 947 3909 scribam.

617 3969 659 4029 11.
702 3966 755 4045 (A.
781 3969 814 4030 o.
837 3968 869 4029 c.
891 3965 981 4046 696.)

133 4090 174 4150 Μ.
197 4089 357 4152 TULLIUS
387 4091 418 4151 S.
447 4092 484 4151 Ι).
510 4091 731 4152 TERENTIAE
759 4090 810 4152 ET
837 4087 1058 4152 TULLlOLhE
1074 4068 1137 4153 'Er
1160 4091 1344 4155 CICERONI
1366 4094 1498 4158 sulen

219 4204 247 4263 t.
268 4198 339 4263 Noli
360 4208 471 4285 putare
493 4220 542 4263 me
568 4199 608 4264 ad
639 4220 827 4285 quemquam
854 4198 1015 4282 longiores
1035 4199 1182 4284 epistolas
1206 4201 1365 4278 seribere,
1398 4202 1460 4269 nisi

132 4294 160 4354 si
194 4291 264 4376 quis
294 4290 332 4355 ad
365 4314 417 4357 me
446 4293 536 4379 plura
568 4293 709 4379 scripsit,
743 4293 793 4358 eni
819 4301 897 4378 puto
923 4291 1056 4356 rescribi
1083 4302 1241 4378 oportere.
1290 4300 1353 4360 Nec
1375 4296 1459 4362 enim

203 4434 604 4486 discordiantium·
639 4436 914 4488 biblitanum.
947 4463 979 4472 -
1015 4437 1459 4502 8.quoniomhi:quumll.—

133 4503 176 4553 13.
196 4505 286 4554 scribis
303 4507 394 4554 amicis
411 4506 459 4559 ld:
478 4508 569 4556 amicis
585 4507 677 4556 scribis
696 4507 724 4556 ll.
748 4531 778 4541 -
815 4507 853 4556 De
872 4505 945 4570 loeo,
965 4521 1033 4556 nunc
1055 4506 1190 4556 Orellins:
1210 4508 1248 4557 De
1266 4509 1322 4558 loco
1341 4524 1410 4559 auno
1428 4510 1459 4560 li.

132 4573 187 4623 Cir.
208 4575 288 4624 lland
307 4576 386 4624 Turs.
407 4576 443 4625 ll.
464 4591 490 4639 p.
511 4576 571 4626 186.
593 4601 624 4611 -
644 4576 688 4626 ld.
708 4577 792 4639 Hispo
810 4577 873 4626 NE:
902 4578 960 4642 ipso
978 4577 1026 4637 Μ,
1045 4579 1100 4638 ipse
1117 4578 1156 4632 B,
1184 4578 1245 4627 Piso
1263 4578 1411 4629 Manutius.
1425 4605 1458 4616 -

131 4644 174 4692 22.
195 4647 274 4708 deque
291 4647 375 4707 [rotro
392 4646 430 4695 Μ.
450 4671 480 4681 -
518 4647 562 4696 23.
581 4647 690 4695 voluisse
708 4661 787 4710 wem
806 4647 842 4696 Μ.
865 4671 894 4681 -
931 4650 975 4699 25.
997 4660 1050 4696 esse
1066 4648 1168 4711 sectum
1185 4647 1223 4696 Va
1242 4654 1269 4697 et
1287 4648 1347 4697 l'ort.
1369 4650 1406 4700 Μ.
1428 4672 1458 4684 -

131 4714 176 4763 26.
196 4717 361 4764 condituram
388 4716 424 4764 Μ.
461 4716 515 4767 Cir.
537 4716 639 4766 Gellius
657 4717 689 4766 N.
710 4717 742 4765 Α.
764 4716 785 4765 l.
805 4717 831 4765 7.
851 4716 947 4781 Zumpt
966 4717 999 4765 ad
1018 4716 1094 4766 Verr.
1114 4731 1141 4779 p.
1161 4716 1222 4766 383.
1252 4742 1282 4752 -
1329 4719 1372 4768 ao.
1392 4719 1460 4768 derit

132 4783 169 4833 Μ.
192 4810 222 4821 -
259 4785 303 4834 31.
324 4787 502 4848 Exspectabas
521 4788 570 4835 Per
588 4795 613 4836 te
630 4788 762 4849 [ortunae.
782 4786 832 4836 Oa.
867 4813 896 4823 -
934 4789 978 4839 33.
999 4785 1169 4849 Dyrrhachii]
1189 4787 1261 4837 Fort.
1282 4789 1458 4851 Dyrrhachio.

132 4853 184 4904 Οι.
206 4881 234 4892 -
274 4854 504 4921 3¹1.0qmouma
522 4856 568 4906 M:
589 4871 628 4906 me
647 4857 755 4921 offendet
775 4855 805 4904 ll·
828 4882 857 4892 -
895 4858 940 4909 33.
958 4858 995 4909 od
1012 4857 1061 4908 bia
1080 4863 1105 4907 et
1122 4857 1159 4906 od
1179 4856 1208 4906 E.
