3256 5400
181 262 244 326 210
608 258 881 323 sauromatas
901 261 954 321 Ab
975 258 1067 321 ran.

180 439 235 482 rus
257 416 350 481 etiam
371 415 463 481 bonis
483 410 580 479 rebus
600 414 736 499 exiguus
759 425 855 490 esset,
892 414 965 500 quid
984 434 1092 479 censes
1112 413 1262 498 perditis?
1299 417 1405 491 Quare
1423 434 1495 499 spes

181 521 229 576 est
249 512 351 575 omnis
372 510 405 574 in
425 505 534 586 vobis;
556 509 611 595 qui
633 509 660 574 si
681 509 799 574 idcirco
822 508 953 584 abestis,
976 519 1011 574 ut
1032 508 1099 573 sitis
1120 508 1152 572 in
1174 518 1260 582 tuto,
1290 529 1330 572 ne
1352 509 1384 573 in
1405 507 1496 574 vobis

180 604 316 690 quidem.
360 604 415 668 Sin
436 602 554 689 aliquid
571 602 698 688 dignum
720 612 823 668 vestra
844 603 944 686 gloria
965 602 1123 687 cogitatis,
1157 602 1249 667 velim
1274 602 1367 667 salvis
1388 601 1495 682 nobis;

179 698 227 763 sin
248 699 281 763 id
302 698 420 771 minus,
454 717 506 762 res
529 705 630 762 tarum
651 695 774 783 publica
796 718 853 783 per
874 718 930 762 vos
952 695 1042 761 brevi
1065 704 1206 781 tempore
1229 696 1277 760 ius
1302 717 1392 761 suum
1414 696 1498 760 rcci-

156 791 310 879 sperabit.
368 795 436 875 Ego
456 790 518 855 tuis
541 811 643 876 neque
665 789 774 854 desum
799 812 901 877 neque
922 790 1033 867 deer03
1063 790 1116 876 qui
1139 791 1205 855 sive
1227 790 1267 853 ad
1287 811 1338 854 me
1359 790 1497 854 reserent

179 886 245 951 sive
261 906 324 951 non
335 886 492 961 referent,
514 905 583 949 mea
596 884 652 949 tibi
663 894 766 948 tamen
781 884 996 951 benevolentia
1009 884 1147 971 lidesque
1160 883 1378 971 praestabitur.
1410 884 1495 949 Vale.

656 1028 715 1089 111.
757 1025 808 1106 (A.
834 1027 866 1090 v.
888 1027 920 1090 c.
943 1023 1027 1110 πο.)

660 1140 801 1203 crosno
825 1137 961 1203 cassvo
984 1140 1016 1202 s,

264 1266 295 1328 1.
316 1267 416 1345 Auget
446 1270 518 1325 tuus
545 1258 663 1324 amicus
691 1259 830 1323 furorem
861 1258 894 1322 in
926 1256 1009 1322 dies:
1045 1257 1183 1343 primum
1203 1257 1235 1321 in
1256 1266 1374 1331 statua,
1402 1280 1496 1345 quam

144 1357 283 1445 reposuit
310 1355 342 1419 in
371 1355 514 1425 Rostris,
545 1353 702 1438 inscripsit
731 1370 874 1417 rannsrv
908 1370 1035 1416 orrrun
1072 1369 1220 1425 usurae,
1249 1361 1285 1416 ut
1316 1374 1378 1417 non
1400 1352 1497 1418 modo

177 1449 282 1516 sicarii
303 1448 358 1512 sed
379 1449 448 1511 iam*
463 1446 554 1511 etiam
577 1445 752 1531 parricidae
773 1446 969 1520 indicemini,
993 1446 1067 1533 quid
1091 1444 1182 1519 dico,
1205 1444 1411 1510 indicemini?
1449 1446 1498 1510 iu-

178 1544 318 1609 dicemur
340 1541 458 1627 potius;
481 1539 575 1603 vestri
598 1538 680 1602 enirn
702 1539 905 1626 pulcherrimi
925 1539 998 1604 lacti
1020 1540 1072 1604 ille
1090 1540 1228 1605 luriosus
1250 1559 1300 1602 me
1322 1540 1496 1626 principem

179 1635 251 1700 dicit
279 1635 386 1699 luisse.
432 1634 551 1697 Utinam
580 1632 707 1718 quidem
736 1634 881 1700 brisseml
918 1635 1067 1700 molestus
1095 1634 1187 1700 nobis
1215 1655 1279 1699 non
1302 1642 1392 1698 esset
1435 1631 1498 1697 Sed

178 1728 239 1795 boc
260 1737 398 1793 vestrum
421 1736 484 1804 cst;
506 1725 760 1813 quodquoniam
783 1727 960 1813 praeteriit,
992 1727 1110 1792 utinam
1131 1726 1279 1792 haberem
1309 1724 1385 1813 qnid
1406 1723 1497 1790 vobis

145 1822 285 1886 oderem
307 1820 448 1884 consiliil
487 1818 549 1883 Sed
571 1840 609 1883 ne
635 1819 712 1883 mibi
733 1820 860 1907 quidem
887 1821 946 1907 ipsi
974 1821 1119 1907 reperio,
1153 1820 1229 1907 quid
1249 1820 1426 1886 laciendum
1448 1819 1497 1884 sit

179 1913 263 1992 Quid
285 1913 367 1977 euim
390 1922 450 1987 est,
481 1912 565 1998 quod
586 1922 695 1977 contra
720 1914 784 1978 vim
814 1915 880 1979 sine
906 1914 938 1978 vi
959 1913 1028 1979 lieri
1054 1914 1175 1999 possit?
1212 1915 1382 1980 Consilium
1404 1934 1498 1978 omne

179 2017 281 2072 autem
305 2005 365 2070 boc
387 2016 434 2070 est
455 2006 599 2079 illorum,
632 2016 668 2071 ut
688 2018 822 2072 mortem
845 2008 986 2074 Caesaris
1006 2018 1245 2095 persequantur.
1287 2013 1394 2094 ltaque
1416 2027 1444 2071 a.
1467 2004 1498 2071 d.

179 2120 227 2166 vv.
256 2105 333 2164 Non.
364 2098 493 2165 Octobr.
521 2099 693 2185 productus
720 2100 753 2164 in
784 2102 962 2167 contionem
990 2122 1009 2166 a
1037 2102 1204 2174 Cannutio,
1242 2101 1419 2186 turpissime
1444 2099 1498 2163 ille

180 2192 305 2280 quidem
327 2193 482 2268 discessit,
514 2194 570 2258 scd
595 2204 696 2259 umen
727 2216 764 2260 ca
787 2195 866 2260 dixit
888 2196 927 2261 de
948 2193 1222 2261 conservatoribus
1243 2194 1380 2279 patriae,
1417 2212 1498 2278 quae

141 2287 241 2356 ecdici
262 2285 413 2352 deberent
433 2286 472 2352 dc
493 2287 724 2373 proditoribus;
746 2289 785 2353 de
806 2311 857 2355 me
879 2290 1005 2376 quidem
1020 2311 1084 2355 non
1098 2287 1283 2361 dubitanter,
1305 2287 1381 2374 quin
1393 2287 1498 2351 omnia

179 2381 219 2446 de
240 2401 312 2450 meo
333 2381 466 2447 consilio
487 2391 519 2446 et
539 2403 596 2446 vos
617 2383 769 2448 fecissetis
791 2394 822 2449 et
836 2383 1005 2450 Cannutius
1019 2383 1147 2448 laceret.
1191 2386 1300 2448 Cetera
1321 2380 1498 2446 cuiusmodi

178 2475 256 2550 sint,
290 2496 330 2540 ex
360 2475 419 2540 hoc
450 2475 569 2550 iudica,
606 2476 691 2562 quod
722 2477 825 2561 legato
853 2488 907 2543 tuo
934 2478 1080 2543 viaticum
1102 2477 1294 2563 eripuerunt.
1338 2475 1420 2553 Quid
1443 2495 1499 2539 eos

180 2568 379 2655 interpretari
402 2578 508 2654 putas,
530 2589 602 2633 cum
624 2568 683 2634 boc
704 2569 846 2636 iaciunt?
867 2570 914 2637 Ad
937 2571 1056 2636 bostem
1079 2571 1194 2636 scilicet
1208 2570 1338 2654 portari.
1381 2571 1408 2633 Ο
1430 2588 1498 2631 rem

181 2664 342 2729 miseram!
365 2663 526 2729 dominnm
553 2664 637 2729 ferre
658 2686 721 2729 non
744 2666 922 2751 potuimus;
945 2687 1099 2732 conservo
1121 2665 1284 2731 servimus.
1326 2667 1366 2726 Et
1385 2670 1498 2733 tamen,

144 2778 234 2822 same
257 2757 383 2843 quidem
414 2755 536 2822 favente
564 2758 662 2842 magis
695 2779 787 2844 quam
818 2769 977 2846 sperante,
1012 2761 1187 2824 etiamnunc
1218 2757 1338 2824 residet
1366 2775 1438 2839 spes
1466 2753 1498 2816 in

183 2849 297 2914 virtute
320 2861 381 2916 tua.
435 2850 497 2914 Sed
516 2849 572 2915 ubi
594 2862 665 2916 sunt
683 2853 814 2938 copiae?
836 2858 883 2918 De
903 2854 1027 2940 reliquo
1047 2853 1130 2918 malo
1150 2860 1181 2916 te
1201 2853 1305 2939 ipsum
1328 2860 1430 2915 tecum
1452 2846 1501 2910 lo-

182 2943 237 3029 qui
258 2964 350 3029 quam
372 2954 478 3010 nostra
500 2944 581 3010 dicta
602 2965 802 3029 cognoscere.
844 2948 931 3013 Vale.

657 3086 709 3150 1v.
752 3085 801 3171 (A.
827 3090 859 3153 v.
882 3092 914 3154 c.
936 3087 1022 3167 vro.)

664 3201 806 3264 crunno
829 3203 965 3266 cassio
988 3205 1019 3266 s

146 3351 174 3390 ‚a
271 3323 299 3383 1.
334 3318 453 3383 Vellem
479 3316 586 3383 ldibns
613 3318 732 3383 Martiis
760 3340 811 3384 me
844 3320 884 3386 ad
918 3341 1048 3387 coenam
1082 3321 1258 3387 invitasses:
1293 3323 1500 3409 reliquiarum

185 3411 261 3477 nibil
289 3410 408 3477 luisset
464 3416 552 3477 Nunc
578 3432 628 3475 mc
649 3412 801 3499 reliquiae
826 3424 948 3479 vestrae
976 3424 1136 3490 exercent,
1173 3415 1351 3501 etquidem
1375 3424 1501 3501 praeter

185 3514 307 3571 ceteros
322 3525 387 3570 me:
411 3526 599 3593 quamquam
622 3507 767 3591 egregios
783 3509 927 3574 consules
944 3508 1110 3582 babemus,
1132 3508 1187 3573 sed
1208 3509 1406 3595 turpissimos
1427 3530 1503 3575 con-

185 3599 322 3677 sulares;
344 3607 483 3664 senatum
504 3599 636 3672 lortem,
666 3599 721 3664 sed
746 3600 853 3667 infimo
873 3624 1029 3690 quemque
1052 3601 1173 3668 bonore
1197 3601 1413 3668 fortissimum.
1442 3608 1502 3668 Po·

186 3692 261 3778 pulo
280 3712 358 3757 vero
378 3691 454 3756 nibil
475 3690 601 3766 lortius,
638 3692 715 3758 nibil
747 3696 874 3772 melius,
910 3697 1063 3783 Italiaque
1088 3696 1244 3761 universa.
1292 3695 1375 3761 Nihil
1396 3705 1501 3761 autem

149 3785 310 3856 asloedius
343 3784 485 3870 Philippo
510 3794 542 3849 et
568 3785 695 3862 Pisone,
731 3788 857 3873 legatis,
889 3789 967 3855 nihil
988 3789 1185 3874 flagitiosius3
1218 3789 1369 3876 quicum
1398 3797 1502 3854 essent

186 3878 289 3952 missi,
311 3885 346 3942 ut
367 3878 501 3943 Antonio
523 3899 562 3943 ex
588 3892 713 3946 senatus
735 3883 885 3947 sententia
907 3892 1009 3948 certas
1030 3904 1081 3947 res
1100 3882 1339 3957 denuntiarent,
1361 3903 1433 3948 cum
1448 3883 1501 3948 illc

187 3994 296 4038 earum
317 3993 425 4037 rerum
444 3972 520 4037 nulli
541 3974 712 4059 paruisset,
741 3975 824 4039 ultro
846 3974 885 4039 ab
907 3976 961 4042 illo
983 3976 1022 4041 ad
1044 3996 1102 4040 nos
1123 3975 1328 4042 intolerabilia
1348 3976 1502 4062 postulata

186 4067 383 4132 rettulerunt.
425 4071 532 4152 ltaque
550 4066 590 4130 ad
607 4087 664 4132 nos
685 4068 900 4144 concurritur,
925 4068 1061 4157 laetique
1082 4069 1192 4134 iamin
1210 4090 1246 4134 re
1261 4069 1388 4135 salutari
1402 4091 1503 4156 popu·

187 4161 269 4226 lares
290 4181 407 4225 sumus.
465 4163 495 4224 2.
523 4159 584 4224 Sed
607 4170 640 4227 tu
660 4160 735 4246 quid
757 4183 884 4247 ageres,
906 4163 983 4249 quid
1004 4174 1143 4238 acturus,
1166 4162 1221 4228 ubi
1244 4162 1380 4249 deniqne
1401 4183 1501 4235 esses,

152 4252 373 4325 vanesciebam.
423 4257 516 4317 Fama
546 4253 707 4319 nuntiabat
734 4264 764 4320 te
793 4277 861 4321 esse
891 4257 922 4321 in
951 4259 1056 4346 Syria3
1091 4268 1201 4323 auctor
1221 4267 1290 4323 erat
1310 4277 1413 4323 nemo.
1456 4260 1503 4321 ue

258 4473 285 4522 5.
304 4472 365 4520 dero
384 4471 421 4522 Μ.
451 4495 482 4506 -
518 4473 628 4534 reserent
652 4475 705 4523 eice
724 4489 778 4524 non
796 4477 906 4539 reserent
935 4476 1070 4527 Orellius:
1101 4478 1213 4540 reserent
1238 4476 1283 4535 Μ,
1314 4477 1426 4539 cernent
1450 4477 1504 4525 etue

189 4556 243 4591 non
262 4543 291 4591 Ε.
326 4565 355 4576 -
392 4543 419 4590 6.
440 4544 572 4590 tamenin
601 4543 774 4594 benivolentia
798 4545 836 4595 Μ.
867 4570 897 4581 -
947 4549 989 4597 11.
1019 4548 1169 4609 ραπὶοίάασ
1187 4546 1232 4597 Με
1250 4547 1398 4608 patrictdoe
1417 4545 1449 4595 Ε.
1470 4569 1504 4579 -

189 4614 232 4662 td.
251 4612 375 4676 quonlam
392 4611 437 4660 bl:
458 4626 534 4674 qaum
555 4612 584 4661 Ε.
607 4637 637 4648 -
674 4615 718 4665 18.
738 4616 867 4664 Cannutio
885 4616 931 4666 nt:
963 4618 1074 4668 canutio
1093 4617 1122 4666 Ε.
1144 4618 1207 4666 item
1226 4631 1251 4665 v.
1272 4617 1316 4665 21.
1337 4639 1368 4650 -
1404 4616 1448 4665 26.
1469 4623 1505 4666 te-

188 4696 245 4731 eum
263 4683 334 4745 toqui
352 4681 396 4731 bl:
425 4680 494 4743 loqui
513 4688 594 4730 tecum
613 4684 642 4735 Ε.
672 4708 700 4719 -
739 4684 782 4735 30.
801 4686 884 4735 Mart.
903 4686 943 4736 bie
959 4701 1000 4736 me
1016 4686 1054 4736 Μ.
1083 4711 1112 4722 -
1149 4686 1193 4736 36.
1213 4686 1398 4735 denuntiarent
1416 4684 1438 4734 1.
1457 4685 1503 4735 Fr.

189 4752 357 4802 Gronovius:
387 4751 540 4800 nuntiarent
558 4751 625 4812 ΜΕ,
644 4756 825 4805 renuntiarent
846 4755 894 4806 Vb.
916 4781 946 4792 -
965 4757 1009 4806 to.
1029 4768 1080 4807 evae
1096 4757 1125 4805 ln
1142 4755 1221 4820 Syrio
1241 4752 1281 4817 (ut
1298 4754 1348 4819 Ep.
1367 4755 1394 4803 5.
1414 4751 1442 4817 S.
1463 4752 1504 4817 1.)

188 4822 310 4942 madi„
327 4823 357 4870 tn
374 4820 479 4885 Surium
496 4821 535 4880 (ut
554 4821 602 4885 Ερ.
623 4823 666 4873 tt.
685 4821 715 4886 b.
733 4823 773 4888 a.)
792 4825 829 4887 B,
856 4838 907 4876 ease
923 4827 953 4877 tn
970 4826 1075 4891 Syriam
1105 4825 1136 4876 Ε.
1173 4823 1214 4878 Cf.
1238 4824 1326 4876 fland.
1345 4823 1425 4876 Ture.
1452 4824 1504 4875 111.

188 4907 214 4955 p.
288 4928 295 4943 .
