3256 5400
611 225 684 291 uu.
705 225 773 291 XV·
814 226 874 294 ΕΡ.
895 225 925 288 3.
949 225 980 289 4.
1394 227 1456 289 177

135 383 204 452 diue
228 391 367 472 paruus,
394 383 427 449 in
449 403 504 449 eos
530 391 674 451 uteretur
693 382 763 449 iure
784 382 891 469 regio;
919 403 1020 468 poena
1042 382 1179 449 alliceret
1200 401 1271 457 eoa,
1301 403 1381 468 quos
1402 404 1457 449 ne-

134 500 223 548 eesse
240 487 338 557 eeset;
360 477 500 564 reliquos
521 487 607 543 metu
628 476 791 556 liberarem
821 477 978 565 praesidio
1000 478 1158 543 exereitus
1179 477 1241 544 mei
1263 477 1303 544 ad
1324 498 1455 551 eorum,

135 574 191 661 qui
222 572 255 639 in
283 572 375 657 culpa
401 581 519 647 essent,
534 623 537 627 .
552 571 698 637 timorem
724 571 829 657 potius
858 593 952 659 quam
980 571 1019 638 ad
1047 572 1277 639 contentionem
1297 582 1457 653 uteretur;

134 667 206 735 lore
226 673 349 740 autem,
381 674 417 731 ut
438 685 562 740 omnes,
591 671 738 753 quoniam
759 667 1059 732 senatusconsultum
1081 674 1222 742 nossent,
1248 668 1458 753 intelligerent

136 783 187 827 me
208 761 295 847 regi,
317 760 346 826 si
366 780 447 846 opus
467 770 565 835 esset,
593 780 634 824 ex
655 761 839 826 auctoritate
861 770 966 827 vestra
987 760 1144 843 praesidio
1165 760 1316 826 futurum.
1360 765 1389 828 8.
1411 767 1480 829 ltau

135 854 320 922 confirmato
341 853 412 928 illo,
442 875 483 919 ex
505 874 545 918 eo
566 853 637 918 loeo
658 862 758 918 castra
779 854 885 933 movi3
907 854 968 920 iter
989 854 1021 919 in
1044 854 1182 920 Ciliciam
1204 853 1307 920 lacere
1328 855 1456 932 institui,

136 970 208 1016 cum
229 949 288 1015 bae
308 947 457 1034 opinione
477 969 496 1011 e
518 946 712 1033 Cappadocia
732 947 941 1023 discederem,
964 957 999 1014 ut
1019 949 1151 1013 consilio
1172 957 1293 1021 vestro,
1316 970 1389 1014 casu
1410 949 1459 1015 in·

63 1062 67 1071 ·
135 1041 278 1108 credibili
300 1062 336 1107 ac
357 1061 457 1127 paene
477 1039 584 1106 divino
610 1061 739 1126 regem,
778 1062 872 1128 quem
895 1062 952 1107 vos
973 1041 1285 1107 honorificentissime
1306 1042 1459 1129 appellas·

136 1135 228 1210 setis,
249 1135 338 1202 nullo
358 1135 549 1221 postulante,
571 1156 728 1222 quemque
749 1156 837 1200 meae
859 1135 930 1201 fidei
951 1135 1227 1202 commendassetis
1248 1147 1279 1202 et
1299 1136 1388 1201 euius
1409 1156 1458 1201 sa·

136 1231 234 1297 lutem
255 1250 385 1315 maguae
407 1227 496 1295 vohis
517 1248 612 1293 curae
634 1249 702 1293 esse
724 1227 928 1302 decressetis,
961 1251 1050 1295 meus
1071 1228 1221 1294 adventus
1241 1226 1457 1314 praesentibus
1471 1250 1496 1289 m

137 1324 257 1390 insidiis
277 1321 430 1390 liberarit.
483 1321 577 1399 Quod
598 1321 638 1388 ad
659 1343 715 1387 vos
737 1344 754 1387 a
776 1344 827 1388 me
849 1321 945 1388 scribi
966 1345 1029 1389 non
1051 1324 1186 1388 alienum
1208 1323 1334 1409 putavi,
1356 1331 1391 1388 ut
1411 1322 1459 1387 iu-

138 1417 317 1502 lelligeretis
339 1438 380 1482 ex
400 1415 455 1491 iis,
491 1437 572 1502 quae
593 1437 692 1503 paene
714 1415 911 1490 acciderunt,
939 1438 996 1483 vos
1017 1418 1115 1483 multo
1137 1426 1228 1491 ante,
1259 1437 1298 1481 nc
1320 1436 1357 1481 ea
1379 1414 1458 1480 acci·

137 1509 267 1587 derent,
303 1510 495 1596 providisse;
518 1531 620 1597 eoque
648 1532 705 1576 vos
733 1510 902 1577 studiosius
932 1510 993 1576 leci
1014 1512 1182 1586 certiores,
1219 1510 1304 1598 quod
1326 1512 1357 1576 in
1383 1531 1459 1596 rege

137 1603 347 1670 Ariobarzane
370 1625 407 1669 ea
428 1603 504 1668 mihi
525 1603 613 1688 signa
634 1604 746 1670 videor
759 1606 897 1680 virtutis,
921 1605 1052 1689 ingenii,
1075 1605 1148 1670 fidei
1161 1604 1459 1690 benevolentiaeque

138 1717 214 1784 ergo
235 1718 292 1763 vos
312 1697 529 1783 perspexisse,
550 1707 586 1762 ut
607 1719 670 1763 non
692 1699 760 1764 siue
781 1720 874 1766 causa
897 1707 1012 1764 mutam
1033 1720 1142 1765 euram
1163 1700 1195 1765 in
1217 1703 1285 1764 eius
1306 1719 1363 1764 vos
1377 1697 1458 1764 salu·
1472 1717 1498 1756 u

138 1799 219 1867 tem,
240 1790 494 1878 diligentiamque
515 1790 681 1856 videamini
701 1794 880 1859 contulisse.

614 1931 987 2016 mmueml

467 2059 509 2122 Μ.
531 2057 673 2121 CICERO
695 2058 773 2120 ΙΜΡ.
796 2059 827 2121 S.
848 2058 886 2121 D.
908 2059 949 2121 hl.
971 2057 1124 2121 CATONI.

224 2172 254 2234 1.
289 2169 366 2235 Cum
399 2166 439 2232 ad
460 2188 512 2232 me
539 2167 634 2251 legati
663 2166 749 2233 missi
777 2167 816 2232 ab
842 2168 996 2234 Antiocho
1018 2171 1228 2252 Commageno
1248 2167 1406 2232 venissent
1426 2165 1459 2231 iu

139 2269 240 2328 castra
260 2260 299 2328 ad
320 2259 461 2326 leonium
483 2280 511 2325 a.
533 2260 563 2326 d.
587 2280 637 2329 ιιι.
660 2265 737 2326 Non.
760 2260 960 2346 Septembres
987 2261 1074 2346 iique
1102 2260 1180 2326 mihi
1199 2259 1389 2326 nuntiassent
1409 2267 1496 2324 re·⁸⁰

139 2356 189 2443 gis
209 2355 395 2422 Parthorum
416 2353 531 2430 filium,
566 2375 702 2441 quocum
723 2363 806 2420 esset
826 2364 922 2440 nupta
943 2360 1027 2440 regis
1047 2356 1267 2421 Armeniorum
1289 2374 1398 2428 soror,
1420 2351 1460 2419 ad
1504 2397 1511 2412 .

140 2450 330 2537 Euphratem
357 2468 427 2514 enm
456 2449 602 2514 maximis
623 2448 808 2514 Parthorum
830 2449 928 2535 copiis
950 2450 1180 2536 multarumque
1201 2458 1364 2535 praeterea
1386 2468 1461 2532 gen·

140 2544 218 2610 tium
248 2561 360 2627 magna
388 2563 482 2608 manu
510 2543 631 2608 venisse
659 2542 914 2628 Euphratemque
935 2543 997 2607 iam
1019 2542 1153 2607 transire
1174 2541 1315 2627 coepisse
1337 2541 1460 2626 dieique

140 2635 321 2705 Armenium
349 2656 456 2722 regem
483 2636 516 2702 in
550 2634 775 2723 Cappadociam
804 2636 953 2722 impetum
976 2656 1045 2701 esse
1066 2634 1240 2709 iacturum,
1273 2633 1380 2720 putavi
1401 2653 1461 2718 pro

141 2741 248 2798 nostra
268 2729 495 2796 necessitudine
516 2751 567 2796 me
588 2729 648 2795 hoc
669 2729 708 2795 ad
730 2739 760 2795 te
782 2728 921 2795 scribere
935 2741 1094 2816 oportere..
1136 2732 1167 2793 1.
1188 2727 1316 2793 Publice
1331 2733 1498 2814 propter'⁵

141 2825 219 2893 duas
250 2845 359 2891 causas
384 2823 464 2889 nihil
489 2824 618 2911 scripsi:
652 2824 738 2911 quod
762 2834 793 2891 et
813 2824 916 2910 ipsum
939 2827 1182 2907 Commagenum
1203 2823 1297 2906 legati
1318 2819 1462 2887 dicebaut

141 2919 180 2985 ad
200 2927 343 2986 senatum
364 2919 466 2984 statim
489 2919 614 2984 nuntios
634 2919 815 3007 litterasque
838 2916 979 2996 misissc3
1015 2926 1047 2982 et
1068 2914 1285 2982 existimabam
1306 2919 1347 2982 Μ.
1368 2912 1463 2981 Bibu-

141 3013 206 3079 lum
235 3031 376 3097 procos,
408 3011 464 3097 qui
495 3012 621 3076 circiter
647 3011 722 3078 Idus
750 3010 884 3077 Sextiles
912 3009 952 3075 ab
974 3009 1099 3096 Epheso
1125 3009 1158 3075 in
1188 3009 1309 3097 Syriam
1332 3007 1462 3074 navibus

140 3104 300 3193 proiectus
321 3112 408 3178 erat,
430 3103 515 3192 quod
537 3104 689 3170 secundos
710 3113 820 3170 ventos
841 3102 1016 3177 habuisset,
1038 3108 1100 3169 iam
1115 3102 1147 3168 in
1163 3103 1359 3189 provinciam
1373 3121 1461 3167 suam

141 3198 322 3285 pervenisse
329 3219 338 3276 ;
375 3197 464 3262 cuius
491 3198 603 3264 litteris
630 3203 735 3264 omnia
757 3198 892 3264 certiora
912 3198 1068 3283 perlatum
1090 3197 1130 3262 iri
1151 3196 1190 3262 ad
1211 3204 1352 3262 senatum
1374 3201 1499 3281 puta-³⁰

141 3291 224 3357 bam.
264 3290 355 3368 hlihi,
378 3299 412 3357 ut
433 3291 466 3355 in
486 3291 641 3356 eiusmodi
663 3313 699 3356 re
720 3301 870 3379 tantoque
891 3289 991 3363 bello,
1023 3290 1178 3356 maximae
1198 3310 1293 3354 curae
1315 3298 1375 3365 est,
1407 3298 1461 3364 ut,

141 3406 222 3471 qnae
249 3383 350 3472 copiis
378 3392 410 3450 et
442 3383 556 3470 opibus
577 3393 683 3451 tenere
705 3385 758 3450 vix
780 3405 961 3471 possumus,
998 3405 1035 3449 ea
1055 3382 1291 3449 mansuetudine
1313 3390 1344 3447 et
1364 3381 1463 3447 conti·

142 3478 246 3545 nentia
271 3488 396 3554 nostra,
429 3478 587 3544 sociorum
618 3478 767 3545 fidelitate
796 3488 967 3544 teneamus.
1020 3483 1068 3544 Tu
1088 3476 1207 3551 velim,
1229 3484 1264 3542 ut
1284 3475 1461 3548 consuesti,

142 3592 200 3638 nos
220 3570 365 3640 absentes
385 3571 495 3658 diligas
517 3580 549 3637 et
569 3570 726 3638 delendas.

619 3712 989 3795 monem)
1473 3750 1501 3795 e

476 3838 517 3903 Μ
539 3836 683 3902 CICERO
705 3838 783 3900 ΙΜΡ.
806 3838 837 3900 S.
859 3839 897 3899 D.
919 3838 960 3900 Μ.
982 3835 1136 3900 CATONI.

229 3951 257 4014 1.
279 3950 406 4013 Summa
425 3955 479 4012 tua
500 3945 668 4012 auctoritas
688 3944 762 4010 lecit
782 3967 951 4032 meumque
971 3954 1158 4032 perpetuum
1180 3945 1220 4012 de
1241 3953 1294 4012 tua
1315 3941 1464 4031 singulari

143 4047 257 4108 virtute
278 4040 443 4116 iudicium,
466 4049 501 4106 ut
522 4039 626 4124 magni
648 4059 718 4104 mea
738 4039 890 4105 interesse
911 4048 1055 4126 putarem
1078 4048 1109 4105 et
1130 4060 1182 4105 res
1203 4061 1275 4115 eas,
1297 4060 1375 4126 quas
1395 4058 1466 4124 ges·

144 4136 277 4209 sissem,
299 4133 357 4200 tibi
378 4144 466 4200 notas
488 4154 556 4199 esse
578 4145 610 4200 et
631 4154 694 4199 non
722 4133 863 4219 ignorari
884 4155 903 4198 a
924 4142 969 4209 tc,
993 4156 1054 4221 qua
1075 4139 1231 4221 aequitate
1253 4143 1286 4199 et
1305 4132 1466 4198 eontinen-

144 4228 186 4294 tia
207 4238 317 4295 tuerer
337 4226 441 4293 socios
462 4226 718 4314 provinciamque
738 4228 999 4294 administrarem.
1056 4228 1098 4294 lis
1119 4233 1203 4293 enim
1233 4247 1253 4292 a
1280 4235 1310 4291 te
1331 4224 1502 4309 coguitiseo

212 4446 240 4498 le.
259 4448 384 4511 quonium
401 4445 444 4497 Με
463 4461 542 4510 quum
559 4447 590 4497 E.
614 4471 648 4481 -
682 4447 709 4497 7.
733 4447 856 4497 discerem
874 4446 911 4498 Μ.
944 4472 975 4484 -
1011 4448 1055 4496 10.
1074 4446 1219 4496 mousom
1235 4444 1272 4494 B:
1292 4444 1465 4495 deereetmm

145 4513 176 4565 E.
212 4517 264 4576 (Ite
283 4516 310 4567 Μ
329 4529 385 4566 nou
407 4522 575 4574 constatt-
612 4517 653 4568 11.
673 4516 792 4567 demerit
810 4517 968 4569 Ernestius:
988 4517 1109 4566 liberaret
1127 4514 1165 4566 M.
1186 4537 1216 4550 -
1251 4519 1281 4563 ut
1299 4527 1353 4563 om.
1374 4512 1410 4564 Μ.
1431 4537 1464 4547 -

146 4586 189 4636 15.
215 4588 352 4638 cucumin
370 4586 424 4637 eiua
441 4599 487 4637 voe
511 4587 622 4637 sulutem
647 4587 858 4652 diligentiamque
882 4588 930 4638 hl:
961 4600 1053 4637 merum
1076 4585 1287 4649 diligentiamque
1304 4585 1333 4634 in
1349 4584 1403 4632 eius
1420 4595 1466 4632 uon

145 4656 256 4708 sulutem
275 4657 305 4706 E.
326 4681 356 4692 -
394 4656 438 4706 10.
457 4654 537 4720 Nem]
557 4658 619 4708 Eut.
639 4656 785 4707 Manutius.
808 4684 836 4694 -
875 4660 919 4708 11.
946 4664 972 4708 et
989 4656 1033 4706 13.
1054 4656 1206 4716 Euphraten
1225 4653 1255 4703 E.
1276 4677 1306 4688 -
1343 4652 1387 4702 ad.
1406 4666 1467 4714 ecp-

144 4727 259 4789 pudocia
277 4727 314 4778 M·
336 4751 367 4762 -
404 4727 448 4778 10.
479 4727 569 4778 hebuit
593 4742 618 4777 ee
637 4729 691 4776 ium
710 4742 750 4791 pr.
770 4729 817 4786 hl,
851 4728 968 4777 habuisse
985 4727 1041 4776 iem
1060 4739 1130 4774 corr.
1149 4725 1185 4776 Μ.
1215 4747 1245 4758 -·
1281 4721 1326 4772 31.
1344 4722 1468 4772 eiusmodi

146 4797 191 4847 hl:
220 4797 365 4849 huiuamodi
385 4795 415 4846 E.
438 4821 473 4830 -
509 4799 552 4848 31.
578 4811 714 4860 poscumus
738 4799 780 4850 la:
804 4800 932 4863 possimus
949 4797 980 4846 E.
1008 4819 1041 4831 -
1077 4795 1120 4845 33.
1147 4801 1259 4845 ememus
1282 4793 1328 4853 bi,
1348 4798 1468 4842 tueamur

147 4867 249 4918 Nonius
268 4880 290 4917 e.
310 4881 336 4917 v.
352 4865 506 4917 ¹Continent.
526 4865 564 4932 (p.
578 4867 639 4918 173.
659 4867 755 4928 hiere.)
774 4891 804 4905 -
840 4867 883 4917 40.
904 4867 941 4919 lia
958 4866 1004 4920 lli:
1024 4866 1074 4917 Ilia
1092 4864 1122 4915 E.
