3256 5400
178 219 219 280 24
606 211 882 277 El'lS'l'OLARUM
902 214 955 276 nl)
976 213 1066 276 ΒΑΜ.

160 374 251 439 ·bilia
275 396 336 439 uon
360 393 501 459 possem,
531 392 604 437 cum
623 370 808 456 praesertim
829 368 1019 434 confiderem
1052 367 1167 433 nnllam
1186 390 1255 435 esse
1278 371 1409 455 gratiana
1432 381 1497 437 tan-

176 484 255 550 tam,
293 497 385 563 quam
412 497 475 540 non
498 475 547 540 vel
569 493 681 559 capere
703 472 823 537 animus
845 493 933 537 meus
960 472 993 536 in
1015 471 1199 557 accipiendo
1223 473 1273 538 vel
1298 474 1331 537 in
1352 496 1497 540 remune-

177 571 275 635 rando
291 569 450 636 cumulare
471 578 563 655 atque
576 566 733 632 illustrare
751 575 865 651 posset.
900 570 930 630 3.
952 569 1019 649 Ego
1035 565 1140 629 omnia
1153 586 1223 631 mea
1238 567 1349 642 studia,
1372 589 1498 634 omnem

178 685 323 751 operam,
353 682 476 736 curam,
505 661 706 732 industriam,
736 659 973 744 cogitationem,
1002 670 1138 725 mentem
1163 659 1298 748 denique
1316 684 1444 728 omnem
1464 663 1498 730 iu

154 758 300 827 :Milonis
321 757 483 822 consulatu
503 754 558 820 lixi
579 764 611 819 et
630 753 731 822 locavi
750 754 905 839 statuique
923 752 957 817 in
973 773 1012 817 eo
1034 774 1085 818 me
1110 775 1173 819 nou
1196 755 1291 820 officii
1309 758 1411 823 solum
1432 757 1497 825 fru-

177 861 259 916 ctum
283 850 451 916 sedetiam
475 849 597 935 pietatis
617 846 742 913 laudem
765 845 881 911 debere
905 867 1069 933 quaerere.
1122 853 1229 935 Neque
1252 871 1330 916 vero
1352 853 1498 940 cuiquam

177 945 305 1010 salutem
328 965 363 1009 ac
382 942 522 1008 fortunas
541 964 612 1007 suas
635 951 737 1006 tautae
757 960 851 1005 curae
873 939 970 1005 fuisse
993 963 1131 1028 unquam
1152 952 1245 1027 puto,
1270 956 1403 1030 quantae
1421 947 1498 1013 mihi

176 1039 216 1102 sit
237 1039 337 1103 honos
364 1037 449 1108 eius,
486 1037 517 1100 in
539 1057 603 1122 quo
621 1036 725 1099 omnia
749 1055 819 1099 mea
840 1035 941 1120 posita
963 1057 1032 1100 esse
1056 1035 1191 1102 decrevi.
1243 1037 1324 1102 Huic
1347 1049 1378 1104 te
1398 1061 1496 1106 unum

177 1141 261 1196 tanto
283 1130 463 1195 adiumento
479 1150 562 1201 esse,
585 1129 611 1192 si
634 1128 787 1202 volueris,
811 1147 904 1213 posse
929 1128 1092 1215 intelligo,
1114 1139 1150 1195 nt
1171 1130 1249 1196 nihil
1271 1131 1312 1195 sit
1335 1143 1497 1219 praeterea

145 1224 267 1297 :anobis
288 1223 522 1311 requirendum.
577 1222 735 1288 Habemus
757 1222 972 1287 haecomnia:
1006 1221 1163 1288 bonorum
1185 1223 1323 1289 studium
1352 1226 1496 1292 concilia·

176 1328 243 1384 tum
276 1340 316 1382 ex
348 1316 506 1382 tribunatu
533 1326 664 1403 propter
694 1323 855 1387 nostram,
889 1323 923 1378 ut
949 1335 1043 1400 spero
1071 1324 1102 1380 te
1131 1316 1323 1401 intelligere,
1356 1339 1496 1397 causam;

176 1412 262 1497 vulgi
283 1432 319 1476 ac
349 1411 553 1477 multitudinis
582 1418 712 1495 propter
742 1406 1001 1492 magnificentiam
1028 1430 1194 1474 munerum
1216 1409 1497 1498 liberalitatemque

176 1512 322 1581 naturae:
358 1504 526 1570 iuventutis
553 1513 584 1568 et
610 1504 820 1587 gratiosorum
850 1503 883 1567 in
916 1503 1073 1588 suffragiis
1102 1503 1204 1569 studia
1235 1513 1368 1591 propter
1400 1504 1497 1590 ipsius

177 1598 381 1663 excellentem
401 1598 434 1662 in
456 1618 495 1662 eo
518 1618 634 1683 genere
652 1597 701 1661 vel
723 1597 853 1683 gratiam
877 1597 926 1662 vel
952 1596 1160 1682 diligentiam
1182 1606 1322 1662 nostram
1347 1597 1497 1682 suifraga-

142 1692 315 1765 ntionem,
338 1691 364 1755 si
385 1691 487 1757 minus
502 1700 676 1777 potentem,
699 1700 730 1756 at
752 1689 917 1776 probatam
937 1698 1041 1755 Mmen
1063 1697 1095 1756 et
1115 1690 1229 1757 iustam
1251 1701 1282 1756 et
1306 1691 1443 1757 debitam
1468 1699 1499 1756 et

177 1796 345 1872 propterea
365 1784 498 1850 sortasse
520 1785 613 1850 ctiam
634 1785 813 1869 gratiosam.
855 1788 885 1849 l.
907 1788 980 1849 Dux
1000 1783 1091 1850 nobis
1113 1793 1145 1848 et
1165 1793 1275 1850 auctor
1297 1806 1376 1871 opus
1399 1793 1499 1851 estet

178 1900 289 1945 eorum
311 1888 492 1952 ventorum,
522 1900 601 1965 quos
622 1878 791 1965 proposui,
827 1877 1008 1943 moderator
1030 1876 1157 1964 quidam
1178 1887 1210 1942 et
1231 1879 1321 1966 quasi
1343 1877 1497 1964 gnberna-

177 1980 244 2037 tor:
267 1971 370 2058 quisi
391 1993 431 2039 ex
453 1971 598 2038 omnibus
619 1993 700 2036 unus
722 1970 876 2058 optandus
898 1980 995 2046 esset,
1018 1991 1113 2056 quem
1134 1979 1236 2036 tecum
1258 1970 1404 2038 conferre
1426 1993 1497 2059 pos·

178 2086 297 2138 semus,
330 2086 394 2130 non
415 2064 611 2130 haberemus.
656 2063 884 2142 Quamobrem,
922 2064 948 2128 si
971 2084 1020 2127 me
1042 2084 1230 2137 memorem,
1257 2064 1284 2130 si
1307 2074 1448 2150 gratum,
1471 2066 1498 2131 si

139 2158 294 2230 ‚obonum
315 2159 418 2224 virum
440 2158 489 2224 vel
511 2179 552 2222 ex
574 2158 633 2222 hoc
654 2158 740 2244 ipso,
763 2157 849 2243 quod
867 2166 929 2220 tam
943 2156 1145 2222 vehementer
1159 2157 1198 2223 de
1211 2158 1328 2225 Milone
1343 2157 1495 2232 laborem,

177 2253 357 2318 existimare
378 2259 487 2339 potes:
515 2252 542 2317 si
563 2251 691 2336 dignum
721 2251 857 2338 deniqne
888 2249 950 2314 tuis
972 2248 1133 2316 beneficiis
1162 2251 1297 2318 iudicas:
1331 2252 1393 2318 hoo
1420 2274 1439 2317 a
1467 2259 1499 2317 te

176 2353 269 2434 peto,
295 2353 331 2412 nt
360 2345 526 2412 subvenias
548 2345 621 2410 huic
654 2365 743 2409 meae
772 2343 975 2410 sollicitudini
1003 2353 1034 2409 et
1064 2343 1138 2410 huic
1164 2354 1252 2410 meae
1275 2346 1361 2411 laudi
1385 2346 1437 2411 vel
1458 2377 1498 2390 -

176 2449 211 2505 ut
231 2439 336 2505 verius
358 2438 460 2504 dicam
481 2458 643 2525 -prope
669 2437 760 2504 saluti
782 2446 871 2503 tuum
894 2436 1032 2502 studium
1054 2437 1148 2503 dices.
1192 2443 1238 2503 De
1254 2439 1323 2525 ipso
1342 2443 1378 2504 Τ.
1397 2436 1499 2503 Annio

176 2542 296 2599 tantum
316 2532 374 2598 tibi
394 2532 547 2618 polliceor
561 2541 591 2596 te
607 2531 734 2596 maioris
757 2530 862 2606 animi,
878 2531 1057 2615 gravitatis,
1080 2532 1287 2608 constantiae,
1308 2531 1498 2597 benevolen-

140 2627 238 2697 „tiae
260 2647 335 2710 erga
362 2637 406 2698 te,
430 2626 457 2690 si
481 2625 645 2710 complecti
668 2625 826 2689 hominem
851 2624 1007 2700 volueris,
1037 2625 1216 2691 habiturum
1243 2647 1311 2692 esse
1331 2627 1498 2690 nemiuem.

176 2719 253 2784 Mihi
278 2739 355 2785 vero
381 2727 498 2783 tantum
524 2717 665 2793 decoris,
698 2726 818 2783 tantum
840 2718 997 2803 dignitatis
1028 2719 1226 2796 adiunxeris,
1255 2729 1290 2786 ut
1313 2719 1449 2784 eundem
1469 2729 1500 2784 te

176 2810 267 2877 facile
292 2832 458 2896 agnoscam
479 2811 575 2877 luisse
602 2811 636 2876 in
660 2809 752 2876 laude
774 2832 858 2887 mea,
881 2811 935 2896 qui
961 2811 1060 2877 fueris
1080 2812 1112 2876 in
1140 2813 1249 2879 salute.
1291 2817 1332 2889 Δ5.
1354 2816 1445 2897 Ego,
1467 2811 1498 2876 ni

177 2915 208 2971 te
237 2904 345 2971 videre
380 2905 508 2979 scirem,
541 2926 612 2970 cum
642 2904 681 2969 ad
708 2912 738 2969 te
766 2904 952 2980 scriberem,
985 2915 1135 2993 quantum
1168 2907 1263 2972 oflicii
1291 2905 1499 2982 sustinerem,

178 3009 294 3086 quanto
317 3019 414 3085 opere
439 2999 515 3065 mibi
541 3008 623 3064 esset
643 2999 676 3064 in
699 2998 757 3064 hac
777 2998 928 3083 petitione
949 2998 1075 3063 Milonis
1097 3000 1184 3064 omni
1213 3021 1276 3065 nou
1302 2999 1398 3065 modo
1425 3018 1498 3063 oon·

141 3093 330 3168 adtentione,
367 3092 423 3158 sed
449 3093 542 3157 etiam
568 3093 767 3158 dimicatione
789 3090 1029 3167 elaborandum,
1062 3092 1153 3178 plura
1173 3093 1356 3159 scriberem.
1412 3096 1501 3158 Nune

178 3185 234 3252 tibi
259 3208 384 3252 omnem
413 3208 480 3251 rem
514 3196 607 3275 atque
633 3206 758 3252 causam
788 3205 901 3270 meque
927 3193 1028 3251 totum
1057 3186 1243 3253 commendo
1272 3196 1365 3274 atque
1397 3187 1499 3252 trado.

178 3280 276 3346 Unum
295 3280 356 3344 boc
377 3280 422 3359 sic
446 3278 580 3345 habeto:
610 3279 637 3345 si
657 3301 676 3344 a
698 3288 728 3344 te
749 3279 828 3343 banc
848 3299 916 3343 rem
940 3279 1127 3365 impetraro,
1156 3302 1207 3345 me
1229 3301 1329 3367 paene
1349 3279 1422 3366 plus
1442 3278 1500 3345 tihi

177 3396 270 3462 quam
294 3374 354 3459 ipsi
374 3374 483 3439 Miloni
504 3373 703 3451 debiturum:
739 3371 908 3437 nonenim
924 3371 1001 3436 mihi
1023 3382 1086 3437 tam
1111 3394 1182 3438 mea
1206 3375 1290 3439 salus
1318 3396 1391 3439 cara
1421 3373 1500 3449 brit,

177 3467 286 3554 inqua
305 3454 564 3553 praecipue'sum
578 3466 617 3532 ab
635 3467 689 3532 illo
712 3465 853 3539 adiutus,
877 3487 970 3553 quam
985 3465 1084 3552 pietas
1099 3467 1160 3532 erit
1176 3467 1208 3532 in
1224 3467 1390 3533 referenda
1401 3467 1500 3554 gratia

141 3560 321 3632 „iucunda
364 3565 440 3625 Eam
462 3569 566 3625 autem
587 3560 679 3626 unius
701 3568 755 3625 tuo
777 3558 881 3625 studio
903 3580 953 3623 me
975 3560 1099 3647 assequi
1121 3581 1214 3646 posse
1236 3561 1371 3628 conlido.

652 3703 716 3765 nn.
759 3698 808 3781 (n.
834 3702 867 3763 n.
891 3703 922 3764 c.
945 3699 1031 3782 roe.)

363 3818 404 3879 n.
427 3816 569 3879 crunno
592 3813 757 3878 rnocos
780 3815 811 3875 s.
833 3815 870 3875 n.
893 3814 925 3876 c.
949 3814 1311 3879 contemnuere

266 3930 293 3990 1.
316 3930 393 3990 Sera
414 3924 580 4010 gratulatio
611 3922 802 4010 reprebendi
826 3945 889 3988 non
910 3925 1004 4000 solet,
1032 3926 1218 4012 praesertim
1244 3925 1271 3992 si
1294 3927 1378 3991 nulla
1402 3926 1500 4011 negli-

179 4020 282 4104 gentia
313 4018 533 4105 praetermissa
560 4027 626 4083 est:
660 4017 753 4102 longe
777 4018 860 4082 enim
890 4018 1018 4094 absum,
1046 4021 1140 4086 audio
1162 4041 1250 4085 sero..
1304 4019 1367 4084 Sed
1389 4018 1446 4085 tibi
1470 4029 1502 4084 et

140 4146 168 4184 :n
178 4112 318 4197 gratulor
333 4122 383 4187 et,
405 4122 440 4178 ut
454 4111 660 4197 sempiternae
679 4111 762 4175 laudi
775 4110 831 4175 tibi
844 4111 884 4175 sit
900 4112 957 4175 isto
976 4113 1160 4189 tribunatus,
1183 4122 1301 4200 exopto
1316 4122 1411 4199 teque
1426 4110 1500 4177 hor·

179 4214 246 4279 tor,
268 4215 303 4270 nt
324 4206 429 4270 omnia
449 4205 604 4290 gubernes
621 4211 653 4269 ct
673 4204 838 4269 moderere
859 4203 1024 4289 prudentia
1046 4217 1118 4280 tua,
1142 4229 1181 4271 ne
1206 4216 1236 4272 te
1260 4206 1404 4272 auferant
1424 4205 1500 4273 alio-
1535 4232 1544 4253 0

179 4320 248 4363 rum
271 4298 410 4364 consilia.
452 4303 550 4363 Nemo
572 4308 638 4373 est,
661 4296 714 4384 qui
730 4295 786 4362 tibi
801 4297 971 4383 sapientius
990 4300 1123 4365 suadere
1140 4301 1240 4387 possit
1260 4311 1291 4366 te
1312 4300 1400 4386 ipso:
1422 4321 1501 4365 nnu-

250 4462 275 4510 l.
294 4462 413 4524 gratiam
432 4467 535 4510 tantam
555 4473 594 4522 pr.
614 4459 663 4509 M:
683 4461 800 4522 pretium
818 4458 839 4507 ll
856 4472 918 4508 cum
940 4473 1011 4510 corr.
1033 4460 1071 4511 M.
1092 4487 1122 4497 —
1152 4462 1178 4512 3.
1197 4462 1329 4511 cumulare
1346 4467 1426 4524 atque
1442 4461 1502 4511 illn-

177 4536 264 4580 :trare
291 4544 363 4580 corr.
383 4530 428 4581 M:
460 4530 616 4578 cumulando
641 4537 720 4592 utque
737 4529 870 4578 illustrare
890 4543 930 4592 pr.
957 4530 1001 4590 M,
1034 4533 1240 4596 cumulandoque
1263 4532 1399 4581 illortrare
1417 4530 1448 4581 ll.
1470 4553 1501 4567 -

178 4600 206 4648 7.
225 4601 317 4664 wanti
334 4601 372 4649 M.
394 4624 424 4635 -
460 4599 487 4649 8.
510 4596 555 4662 eit]
575 4606 611 4649 ert
639 4613 693 4660 mg.
714 4598 917 4648 Cratandrinae.
941 4625 970 4635 -
1005 4601 1049 4650 22.
1069 4608 1094 4651 et
1119 4602 1213 4651 liresd.
1234 4608 1363 4664 quartur:
1391 4608 1420 4650 nt
1440 4599 1500 4652 llll.

179 4669 234 4720 etr.
263 4685 306 4733 cp.
334 4670 369 4728 7,
398 4673 423 4719 1.
448 4687 478 4705 -ὴ
515 4670 559 4719 24.
584 4670 773 4720 beneuolentiae
791 4669 893 4717 nidus:
914 4669 1151 4735 benevolentiaeque
1181 4672 1240 4722 Mll.
1266 4698 1298 4707 -
1334 4671 1379 4720 28.
1410 4671 1501 4721 tertbe-

179 4753 232 4790 rem
257 4741 302 4791 M:
322 4742 384 4790 buec
402 4740 536 4790 scriberem
554 4741 584 4790 E.
608 4761 641 4777 -
677 4740 721 4790 29.
741 4746 887 4802 quantoque
906 4753 981 4800 opere
1001 4754 1055 4802 mg.
1075 4741 1147 4791 Crat.
1169 4766 1199 4777 -
1236 4742 1280 4792 35.
1299 4742 1377 4789 enim
1394 4747 1440 4790 tuo
1459 4754 1499 4804 pr.

180 4809 226 4860 M:
257 4813 332 4860 unire:
359 4813 398 4861 tui
416 4811 437 4860 ll
455 4824 516 4860 cnm
536 4825 606 4860 corr.
627 4809 670 4870 M,
700 4816 745 4861 tuo
762 4809 839 4858 nnius
858 4808 944 4859 Valla.
966 4811 986 4858 l.
1013 4812 1055 4860 l'r.
1077 4813 1195 4864 Gronov.
1216 4812 1249 4862 ad
1268 4811 1355 4862 Plauti
1373 4810 1499 4862 Pseudoi.

182 4883 269 4940 l,l,
296 4881 322 4932 l.
354 4907 380 4918 -
420 4878 619 4942 lbetJntM.
