3256 5400
647 213 721 274 ΗΒ.
744 211 809 274 vlt
850 211 910 274 EP.
932 212 964 275 8.

604 372 683 434 un.
726 367 782 452 (A.
807 371 840 436 u.
861 370 893 434 e.
914 372 1006 450 ros.)

623 492 766 559 CICERO
788 491 932 555 ATTICO
954 493 985 554 S.

228 611 256 671 1.
278 603 362 682 Quid
375 624 455 689 opus
468 610 516 667 est
526 601 566 667 de
577 601 729 688 Dionysio
744 611 806 667 tam
821 599 912 665 valde
927 602 1101 666 affirmaret
1130 609 1177 667 An
1191 602 1269 668 mibi
1285 614 1376 669 nutus
1389 613 1460 670 tuus

142 723 205 766 non
226 701 342 765 laceret
363 697 477 762 lidem‘l
507 696 721 781 Suspicionem
744 704 847 759 autem
869 714 908 758 eo
924 693 1000 758 mibi
1020 696 1171 759 maiorem
1195 699 1386 762 taciturnitas
1406 707 1460 763 tua

142 794 296 866 attulerat,
318 790 403 878 quod
424 800 456 855 et
476 799 509 854 tu
531 789 613 855 soles
635 788 849 872 conglutinare
870 787 1021 851 amicitias
1042 789 1227 854 testimoniis
1249 796 1310 856 tuis
1327 801 1359 856 et
1373 792 1483 858 illnms

142 888 232 952 aliter
260 906 330 950 cum
358 884 427 949 aliis
454 883 493 948 de
520 880 612 948 nobis
638 882 776 947 locutum
803 879 979 946 audiebam.
1008 880 1068 946 Sed
1096 902 1227 967 prorsus
1249 885 1291 950 ita
1315 907 1399 960 esse,
1427 896 1462 952 ut

143 979 268 1053 scribis,
290 978 366 1043 mibi
387 975 566 1064 persuades.
608 980 716 1061 ltaque
738 993 798 1057 ego
819 974 900 1039 isin
923 974 1010 1039 illum
1032 996 1118 1049 sum,
1148 998 1243 1061 quem
1265 990 1298 1043 tu
1321 1000 1371 1043 me
1393 1000 1461 1045 esse

144 1076 201 1139 vis.
243 1077 273 1138 2.
300 1072 391 1138 Diem
420 1079 508 1136 tuum
536 1091 596 1154 ego
625 1090 750 1156 quoque
779 1090 819 1133 ex
847 1067 977 1153 epistola
1005 1069 1140 1154 quadarn
1169 1080 1238 1141 tua,
1270 1092 1364 1156 quam
1386 1072 1463 1137 inci-

143 1170 248 1255 piente
275 1164 426 1231 febricula
454 1164 637 1249 scripseras,
674 1163 750 1228 mibi
777 1171 971 1237 notaveram;
1006 1172 1037 1227 et
1064 1163 1344 1231 animadverteram
1369 1186 1461 1252 posse

143 1283 203 1349 pro
231 1282 267 1326 re
295 1269 366 1324 nata
398 1266 429 1323 le
454 1279 517 1323 non
545 1256 740 1322 incommode
771 1255 810 1320 ad
841 1254 946 1318 mein
975 1253 1126 1319 Albanum
1154 1261 1497 1325 venire111.Nonasn

143 1361 265 1421 Ianuar.
322 1351 398 1425 Sed,
426 1349 538 1415 amabo
565 1360 613 1424 te,
647 1350 723 1415 nibil
755 1347 954 1414 incommodo
982 1349 1166 1415 valetudinis
1198 1350 1322 1418 leceris.
1377 1353 1462 1432 Quid
1496 1364 1501 1372 ‘

143 1448 228 1513 enim
257 1455 304 1511 est
331 1453 448 1510 tantum
476 1445 507 1508 in
535 1464 600 1510 uno
627 1453 681 1508 aut
707 1443 806 1508 altero
834 1442 906 1507 diet
949 1447 979 1507 3.
1007 1442 1200 1508 Dolabellam
1233 1445 1327 1510 video
1354 1447 1461 1511 Liviae

144 1549 329 1606 testamento
351 1559 423 1603 cum
449 1535 573 1603 duobus
595 1536 804 1602 coheredibus
825 1557 894 1601 esse
915 1536 948 1601 in
975 1537 1106 1611 triente,
1140 1538 1195 1603 sed
1218 1538 1319 1605 iuberi
1340 1550 1461 1605 mutare

144 1655 268 1700 nomen.
322 1637 377 1696 Est
398 1633 565 1697 πολιτικὸν
587 1644 732 1715 σκέμμα,
758 1639 920 1695 rectumne
942 1629 982 1694 sit
1008 1629 1107 1695 nobili
1129 1631 1317 1698 adolescenti
1338 1644 1461 1698 mutare

144 1748 258 1791 nomen
287 1725 427 1792 mulieris
458 1734 652 1791 testamento.
711 1723 773 1789 Sed
802 1723 834 1788 id
870 1725 1142 1810 φιλοσοφώτερον
1178 1730 1459 1812 διευκρινήσομεν,
1473 1749 1497 1785 ¹³

143 1842 215 1886 cnm
245 1819 394 1894 sciemus,
423 1828 571 1906 quantum
603 1819 690 1904 quasi
720 1817 760 1882 sit
788 1817 821 1882 in
848 1817 969 1883 trientis
997 1818 1121 1883 triente.
1172 1823 1203 1884 t.
1233 1821 1326 1898 Quod
1347 1821 1462 1908 putasti

143 1916 230 1988 sore,
252 1923 287 1978 ut
308 1922 399 1986 ante,
422 1933 514 1998 quam
536 1913 616 1977 istuc
638 1912 795 1985 venirem,
824 1911 1007 1996 Pompeium
1029 1912 1185 1986 viderem,
1207 1913 1322 1980 factum
1345 1926 1393 1981 est
1408 1921 1460 1980 ita.

143 2013 220 2073 Nam
248 2027 295 2072 vr.
324 2007 391 2072 Kal.
420 2006 458 2070 ad
480 2006 666 2071 Lavernium
689 2027 739 2070 me
760 2015 946 2072 consecutus
974 2017 1030 2072 est
1074 2012 1138 2074 Una
1159 2010 1299 2074 Formias
1320 2012 1463 2075 venimus

144 2113 176 2167 et
196 2099 236 2165 ab
258 2100 336 2165 bora
357 2107 466 2166 octava
488 2100 527 2164 ad
549 2121 714 2185 vesperum
736 2109 859 2164 secreto
880 2099 1026 2165 collocuti
1048 2122 1165 2166 snmus.
1210 2104 1303 2181 Quod
1325 2106 1460 2191 quaeris,

144 2216 263 2282 ecquae
281 2214 352 2279 spes
367 2192 586 2279 pacificationis
605 2194 660 2259 sit:
684 2204 833 2279 quantum
850 2214 890 2258 ex
912 2194 1053 2280 Pompeii
1069 2195 1167 2259 multo
1190 2206 1221 2261 et
1236 2210 1381 2263 accurato
1396 2218 1498 2264 ser-so

145 2310 238 2354 mone
252 2287 413 2373 perspexi,
433 2308 471 2351 ne
488 2288 631 2352 voluntas
646 2286 774 2374 quidem
794 2296 850 2352 est.
880 2288 931 2352 Sic
945 2289 1028 2352 enim
1044 2288 1216 2363 existimat,
1245 2292 1271 2354 si
1285 2291 1337 2356 ille
1353 2292 1400 2356 vel
1416 2291 1463 2357 di-

145 2383 241 2448 misso
269 2381 410 2446 exercitu
439 2381 548 2446 consul
577 2379 677 2445 lactus
705 2382 761 2457 sit,
794 2382 952 2465 σύγχυσιν
977 2387 1030 2460 τῆς
1051 2388 1212 2458 πολιτείας
1240 2384 1319 2451 sore.
1362 2391 1463 2470 Atque

144 2477 237 2542 etiam
260 2486 347 2561 putat
368 2496 454 2550 eum,
490 2495 561 2539 cum
582 2475 718 2539 audierit
738 2485 847 2539 contra
869 2495 902 2539 se
925 2473 1091 2558 diligenter
1111 2477 1230 2560 parari,
1267 2478 1461 2542 consulatum

145 2571 206 2635 boc
234 2591 316 2634 anno
348 2568 562 2653 neglecturum
591 2589 627 2632 ac
654 2569 758 2654 potius
780 2568 952 2633 exercitum
979 2571 1234 2656 provinciamque
1256 2581 1461 2637 retenturum.

145 2664 199 2728 Sin
226 2672 330 2727 antem
360 2662 413 2726 ille
441 2660 585 2736 fureret,
620 2662 819 2727 vehementer
848 2661 1006 2726 bominem
1034 2662 1251 2728 contemnebat
1278 2676 1309 2731 et
1340 2665 1406 2730 suis
1432 2673 1498 2728 etas

144 2756 192 2821 rei
220 2754 362 2841 publicae
392 2755 491 2840 copiis
520 2744 705 2820 conlidebat.
749 2755 833 2832 Quid
865 2757 1014 2841 quaeris?
1042 2758 1109 2822 Etsi
1133 2757 1207 2821 mibi
1233 2756 1346 2822 crebro
1372 2759 1462 2836 ξυνὸς

142 2852 312 2926 Ἐνυάλιος
339 2847 544 2932 occurrebat,
572 2858 675 2914 tamen
706 2848 833 2915 levabar
853 2870 944 2924 cura,
979 2854 1082 2914 virum
1115 2851 1230 2914 lortem
1261 2860 1293 2915 et
1328 2851 1463 2936 peritum

145 2953 177 3007 et
207 2944 376 3030 plurimum
410 2943 593 3008 auctoritate
629 2942 783 3008 valentem
815 2943 945 3008 audens
977 2951 1147 3020 πολιτικῶς
1181 2944 1220 3009 de
1253 2944 1337 3030 pacis
1367 2943 1464 3008 simu·

144 3039 224 3104 latae
255 3037 403 3123 periculis
431 3035 645 3102 disserentem.
695 3042 726 3101 5.
757 3036 955 3104 Habebamus
983 3046 1086 3103 autem
1113 3038 1146 3102 in
1171 3037 1315 3102 manibus
1338 3036 1462 3101 Antonii

145 3131 323 3201 contionem
344 3130 479 3196 habitam
502 3151 536 3195 x.
558 3131 626 3196 llal.
647 3136 784 3206 Ianuar„
807 3131 839 3196 in
861 3153 921 3218 qua
944 3141 1012 3196 erat
1032 3132 1186 3197 accusatio
1201 3131 1341 3217 Pompeii
1363 3149 1499 3215 usqueao

146 3246 164 3290 a
190 3234 263 3308 toga
290 3245 382 3309 pura,
416 3223 545 3309 querela
577 3223 616 3288 de
644 3223 811 3300 damnatis,
846 3235 951 3291 terror
977 3246 1155 3301 armorum;
1191 3226 1223 3290 in
1253 3222 1366 3310 quibus
1394 3223 1461 3296 ille,

146 3317 256 3395 „Quid
277 3321 425 3391 censes”‚
459 3316 577 3392 aiebat,
610 3317 791 3392 „lecturum
814 3340 882 3385 esse
905 3320 1023 3405 ipsum,
1060 3319 1087 3384 si
1108 3320 1142 3383 in
1163 3317 1392 3404 possessionem
1414 3318 1462 3381 rei

145 3410 288 3497 publicae
316 3411 453 3484 venerit,
489 3432 561 3476 cum
590 3411 666 3476 baec
693 3423 840 3498 quaestor
870 3413 937 3479 eius
958 3413 1099 3477 infirmus
1121 3421 1152 3476 et
1172 3412 1263 3497 inops
1284 3410 1396 3475 audeat
1417 3409 1464 3475 di-

145 3510 262 3569 ccre?”
297 3504 381 3582 Quid
403 3504 519 3569 multat
558 3509 626 3570 Non
647 3505 742 3571 modo
770 3527 833 3572 non
854 3514 1004 3593 expetere
1025 3526 1132 3591 pacem
1160 3505 1250 3569 istam
1284 3503 1339 3568 sed
1369 3503 1462 3567 etiam

147 3601 257 3664 timere
288 3601 374 3665 visus
401 3611 458 3665 est.
509 3598 580 3683 [Ex]
608 3600 660 3665 illa
689 3610 792 3666 antem
824 3601 975 3666 sententia
1003 3602 1094 3681 inex
1122 3598 1345 3686 relinquendae
1373 3595 1498 3662 urbicas

146 3702 253 3758 movet
286 3693 461 3766 bominem,
495 3702 530 3758 ut
557 3701 643 3778 puto.
693 3693 769 3759 Mihi
790 3704 894 3760 autem
917 3693 994 3760 illud
1016 3694 1269 3759 molestissimum
1292 3702 1354 3764 est,
1377 3689 1462 3776 quod

147 3786 292 3851 solvendi
313 3796 385 3852 sunt
406 3787 525 3852 nummi
549 3786 671 3852 Caesari
694 3796 726 3852 et
745 3788 986 3854 instrumentum
1007 3788 1157 3874 triumphi
1173 3809 1212 3852 eo
1228 3785 1463 3851 conserendum.

146 3885 202 3946 Est
222 3880 305 3945 enim
328 3881 498 3967 ἄμορφον,
529 3885 850 3966 ἀντιπολιτευομένου
872 3885 1109 3969 χρεωφειλέτην
1130 3903 1209 3947 esse.
1253 3879 1314 3945 Sed
1336 3878 1464 3944 beccel

148 3974 244 4039 multa‘
265 3975 323 4040 alia
345 3996 463 4041 coram.

218 4193 243 4243 3.
263 4191 310 4257 est]
337 4201 395 4244 erat
420 4194 544 4244 Ernestio
570 4201 682 4244 anctore
708 4195 874 4246 Schuetzins.
905 4221 937 4230 -
974 4201 1029 4245 tam
1053 4207 1108 4244 om.
1129 4194 1150 4244 Ι.
1183 4219 1212 4231 -
1250 4194 1357 4242 nuntius
1377 4192 1398 4241 l.
1430 4217 1462 4226 —

147 4263 428 4314 &taciturnitates
445 4265 491 4315 M:
512 4272 558 4314 tuo
578 4267 747 4315 taciturnitas
764 4265 832 4315 lllll.
853 4292 884 4301 —
915 4267 941 4315 6.
961 4261 1032 4326 aliis]
1051 4265 1128 4314 mritis
1146 4277 1216 4313 corr.
1236 4264 1272 4314 Μ.
1295 4289 1324 4300 -
1358 4263 1399 4311 tn.
1419 4263 1464 4310 Bt-

149 4335 188 4381 cte
206 4334 236 4382 ll.
257 4356 289 4368 -
326 4336 369 4384 15.
388 4335 594 4404 δοακρινουμεν
613 4336 646 4385 ll.
666 4361 698 4371 -
734 4335 777 4384 18.
800 4331 951 4385 'Lauernum
970 4336 1010 4395 Y,
1039 4336 1211 4383 carvemtun
1230 4335 1266 4383 lll.
1305 4332 1464 4381 «Emendstl

149 4402 233 4452 Codd.
252 4403 535 4455 Laciniumbabent.n
571 4406 645 4455 Pius.
681 4430 708 4441 -
746 4419 858 4455 mecm
878 4406 937 4454 MR.
968 4430 997 4442 -·
1035 4405 1078 4455 13.
1100 4401 1183 4466 Quod]
1203 4405 1265 4466 quid
1283 4416 1353 4453 corr.
1373 4402 1409 4451 M·
1431 4426 1463 4436 -

148 4472 192 4521 20.
212 4486 303 4535 ecquae
321 4474 385 4524 tttt:
413 4481 437 4523 st
456 4490 521 4538 quos
540 4474 567 4529 l.
600 4490 681 4538 ecquo
699 4488 761 4524 cnm
781 4475 912 4525 lambino
930 4475 960 4524 Ε.
994 4499 1024 4509 -
1060 4475 1104 4523 23.
1121 4475 1372 4538 puraridtls'penter
1391 4474 1409 4516 l.
1432 4494 1462 4506 -

149 4543 193 4591 25.
212 4539 319 4604 [ureret]
339 4545 410 4594 Fert.
430 4553 524 4595 rueret·
545 4544 596 4595 01s.
618 4570 646 4582 -
684 4545 728 4594 26.
748 4540 839 4609 ὕπνος
857 4544 984 4610 νήδυμος
1003 4546 1025 4594 tt
1043 4551 1069 4593 et
1087 4558 1141 4604 mg.
1162 4545 1198 4594 Μ.
1230 4565 1263 4579 -
1299 4544 1341 4592 27.
1362 4540 1464 4590 locabat

150 4612 172 4660 l.
197 4634 219 4644 -
245 4612 287 4662 33.
307 4615 360 4662 etus
377 4627 431 4663 om.
451 4614 472 4665 l.
493 4641 525 4651 -
545 4615 589 4665 35.
609 4628 655 4664 mr
674 4615 709 4671 Υ,
734 4617 763 4664 tn
781 4615 821 4674 nt,
850 4617 893 4664 tra
911 4616 948 4673 ll,
966 4616 1006 4663 tto
1025 4628 1087 4663 cnm
1106 4614 1221 4663 Grutero
1240 4614 1279 4671 E,
1304 4626 1358 4661 om.
1379 4611 1400 4659 l.
1421 4611 1462 4667 (lu

70 4706 79 4721 ι
150 4682 310 4744 corruptelis
337 4697 397 4739 rna,
432 4685 460 4733 s'n
485 4684 568 4735 latere
592 4686 700 4735 videtur
726 4685 854 4747 temporis
880 4690 951 4733 nota.
998 4683 1135 4734 Sententia
1162 4683 1333 4746 aliquatenus
1360 4685 1464 4729 constat

150 4751 238 4802 deleto
257 4767 311 4809 nu,
336 4758 365 4801 ut
383 4753 487 4804 solebat
506 4756 653 4804 Ernestins.
673 4754 727 4804 llos
746 4753 928 4808 seclusimus.)
947 4780 975 4790 -
1003 4755 1046 4803 37.
1068 4762 1091 4804 et
1110 4755 1139 4802 in
1155 4757 1354 4803 instrumentum
1373 4749 1411 4799 ll.
1430 4774 1464 4785 -

149 4823 331 4887 conserendum
355 4829 402 4874 en.
422 4825 470 4874 Est
487 4827 555 4875 enlm
574 4825 606 4876 ll.
631 4849 660 4862 -
680 4824 724 4876 38.
744 4823 1037 4888 αντινολιτευομενον
1056 4824 1078 4874 ll
1095 4829 1120 4874 et
1133 4821 1195 4873 tort.
1210 4823 1246 4874 31.
1267 4845 1300 4860 -
1319 4829 1411 4872 stom.
1426 4820 1463 4870 11.
