3256 5400
180 275 221 337 98
613 271 888 336 EPISTOLARUM
907 273 960 335 ΑΙ)
981 273 1073 336 FAM.

180 451 240 515 ego
268 431 401 503 vellem,
434 430 592 514 reciperas
624 428 780 493 fortunam
814 436 845 491 et
867 426 1049 512 dignitatem
1070 435 1170 504 tuam,
1200 429 1277 493 mibi
1298 451 1362 495 uon
1384 428 1499 495 minori

179 546 275 590 curae
297 534 358 598 est,
381 544 474 609 quam
496 521 551 586 tibi
574 542 699 607 semper
719 521 847 586 fuerunt
868 542 957 585 casus
979 526 1051 586 mei.
1094 527 1201 609 ltaque
1223 532 1255 586 et
1275 524 1499 589 Postumuleno

180 628 212 683 et
233 622 334 684 Sestio
367 627 398 681 et
418 616 598 701 saepissime
619 617 721 681 Attico
742 624 852 679 nostro
874 619 1082 701 proximeque
1105 617 1267 690 Theudae,
1290 616 1405 683 liberto
1427 625 1498 689 tuo,

180 719 280 778 totum
317 732 366 775 me
395 710 526 796 patefeci
557 719 588 774 et
618 710 695 774 baec
717 708 764 773 bis
787 708 916 792 singulis
938 730 1031 794 saepe
1053 709 1136 783 dixi,
1164 731 1348 797 quacunque
1370 730 1406 772 re
1427 729 1501 793 pos-

154 826 261 880 ssem,
296 826 345 868 me
368 803 424 869 tibi
446 812 477 868 et
498 804 604 868 liberis
626 803 687 868 tuis
709 801 886 867 satisfacere
909 823 1040 887 cupere3
1077 803 1172 889 idque
1194 814 1227 869 tu
1250 805 1289 868 ad
1311 814 1381 869 tuos
1403 802 1498 866 velim

180 898 313 972 scribas,
347 898 423 962 baec
451 897 577 984 quidem
606 908 705 970 certe,
739 917 819 982 quae
852 895 885 959 in
910 906 1063 981 potestate
1093 919 1161 961 mea
1184 906 1269 972 sunt,
1291 907 1326 962 ut
1347 916 1498 981 operam,

179 992 358 1067 consilium,
385 1013 469 1066 rem,
503 991 596 1055 fidem
618 1012 718 1055 meam
741 989 801 1053 sibi
823 989 863 1053 ad
885 1010 993 1055 omnes
1015 1012 1067 1055 ros
1088 1002 1227 1077 paratam
1250 999 1369 1077 putent.
1413 993 1443 1052 2.
1466 990 1498 1053 Si

179 1086 361 1151 auctoritate
383 1094 414 1149 et
434 1091 533 1170 gratia
558 1093 675 1148 tautum
697 1104 840 1169 possem,
874 1084 1078 1169 quantumin
1101 1106 1137 1149 ea
1159 1084 1352 1170 republica,
1376 1082 1415 1147 de
1437 1104 1498 1168 qua

178 1179 221 1243 ita
243 1179 373 1243 meritus
389 1201 486 1253 sum,
514 1199 606 1263 posse
629 1177 793 1250 deberem,
828 1187 862 1242 tu
883 1198 1010 1265 quoque
1031 1178 1057 1242 is
1080 1198 1183 1251 esses,
1221 1180 1276 1265 qui
1297 1177 1399 1249 fuisti,
1428 1197 1498 1241 cum

144 1272 265 1337 soomni
286 1272 386 1358 gradu
414 1271 603 1357 amplissimo
634 1270 852 1356 dignissimus,
890 1282 955 1337 tum
985 1281 1069 1336 certe
1097 1272 1215 1337 ordinis
1237 1277 1282 1338 tui
1303 1271 1392 1336 facile
1413 1272 1498 1356 prin-

179 1387 262 1452 ceps.
306 1366 367 1430 Sed
388 1366 536 1452 quoniam
558 1364 669 1429 eodem
684 1374 824 1450 tempore
843 1366 1015 1452 cademque
1037 1366 1076 1430 de
1098 1387 1191 1431 causa
1207 1371 1350 1431 nostrum
1365 1375 1498 1452 uterque

179 1460 310 1536 cecidit,
331 1458 389 1523 tibi
411 1468 442 1523 et
462 1459 515 1523 illa
536 1459 703 1544 polliceor,
725 1480 806 1545 quae
828 1480 922 1545 supra
945 1460 1070 1544 scripsi,
1093 1481 1173 1545 quac
1195 1469 1266 1525 sunt
1287 1460 1389 1524 adhuc
1410 1481 1496 1533 mea,

179 1563 210 1617 et
231 1575 284 1626 ea,
306 1574 387 1639 quae
408 1562 570 1638 praeterea
593 1551 704 1616 videor
725 1551 801 1615 mibi
823 1574 864 1617 ex
886 1555 989 1640 aliqua
1010 1563 1099 1639 parte
1121 1553 1257 1618 retinere
1277 1562 1436 1641 tamquam
1458 1573 1498 1617 ex

178 1646 319 1734 reliquiis
341 1648 488 1732 pristinae
511 1646 677 1730 dignitatis.
724 1650 832 1731 Neque
859 1647 942 1711 enim
969 1647 1036 1732 ipse
1059 1651 1189 1719 Cacsar,
1219 1655 1254 1712 ut
1275 1648 1380 1713 multis
1402 1646 1497 1711 rebus

143 1761 170 1800 ss
179 1741 351 1825 intelligere
373 1739 476 1826 potui,
514 1749 561 1804 est
583 1740 701 1804 alienus
723 1761 740 1802 a
762 1738 868 1815 nobis,
899 1748 929 1804 et
951 1761 1060 1805 omues
1087 1740 1154 1805 fere
1167 1735 1410 1806 'familiarissimi
1431 1742 1498 1805 eius

179 1856 253 1899 casu
274 1834 408 1898 devincti
430 1833 549 1917 magnis
581 1833 660 1897 meis
688 1832 847 1897 veteribus
876 1834 986 1898 officiis
1019 1855 1069 1899 me
1091 1833 1257 1919 diligenter
1278 1834 1447 1900 observant
1468 1845 1498 1900 et

177 1929 293 1993 colunt.
349 1932 456 2013 ltaque
488 1927 590 2013 siqui
618 1926 694 1990 mibi
716 1926 775 1990 erit
796 1927 897 1991 aditus
919 1927 958 1991 de
981 1928 1041 1993 tuis
1066 1928 1217 2003 fortunis,
1247 1929 1278 1993 id
1300 1938 1360 2003 ost,
1384 1928 1423 1993 dc
1445 1936 1497 1993 tua

177 2021 403 2095 incolumitate,
427 2021 457 2084 in
479 2042 540 2107 qua
563 2031 634 2085 sunt
655 2019 776 2094 omnia,
799 2021 910 2104 agendi
932 2051 972 2065 —
995 2020 1080 2107 quod
1095 2021 1221 2108 quidem
1237 2021 1377 2107 quotidie
1399 2020 1497 2106 magis

178 2134 220 2178 ex
240 2135 350 2179 eorum
373 2114 569 2179 sermonibus
591 2112 733 2177 adducor
753 2121 788 2177 ut
809 2135 933 2199 sperem
956 2150 1013 2190 -,
1037 2135 1126 2199 agam
1148 2136 1205 2200 per
1226 2137 1276 2180 me
1298 2116 1365 2201 ipse
1386 2124 1417 2180 et
1430 2136 1497 2179 mo-

141 2206 245 2272 soliar.
289 2212 318 2272 3.
341 2208 467 2292 Singula
489 2207 634 2293 persequi
656 2227 720 2270 non
742 2216 789 2270 cst
809 2227 953 2284 necesse;
976 2212 1157 2274 uuiversum
1180 2208 1317 2274 studium
1339 2230 1445 2274 meum
1466 2218 1498 2272 et

177 2299 426 2366 benevolentiam
458 2300 498 2365 ad
530 2309 560 2365 te
589 2299 707 2364 defero.
762 2299 824 2366 Sed
845 2301 949 2385 magni
971 2323 1041 2365 mea
1062 2301 1191 2368 interest
1213 2302 1272 2367 boc
1294 2313 1365 2368 tuos
1387 2322 1496 2366 omncs

178 2395 271 2470 scire,
294 2395 379 2481 quod
400 2395 461 2460 tuis
482 2394 593 2460 litteris
607 2393 676 2458 fleri
690 2403 809 2480 potest,
831 2404 866 2459 ut
879 2394 1065 2479 intelligant,
1089 2396 1192 2460 omnia
1208 2396 1366 2462 Ciceronis
1387 2403 1496 2482 patere

178 2486 345 2553 Trebiano.
388 2493 456 2553 lloc
477 2509 516 2552 eo
537 2492 687 2574 pertinet,
724 2495 759 2551 ut
780 2486 856 2550 nibil
877 2488 1055 2553 existiment
1076 2509 1144 2552 esse
1165 2498 1228 2554 tam
1251 2489 1388 2564 difficile,
1410 2487 1497 2576 quod

177 2603 242 2646 non
262 2602 322 2666 pro
344 2589 374 2645 te
395 2581 470 2646 mibi
492 2590 669 2666 susceptum
690 2579 861 2644 iucundum
882 2580 922 2644 sit
942 2580 1093 2645 futurum.

141 2693 170 2733 ss
260 2679 292 2740 ls.
314 2680 412 2739 Antea
434 2675 588 2739 misissem
609 2673 647 2739 ad
670 2684 700 2741 te
721 2673 854 2748 litteras,
886 2678 910 2739 si
933 2694 1031 2759 genus
1053 2674 1209 2739 scribendi
1230 2675 1421 2752 invenircm;
1443 2674 1496 2739 tali

179 2766 262 2832 enim
295 2779 436 2853 tompore
468 2777 522 2833 aut
550 2767 707 2833 consolari
734 2768 905 2832 amicorum
934 2778 980 2833 est
1009 2775 1062 2832 aut
1083 2768 1235 2853 polliceri.
1279 2768 1495 2835 Consolatione

177 2882 241 2926 non
263 2860 389 2935 utebar,
417 2862 502 2948 quod
524 2884 564 2926 ex
585 2862 690 2925 multis
712 2859 892 2934 audiebam,
925 2883 1019 2949 quam
1040 2860 1165 2927 fortiter
1193 2863 1410 2948 sapienterque
1432 2861 1496 2926 fer-

177 2976 230 3020 res
251 2955 396 3019 iniuriam
417 2963 596 3040 temporum
617 2975 774 3041 quamque
795 2963 826 3018 te
849 2955 1050 3019 vehementer
1072 2957 1287 3022 consolaretur
1308 2954 1494 3022 conscientia

178 3048 331 3114 factorum
351 3059 382 3113 et
402 3050 605 3114 consiliorum
627 3058 764 3114 tuorum.
824 3049 918 3124 Quod
945 3048 1071 3135 quidem
1099 3049 1127 3114 si
1148 3049 1237 3124 facis,
1260 3072 1406 3135 magnum
1428 3049 1496 3114 fru-

142 3153 262 3209 soctum
284 3141 459 3208 studiorum
481 3147 672 3227 optimorum
694 3145 794 3226 capis,
826 3140 858 3204 iu
881 3141 993 3228 quibus
1015 3152 1045 3207 te
1067 3163 1192 3228 semper
1212 3149 1278 3208 scio
1300 3165 1368 3209 esse
1389 3165 1496 3209 versa·

179 3245 262 3312 tum,
298 3234 391 3321 idque
423 3243 459 3300 ut
479 3234 589 3309 facias,
626 3235 718 3298 etiam
741 3244 832 3320 atque
854 3239 947 3301 etiam
969 3243 1000 3298 te
1020 3235 1141 3300 hortor.
1193 3241 1222 3301 5.
1246 3238 1344 3302 Simul
1366 3248 1397 3305 et
1417 3237 1494 3302 illud

179 3328 253 3402 tibi,
286 3328 405 3393 homini
436 3328 625 3413 peritissimo
656 3348 765 3391 rerum
791 3337 822 3391 et
844 3327 1061 3413 exemplorum
1083 3339 1114 3393 et
1135 3333 1235 3393 omnis
1257 3335 1432 3404 vetustatis,
1454 3350 1493 3393 ne

180 3425 246 3507 ipse
268 3420 394 3507 quidem
414 3420 519 3495 rudis,
554 3420 609 3484 sed
630 3421 663 3484 in
684 3419 788 3484 studio
809 3425 913 3484 minus
934 3421 1083 3495 fortasse,
1120 3442 1212 3508 quam
1233 3422 1361 3496 vellem,
1385 3421 1439 3506 [et]
1462 3423 1494 3486 in

179 3513 275 3580 rebus
288 3524 380 3600 atque
395 3535 456 3578 usu
466 3513 535 3599 plus
548 3518 650 3585 etiam,
664 3534 756 3598 quam
772 3513 895 3587 vellem,
911 3523 1051 3579 versatus
1065 3514 1214 3600 spondeo,
1236 3513 1291 3580 tibi
1305 3515 1394 3580 istam
1408 3536 1495 3579 acer·

143 3608 305 3674 ssbitatem
339 3617 371 3672 et
397 3608 542 3672 iniuriam
570 3627 634 3671 non
667 3605 812 3670 diuturne
839 3606 919 3671 fore.
975 3611 1051 3671 Nam
1081 3607 1220 3693 etipse,
1250 3613 1303 3695 qui
1324 3608 1494 3694 plurimum

180 3712 295 3788 potest,
332 3700 470 3785 quotidie
496 3700 571 3765 mibi
603 3697 705 3764 delabi
734 3699 773 3764 ad
795 3704 981 3784 aequitatem
1004 3700 1094 3764 etad
1116 3720 1222 3765 rerum
1244 3711 1387 3767 naturam
1409 3699 1496 3764 vide-

180 3804 251 3870 tur,
274 3795 393 3880 etipsa
414 3816 506 3860 causa
528 3815 564 3859 ea
585 3805 646 3869 est,
670 3804 704 3859 ut
725 3792 787 3858 iam
808 3793 900 3858 simul
923 3814 993 3857 cum
1016 3792 1204 3879 republica,
1227 3816 1307 3880 quae
1328 3795 1361 3859 iu
1381 3813 1496 3879 perpe-

181 3898 270 3954 tuum
290 3889 392 3954 iacere
413 3911 476 3955 non
496 3897 613 3976 potest,
635 3887 813 3953 necessario
834 3886 1007 3952 revivescat
1027 3896 1120 3974 atque
1142 3897 1316 3966 recreetur;
1339 3886 1496 3974 qnotidie-

181 4004 243 4069 que
263 3982 379 4070 aliquid
400 3982 435 4048 fit
455 3983 556 4048 lenius
578 3991 609 4047 et
628 3981 807 4056 liberalius,
829 4000 924 4067 quam
944 3979 1140 4045 timebamus.
1183 3983 1272 4059 Quae
1293 3982 1440 4068 quoniam
1461 3978 1494 4042 in

145 4085 358 4163 utemporum
379 4075 626 4142 inclinationibus
647 4096 740 4161 saepe
761 4075 866 4161 parvis
887 4073 988 4159 posita
1008 4083 1097 4149 suut,
1127 4075 1231 4139 omnia
1253 4081 1409 4139 momenta
1437 4071 1496 4138 ob-

182 4170 376 4237 servabimus
406 4191 507 4257 neque
535 4171 632 4235 ullum
659 4174 943 4255 praetermittemus
969 4169 1016 4232 tui
1036 4168 1163 4233 iuvandi
1184 4177 1216 4232 ct
1237 4166 1358 4233 levandi
1378 4166 1494 4231 locum.

183 4270 213 4330 ti.
235 4269 341 4350 ltaque
362 4263 438 4328 illud
466 4263 611 4338 alterum,
644 4262 729 4349 quod
751 4262 832 4339 dixi,
866 4262 1038 4327 litterarum
1059 4282 1157 4346 genus
1179 4262 1318 4349 quotidie
1339 4259 1429 4331 mibi,
1458 4267 1494 4324 ut

252 4432 278 4480 1.
298 4428 427 4489 reciperas
446 4427 528 4477 Taur.
548 4433 573 4477 ct
591 4428 636 4478 M:
667 4439 803 4489 recuperas
821 4425 852 4474 ll.
873 4450 904 4460 -
941 4424 967 4475 3.
987 4423 1135 4476 Sestioll:
1156 4425 1294 4475 scattioli.
1315 4450 1344 4462 -
1382 4424 1410 4474 ls.
1428 4436 1492 4486 pur·

183 4498 255 4564 tsssci
272 4499 309 4550 Μ.
330 4520 361 4532 -
398 4503 421 4547 st
440 4497 501 4546 boec
518 4498 558 4546 tris
580 4496 688 4561 siaqulis
714 4496 758 4546 M:
794 4503 817 4545 st
836 4495 897 4544 boec
915 4496 947 4542 iis
967 4494 1074 4558 stupetis
1092 4495 1249 4555 Scbtltzius,
1279 4500 1304 4544 et
1332 4495 1366 4543 iis
1383 4493 1492 4558 sinqulis

182 4568 213 4618 li.
244 4592 274 4606 -
309 4569 336 4617 7.
353 4573 479 4629 porosum
506 4567 552 4617 ll:
581 4565 732 4628 parason.
753 4588 783 4601 -
813 4562 852 4627 Si]
878 4565 970 4627 ltaque
987 4565 1010 4612 si
1033 4563 1115 4614 Taur.
1148 4589 1178 4600 -
1216 4564 1259 4615 14.
1278 4564 1384 4628 reliquis
1400 4563 1439 4613 bl.
1460 4585 1492 4597 -

182 4635 317 4700 1o.caro]
346 4639 422 4701 quusi
448 4637 513 4687 Cod.
540 4637 652 4699 Regius.
679 4640 751 4692 (cusu
768 4633 913 4683 delendum
937 4634 1042 4682 censuit
1060 4635 1253 4696 lleumaunus,
1273 4635 1350 4698 quusi
1369 4639 1493 4684 ortumo

182 4708 264 4770 gloss.
285 4703 461 4770 Cuesturislad
478 4721 505 4758 r.
530 4704 605 4770 etus.)
639 4729 667 4739 -
705 4704 749 4754 25.
773 4703 863 4754 Nossa
882 4703 1012 4767 epistolae
1031 4704 1136 4753 initium
1155 4705 1198 4754 bic
1215 4705 1317 4754 faciunt
1334 4702 1491 4762 Manutius,

175 4779 328 4839 Victorius,
347 4777 508 4838 Lambinus,
526 4775 774 4841 martyrii-Lagona.
788 4798 820 4809 -
840 4774 883 4824 33.
903 4781 927 4824 rt
946 4773 989 4823 ll:
1010 4779 1040 4822 ut
1059 4774 1088 4824 ll.
1111 4772 1146 4839 (st
1159 4781 1312 4837 suspectum
1325 4769 1491 4838 Omitto.)-

181 4853 225 4903 35.
244 4853 364 4900 diastema
381 4846 426 4897 M:
445 4848 596 4897 diuturnam
613 4845 649 4906 E,
668 4845 858 4894 diuturniorem
875 4845 1001 4894 Ambros.
1021 4844 1064 4893 13.
1083 4858 1114 4894 er
1132 4845 1181 4907 lip.
1203 4845 1246 4906 13,
1266 4845 1309 4896 15.
1329 4867 1361 4879 -
1390 4842 1435 4894 38.
1454 4853 1493 4892 rs·

180 4926 292 4974 moereat
309 4917 355 4971 ll:
374 4918 509 4967 reviviscat
527 4916 558 4968 E.
579 4939 611 4952 -
646 4914 690 4966 33.
709 4914 789 4965 buius
805 4913 843 4965 ll.
860 4935 896 4949 -
928 4913 973 4964 30.
991 4912 1181 4966 observavimus
1198 4914 1236 4965 li.
