3216 5408
186 230 249 290 702
674 223 732 283 ΕΡ.
755 224 807 284 hl)
830 223 1003 285 hT'l'lCUM

186 397 341 474 putaram.
384 385 447 445 lt'ec
469 398 545 442 vero
566 376 741 453 discedam,
764 379 822 442 nisi
845 399 917 442 cum
939 387 973 443 tu
994 398 1046 442 me
1067 379 1101 445 id
1121 379 1262 446 honeste
1282 383 1424 467 putabis
1440 385 1545 455 faeere

187 499 290 565 posse.
333 480 432 539 Bruto
454 480 538 535 certe
560 491 632 535 meo
654 471 740 537 nullo
762 471 832 537 loeo
855 471 967 548 deero;
990 470 1100 558 idque,
1123 473 1254 540 etiamsi
1279 477 1366 542 mihi
1392 500 1470 546 cum
1492 483 1544 549 illo

187 571 264 636 nihil
285 568 408 639 luisset,
438 562 575 628 iacerem
598 574 728 649 propter
749 565 817 629 eius
839 564 1030 648 singularem
1051 565 1353 655 incredibilemque
1379 575 1541 644 virtutem

187 668 218 731 l.
241 663 336 727 Piliae
358 668 483 723 nostrae
506 657 610 722 villam
633 667 745 731 totam,
782 680 928 744 quaeque
950 658 984 723 in
1005 659 1080 726 villa
1100 669 1190 736 sunt,
1227 663 1351 739 trado,
1389 667 1425 733 in
1454 675 1544 737 Pom-

152 797 166 832 ,
189 755 335 840 peiunum
356 753 423 837 ipse
446 749 645 836 proficiscens
666 751 796 816 Kalend.
816 752 918 818 Maiis.
963 756 1066 831 Quam
1087 755 1182 820 velim
1199 760 1311 823 Bruto
1328 764 1542 846 persuadeas,

188 859 223 912 ut
246 852 377 912 Asturae
399 845 449 910 sit.

639 988 720 1050 aar.
764 984 820 1069 (Α.
847 989 878 1051 a.
902 989 933 1050 c.
956 987 1052 1073 πο.)

664 1109 806 1172 CICERO
828 1109 971 1172 ATTICO
995 1112 1028 1174 S.

273 1227 301 1288 1.
335 1241 367 1284 v.
396 1224 474 1284 Non.
504 1219 714 1284 conscendens
736 1218 775 1283 ah
798 1220 896 1284 hortis
925 1220 1082 1286 Cluuianis
1102 1223 1134 1286 in
1156 1222 1339 1308 phaselum
1367 1232 1543 1319 epicopum

153 1345 178 1382 ιο
188 1319 243 1384 has
265 1316 336 1381 dedi
358 1315 492 1387 litteras,
521 1334 592 1378 cum
614 1314 711 1378 Piliae
734 1324 857 1378 nostrae
881 1313 985 1377 villam
1007 1314 1046 1379 ad
1068 1315 1262 1392 Lucrinum,
1289 1322 1449 1400 villicos,
1474 1348 1543 1412 pro·

187 1421 348 1477 curatores
370 1407 576 1471 tradidissem.
633 1411 702 1491 lpse
724 1418 827 1472 autem
855 1428 893 1472 eo
922 1407 972 1471 die
999 1408 1030 1473 in
1052 1411 1138 1474 Paeti
1159 1413 1271 1477 nostri
1298 1421 1543 1502 tyrotarichum

187 1502 402 1578 immineham;
439 1505 603 1586 perpaucis
632 1500 742 1564 dicbus
770 1500 802 1564 in
825 1502 1065 1585 Pompeianum
1098 1515 1169 1588 post
1191 1506 1225 1570 in
1253 1507 1342 1572 haec
1367 1514 1542 1579 Puteolana

189 1611 220 1666 et
242 1603 379 1663 Cumana
399 1614 495 1677 regna
517 1594 713 1677 renavigaro.
759 1596 785 1657 0
807 1593 876 1658 loca
897 1596 1059 1680 ceteroqui
1080 1597 1170 1661 valde
1193 1603 1418 1684 expetenda,
1449 1606 1542 1672 inter-

188 1690 369 1779 pellantium
398 1699 500 1751 autem
531 1687 727 1752 multitudine
755 1708 854 1771 paene
883 1687 1050 1772 fugiendal
1088 1695 1117 1755 2.
1148 1691 1212 1756 Sed
1246 1694 1293 1758 ad
1323 1717 1404 1760 rem
1438 1710 1474 1763 ut
1494 1723 1540 1765 re·

154 1787 288 1857 reniam,
311 1804 331 1847 ο
353 1780 534 1846 Dolabellae
556 1781 655 1845 nostri
678 1801 819 1864 magnam
843 1783 1029 1862 ἁριστείανΙ
1063 1795 1177 1868 quanta
1200 1795 1253 1850 est
1277 1791 1538 1878 darabseipqul

187 1878 339 1965 Equidem
361 1875 489 1940 laudare
512 1897 584 1940 euna
607 1887 638 1939 ct
660 1874 776 1938 hortari
799 1895 863 1938 non
885 1875 1010 1941 desisto.
1055 1881 1148 1942 Recte
1172 1887 1207 1943 tu
1229 1882 1403 1949 omnihus
1427 1888 1538 1971 episto-

188 1973 225 2039 lis
247 1970 416 2056 significas,
454 1968 594 2055 quidde
623 1991 676 2040 re,
713 1968 789 2054 quid
812 1968 850 2031 de
873 1970 942 2034 uiro
971 1971 1096 2036 sentias.
1138 1972 1214 2036 Mihi
1241 1976 1390 2059 quidem
1417 1982 1537 2046 ridetur

186 2075 300 2134 Brutus
334 2074 440 2128 noster
473 2064 535 2128 iam
565 2062 615 2128 vel
641 2083 790 2127 coronam
818 2084 946 2128 auream
969 2085 1027 2149 per
1048 2064 1153 2129 iorum
1179 2066 1270 2131 lerre
1296 2090 1415 2155 posse.
1462 2076 1536 2153 Quis

187 2162 270 2227 enim
303 2157 415 2222 audeat
442 2156 624 2238 †laudare,
657 2156 818 2240 proposita
849 2176 942 2220 cruce
973 2166 1026 2221 aut
1058 2163 1160 2222 saxo?
1198 2166 1408 2244 praesertim
1449 2169 1535 2234 tantis

148 2279 176 2322 aa
186 2252 360 2341 plausibus,
383 2261 465 2315 tanta
488 2249 714 2336 approbatione
736 2247 937 2313 infimorum?
960 2255 990 2319 3.
1012 2256 1116 2325 Nunc,
1138 2253 1182 2316 mi
1203 2256 1325 2331 Attice,
1352 2280 1412 2324 me
1436 2262 1485 2327 sac
1505 2273 1536 2328 ut

186 2347 345 2433 expedias.
397 2342 515 2428 Cupie,
545 2364 616 2406 cum
643 2348 741 2407 Bruto
770 2353 878 2407 nostro
901 2343 1019 2408 affatim
1041 2345 1269 2422 satisfecerim,
1294 2371 1486 2420 excurrere
1506 2358 1534 2420 in

187 2441 359 2508 Graeciam.
402 2437 506 2521 hlagni
529 2437 661 2501 interest
683 2437 842 2503 Ciceronis
864 2438 913 2501 vel
943 2459 1013 2502 mea
1034 2440 1139 2524 potius
1161 2440 1211 2504 vel
1234 2442 1440 2513 mehercule
1463 2448 1534 2515 utri·

185 2554 285 2620 usque
312 2553 361 2596 me
391 2531 581 2594 intervenire
609 2529 748 2594 discenti.
791 2535 867 2593 Nam
896 2530 1027 2615 epistola
1057 2532 1232 2608 Leonidae,
1274 2558 1382 2622 quam
1415 2543 1457 2609 ad
1486 2565 1533 2608 me

186 2627 312 2698 misisti,
335 2624 410 2711 quid
433 2623 544 2698 hahet,
574 2645 708 2710 quaeso,
740 2623 772 2688 in
794 2645 857 2711 quo
879 2646 993 2709 magno
1015 2647 1113 2711 opere
1136 2626 1326 2696 laetemur?
1364 2639 1532 2724 Nunquam

148 2723 238 2788 asille
259 2720 336 2785 mihi
358 2719 432 2783 satis
453 2716 574 2782 laudari
589 2716 762 2790 uidebitur,
787 2740 857 2782 cum
872 2719 914 2782 ita
929 2718 1121 2784 laudabitur:
1146 2724 1410 2798 „Quomodo
1434 2751 1532 2795 nunc

186 2816 273 2880 est.'’
315 2818 382 2878 lion
410 2821 458 2876 est
486 2811 608 2876 fidentis
641 2812 700 2876 hoe
728 2811 941 2876 testimonium
976 2812 1031 2876 sed
1060 2813 1165 2898 potius
1193 2814 1355 2884 timentis.
1410 2823 1531 2888 Herodi

185 2919 289 2974 autem
317 2906 512 2978 mandaram,
546 2916 581 2970 ut
608 2905 683 2969 mihi
713 2905 797 2968 κατὰ
826 2916 920 2987 μίτον
950 2905 1119 2983 scriheret;
1156 2926 1174 2969 a
1201 2928 1269 2992 quo
1300 2912 1418 2978 adhuc
1448 2918 1530 2981 nulla

184 3004 286 3068 littera
308 3011 363 3065 est.
407 3007 546 3071 Vereor,
575 3021 613 3064 nc
636 3000 710 3064 nihil
734 2997 892 3071 habuerit,
916 2999 1001 3083 quod
1023 3000 1118 3077 mihi,
1141 3021 1212 3063 cum
1236 3021 1461 3087 cognossem,
1486 3011 1531 3073 iu-

157 3104 161 3109 '
185 3098 320 3161 cundum
343 3104 466 3180 putaret
487 3093 566 3158 sore.
617 3097 647 3156 lt.
672 3092 766 3169 Quod
788 3092 826 3156 ad
848 3095 1012 3158 Xenonem
1035 3094 1204 3178 scripsisti,
1227 3096 1326 3160 valde
1354 3103 1437 3167 mihi
1463 3125 1531 3188 gra·

149 3200 249 3254 ustum
273 3200 328 3252 est.
372 3187 452 3251 Nihil
482 3188 564 3250 enim
595 3185 703 3250 deesse
726 3187 869 3250 Ciceroni
899 3208 969 3251 cum
999 3188 1037 3251 ad
1061 3189 1216 3261 odicium,
1254 3199 1326 3254 tum
1354 3196 1398 3259 ad
1422 3200 1529 3263 existi·

185 3278 352 3348 mationem
375 3303 475 3344 meam
498 3282 641 3366 pertinet.
684 3280 854 3343 Flammam
878 3280 1062 3345 Flaminium
1084 3281 1178 3346 audio
1202 3287 1328 3348 Romae
1353 3309 1440 3354 esse.
1486 3292 1529 3356 ad

185 3399 255 3441 eum
278 3378 387 3462 scripsi
417 3397 467 3439 me
497 3376 552 3439 tihi
575 3373 735 3438 mandasse
758 3394 815 3457 per
836 3374 968 3450 litteras,
1003 3386 1038 3440 ut
1068 3376 1107 3439 de
1129 3381 1267 3440 hlontaui
1292 3383 1437 3465 negotio
1460 3406 1529 3448 eum

185 3491 223 3533 eo
245 3471 427 3556 loquererc;
464 3478 494 3533 et
522 3469 615 3532 uelim
644 3489 735 3532 cures
758 3468 938 3552 epistolam,
976 3492 1068 3556 quam
1092 3469 1224 3534 adeum
1248 3472 1347 3547 misi,
1391 3478 1529 3542 reddeu-

184 3562 269 3637 dam,
299 3565 432 3648 etipse,
469 3564 553 3649 quod
577 3561 743 3627 commoda
773 3574 826 3625 tuo
850 3562 921 3637 liat,
955 3585 1025 3627 cum
1049 3585 1087 3628 eo
1110 3564 1304 3648 colloquare.
1366 3574 1470 3643 Puto,
1504 3573 1528 3636 si

148 3656 259 3741 equid
287 3659 318 3721 in
348 3658 472 3722 homine
504 3656 633 3742 pudoris
663 3667 725 3728 est,
761 3667 989 3739 praestaturum
1023 3680 1111 3730 eum,
1149 3660 1218 3737 ine
1247 3680 1352 3743 spero
1386 3666 1528 3750 quodam

183 3750 278 3815 modo
301 3752 502 3836 dependatur.
556 3756 601 3814 lie
625 3749 722 3813 Attica
744 3762 924 3834 pergratum
948 3753 1023 3816 mihi
1045 3753 1161 3826 fecisti,
1197 3753 1286 3838 quod
1310 3760 1461 3834 curasti,
1496 3772 1529 3825 ut

184 3854 253 3907 ante
276 3845 388 3908 scirem
411 3856 496 3907 recte
519 3864 586 3906 esse
609 3864 701 3926 quam
725 3864 786 3907 non
809 3844 889 3909 belle
912 3845 1018 3910 luisse.

189 3942 1525 3970 --.-....-—-——-.........--—-

252 3999 277 4046 1.
298 4013 337 4047 me
364 4015 417 4049 om.
448 4000 469 4047 l.
504 4024 532 4034 —
571 4000 597 4047 5.
618 3999 835 4059 Quamprimum
860 4003 976 4050 veiiml.
1009 4029 1036 4038 -
1075 4004 1101 4051 9.
1123 3997 1160 4062 m]
1182 4002 1284 4063 Quinto
1306 4002 1332 4050 1.
1368 4031 1403 4042 -
1443 4013 1528 4071 epico-

181 4068 294 4130 piuml.
326 4095 352 4103 -
393 4072 435 4119 11,
458 4071 518 4129 lpse
539 4069 822 4118 nicteliatssrnestius.
852 4097 878 4106 -
920 4073 962 4120 12.
983 4069 1056 4134 haee]
1077 4072 1123 4120 hec
1141 4070 1176 4117 Μ.
1207 4095 1241 4106 -
1281 4073 1329 4123 13.
1352 4082 1528 4141 renavipare

183 4138 279 4186 Bosius
298 4153 328 4186 ex
349 4140 383 4189 Y:
413 4141 572 4200 reoccupare
598 4139 692 4186 dllllE.
721 4164 748 4174 -
787 4145 919 4202 ceteroqui
950 4143 1102 4191 Victorius:
1131 4146 1218 4189 cetere
1243 4155 1332 4203 quum
1358 4146 1434 4196 late.
1477 4151 1527 4209 (De

183 4207 210 4256 hl
237 4221 290 4255 uon
319 4208 424 4271 liquet.)
461 4209 514 4258 Cir.
541 4210 600 4257 Nat.
626 4209 705 4256 beor.
733 4209 765 4267 1,
794 4212 845 4268 ⁶22,
871 4213 914 4260 oo.
953 4213 1031 4261 lland
1059 4214 1137 4261 Turs.
1167 4211 1203 4260 ll.
1228 4226 1256 4273 p.
1285 4212 1327 4262 42
1355 4223 1386 4265 et
1414 4219 1465 4267 Μ.
1495 4245 1525 4254 -

184 4278 227 4326 15.
255 4279 369 4325 aristion
395 4281 432 4327 hl.
459 4305 489 4313 -
528 4280 570 4328 19.
600 4279 711 4327 laudare
741 4294 780 4341 pr.
813 4281 857 4329 ill:
890 4281 992 4330 violare
1011 4283 1067 4332 utu
1086 4289 1112 4331 et
1129 4295 1199 4330 corr.
1220 4281 1258 4330 Μ.
1298 4281 1357 4344 (lle
1379 4286 1452 4337 XYZ
1472 4304 1526 4339 nou

183 4344 309 4408 constat.)
346 4348 437 4397 ltlalim
469 4349 579 4398 laedere.
613 4348 662 4399 On·
684 4374 715 4383 -
754 4347 811 4412 aaut]
831 4351 911 4400 vell.
942 4377 971 4386 -
1009 4354 1051 4402 21.
1073 4352 1320 4412 cupioqueeuml.
1347 4380 1380 4390 —
1421 4360 1469 4408 26.
1492 4367 1526 4409 aa

183 4432 238 4466 om.
259 4419 373 4466 Ernestii
394 4432 499 4478 operae.
523 4445 550 4454 ·-
590 4419 809 4468 sumendorum
829 4421 849 4469 l.
873 4446 899 4457 -
940 4420 1015 4472 κατὰ
1034 4424 1121 4487 μίτον
1140 4436 1195 4469 om·
1218 4422 1249 4471 R.
1271 4445 1305 4456 -
1336 4425 1387 4474 28.
1410 4442 1527 4492 coquos·

182 4501 234 4536 aem
252 4489 310 4538 tlt:
331 4500 511 4548 capreoscerem
531 4489 582 4535 llll.
605 4515 635 4523 -
672 4489 715 4537 30.
735 4489 804 4554 cum]
824 4496 880 4539 tum
899 4493 920 4540 l.
946 4516 972 4525 -
1012 4494 1221 4541 aestimationem
1239 4492 1273 4542 1t.
1295 4516 1330 4527 -
1363 4497 1413 4546 31.
1434 4499 1528 4550 Fient·

183 4559 261 4618 mam]
281 4557 424 4606 Flamiuem
445 4558 466 4605 l.
500 4581 526 4589 -
566 4559 609 4605 33.
627 4558 748 4619 loquerer
768 4563 797 4609 R.
831 4587 861 4595 —
900 4562 943 4611 34.
963 4563 1055 4626 lieth.
1084 4587 1113 4596 -
1150 4574 1254 4610 cumea
1274 4575 1336 4612 om·
1359 4566 1395 4617 R.
1422 4593 1451 4604 —
1475 4573 1528 4621 eal·

182 4627 286 4689 loquere
305 4629 350 4677 lll.
371 4654 400 4662 -
430 4628 472 4675 ³5.
495 4640 525 4674 ue
544 4639 620 4687 spero
639 4630 752 4690 quodam
769 4631 847 4679 niodo
867 4633 912 4687 M.
932 4646 979 4681 uec
997 4647 1054 4682 sera
1072 4630 1187 4695 quodam
1199 4632 1280 4681 modo
1300 4633 1344 4694 R,
1365 4652 1425 4689 non
1447 4654 1527 4704 apere

183 4699 297 4757 quodam
324 4698 401 4746 mado
421 4697 448 4753 l,
475 4709 508 4742 ae
525 4709 574 4756 pro
602 4711 627 4747 se
655 4700 770 4758 quodam
796 4702 874 4749 modo
899 4704 1016 4751 victorio
1042 4708 1151 4751 auctore
1177 4702 1206 4750 E.
1245 4702 1367 4754 hialim:
1400 4723 1436 4759 ne
1465 4725 1526 4760 sere

183 4768 358 4816 cumdamuo
379 4767 535 4828 (Montani).
555 4766 606 4816 On.
634 4791 661 4800 -
699 4772 764 4820 milri
784 4779 942 4832 peraratum
961 4774 991 4822 u.
1014 4797 1046 4807 -
1081 4772 1125 4822 36.
1145 4776 1250 4822 utam.
1270 4772 1353 4826 Mul.
1398 4780 1526 4846 (Supple-

183 4844 239 4886 tum
258 4851 273 4887 e
292 4836 376 4886 Codd.
399 4836 493 4896 Bosii.)
