3256 5400
195 207 257 269 nso
676 203 736 265 ea.
756 203 809 264 an
830 201 1002 265 arricum
1044 279 1050 286 ,

195 362 334 449 Pompeii
356 359 612 447 procuratoribus
641 357 792 424 sexcentis
813 356 915 443 premi
936 366 1064 443 coeptus
1093 368 1149 424 est.
1205 359 1373 443 Pompeius
1402 368 1507 425 autem

196 478 266 522 cum
288 454 329 520 ob
351 463 471 518 ceteras
492 474 600 518 causas
620 452 689 537 plus
710 462 813 537 potest
831 474 913 517 unus
936 472 1029 537 quam
1051 453 1148 517 ceteri
1168 474 1292 527 omues,
1326 462 1391 516 tum
1421 452 1508 537 quod

196 559 323 638 putatur
352 548 389 612 ad
418 545 533 612 bellum
561 546 737 612 Parthicum
766 567 834 611 esse
855 557 1015 612 venturus.
1057 551 1093 612 Ei
1114 557 1216 613 tamen
1238 547 1283 612 sic
1304 566 1386 610 nunc
1414 547 1510 612 solvi-

196 654 263 710 tur:
298 641 453 707 tricesimo
481 661 607 725 quoque
634 641 684 705 die
712 641 824 706 talenta
852 641 950 705 Attica
977 661 1120 714 xxxin..
1153 653 1185 707 et
1213 642 1272 706 boc
1301 661 1343 705 ex
1363 638 1508 718 tributis;

172 740 277 819 ⁵†nee
305 735 337 800 id
363 734 437 799 satis
470 734 602 799 efficitur
629 734 662 798 in
682 756 808 800 usuram
840 745 1041 800 menstruam.
1084 733 1145 799 Sed
1167 739 1287 801 Gnaeus
1308 746 1415 801 noster
1447 734 1511 800 cle·

195 839 317 898 menter
337 827 370 893 id
390 828 467 905 fert;
500 837 584 893 sorte
607 839 709 906 caret;
737 850 848 899 usura,
877 847 935 891 nec
957 849 993 893 ea
1014 827 1129 902 solida,
1152 838 1313 895 contentus
1335 840 1392 896 est.
1447 829 1509 895 Alii

194 945 298 1010 neque
320 921 413 988 solvit
434 923 578 1009 cuiquam
599 944 657 989 nec
678 932 780 1010 potest
800 923 933 988 solvere.
986 920 1110 986 Nullum
1132 921 1215 986 enim
1237 922 1410 996 aerarium,
1439 924 1511 990 nnl-

195 1018 260 1084 lum
281 1017 410 1101 vectigal
432 1015 533 1083 habet.
584 1017 674 1103 Appii
698 1016 836 1082 instituto
858 1015 975 1081 tributa
1003 1014 1144 1100 imperat
1186 1019 1231 1080 Ea
1252 1016 1325 1090 vix,
1355 1017 1385 1082 in
1417 1018 1510 1084 fenus

195 1111 335 1197 Pompeii
363 1111 448 1198 quod
473 1111 547 1177 satis
575 1112 629 1186 sit,
666 1111 812 1176 efficiunt.
853 1109 952 1175 Amici
984 1113 1068 1193 regis
1100 1106 1164 1173 duo
1203 1120 1307 1175 tresve
1338 1112 1510 1198 perdivites

161 1214 187 1254 ¹⁰
197 1216 280 1280 sunt;
312 1206 367 1271 sed
393 1206 415 1270 ii
445 1227 535 1271 suum
567 1213 629 1269 tam
660 1203 822 1290 diligenter
848 1213 954 1270 tenent
984 1226 1077 1291 quam
1098 1223 1159 1287 ego
1186 1213 1241 1269 aut
1261 1214 1304 1270 tu.
1355 1205 1510 1292 Equidem

196 1321 258 1365 nou
273 1299 382 1365 desino
397 1310 499 1366 tumen
513 1320 572 1386 per
587 1298 705 1365 litteras
719 1319 848 1383 rogare,
863 1298 1012 1371 suadere,
1035 1318 1181 1364 accusare
1203 1318 1319 1383 regem.
1361 1303 1393 1365 d.
1414 1300 1512 1366 Deio-

196 1405 282 1460 tarus
303 1393 397 1458 etiam
430 1393 506 1459 mibi
529 1393 668 1458 narravit
688 1413 721 1456 se
743 1392 782 1456 ad
803 1413 875 1456 eum
902 1391 1020 1476 legatos
1042 1392 1164 1457 misisse
1186 1391 1226 1456 de
1247 1414 1282 1457 re
1314 1393 1421 1468 Bruti;
1454 1414 1511 1458 eos

197 1488 256 1554 sibi
271 1507 456 1573 responsum
469 1487 624 1554 rettulisse
646 1486 732 1551 illum
755 1507 817 1551 non
840 1483 965 1550 babere.
994 1490 1032 1550 Et
1053 1485 1231 1551 mehercule
1252 1507 1311 1571 ego
1332 1488 1374 1551 ita
1394 1485 1511 1557 iudico.

197 1581 273 1647 nibil
295 1582 349 1647 illo
370 1601 468 1666 regno
490 1580 667 1666 spoliatius‚
689 1579 766 1644 nibil
787 1599 862 1662 rege
884 1581 1036 1663 egentius.
1079 1582 1186 1666 ltaque
1208 1589 1261 1645 aut
1281 1579 1375 1645 tutela
1403 1579 1511 1664 cogito

161 1690 187 1734 rs
198 1696 248 1740 me
269 1673 415 1739 abdicare
436 1681 504 1746 aut,
527 1682 562 1738 ut
581 1693 640 1759 pro
663 1672 829 1740 Glabrione
851 1672 1014 1747 Scaevola,
1041 1671 1132 1738 fenus
1154 1685 1186 1739 et
1208 1673 1398 1760 impendium
1419 1694 1514 1738 recu-

197 1789 278 1834 sare.
331 1771 397 1851 Ego
427 1775 552 1840 mman,
584 1788 661 1853 quas
696 1787 752 1853 per
781 1775 811 1830 te
839 1772 936 1831 Bruto
968 1767 1175 1852 promiseram
1202 1766 1429 1853 praefecturas,
1465 1771 1510 1831 Μ.

198 1861 338 1947 Scaptio,
366 1865 401 1926 L.
424 1860 538 1933 Gavio,
566 1860 621 1946 qui
649 1860 681 1925 iu
703 1880 801 1945 regno
823 1881 891 1924 rem
913 1859 1001 1924 Bruti
1022 1860 1248 1944 procurabant,
1278 1861 1384 1926 detuli.
1447 1865 1512 1925 Nec

197 1954 280 2019 enim
309 1952 340 2017 in
371 1953 530 2038 provincia
560 1973 629 2018 mea
661 1955 910 2040 negotiabantur.
963 1959 1010 2019 Tu
1037 1962 1141 2019 autem
1169 1954 1333 2018 meministi
1375 1975 1433 2019 nos
1464 1954 1512 2018 sic

197 2066 306 2130 agere.
328 2055 377 2121 ut,
400 2057 476 2133 quot
497 2045 609 2121 vellet,
631 2047 844 2133 praefecturas
865 2055 1020 2121 sumeret,
1043 2046 1117 2113 dum
1139 2069 1179 2112 ue
1199 2048 1395 2132 negotiatori.
1444 2051 1511 2112 'lta-

160 2158 259 2225 mque
281 2138 357 2204 duas
380 2141 409 2205 ei
431 2150 593 2227 praeterea
614 2140 772 2207 dederam.
830 2141 891 2207 Sed
912 2140 953 2214 ii,
982 2139 1097 2226 quibus
1117 2141 1265 2227 petierat,
1287 2141 1326 2206 de
1347 2141 1509 2226 provincia

198 2232 405 2299 decesserant.
456 2240 485 2300 5.
517 2238 604 2299 Nunc
632 2256 786 2321 cognosce
821 2234 859 2300 de
888 2234 1081 2309 Salaminiis;
1118 2234 1203 2321 quod
1224 2234 1317 2299 video
1338 2235 1394 2299 tibi
1416 2236 1511 2300 etiam

198 2347 313 2391 novum
332 2328 482 2393 accidisse
504 2337 583 2402 tam,
608 2350 701 2415 quam
731 2328 818 2394 mibi.
861 2334 1024 2413 Nunquam
1054 2327 1134 2392 enim
1157 2348 1197 2392 ex
1218 2327 1272 2393 illo
1293 2328 1399 2392 audivi
1427 2328 1511 2393 illam

199 2420 360 2506 pecuniam
386 2442 454 2487 esse
476 2442 573 2487 suam.
632 2423 715 2500 Quin
739 2423 830 2496 etiam
854 2421 992 2487 libellum
1021 2420 1120 2506 ipsius
1148 2419 1266 2496 babeo,
1299 2422 1332 2485 in
1359 2442 1422 2505 quo
1449 2429 1511 2492 est.

199 2563 218 2589 ,.
228 2514 387 2580 Salaminii
420 2515 582 2601 pecuniam
612 2515 727 2580 debent
761 2522 802 2584 Μ.
834 2516 958 2600 Scaptio
992 2525 1023 2579 et
1057 2519 1091 2579 P.
1123 2514 1272 2589 Matinio,
1306 2514 1513 2580 familiaribus

162 2607 307 2672 „meis”
348 2612 410 2673 Eos
431 2607 506 2672 mibi
529 2610 741 2687 commcndat;
775 2609 922 2675 adscribit
949 2608 1042 2673 etiam
1064 2618 1096 2673 et
1116 2609 1204 2694 quasi
1227 2608 1327 2672 calcar
1348 2607 1511 2680 admovet,

199 2700 408 2766 intercessisse
437 2721 470 2765 se
498 2722 557 2787 pro
586 2703 625 2767 iis
653 2724 795 2787 magnam
818 2703 991 2789 pecuniam.
1036 2701 1252 2775 confeceram,
1281 2711 1315 2766 ut
1337 2701 1512 2768 solverent.

199 2795 374 2859 centesimis
404 2795 545 2860 sexennii
574 2796 673 2860 ductis
700 2818 769 2861 curu
798 2797 999 2861 renovatione
1032 2795 1225 2880 singulorum
1254 2815 1417 2860 annorum.
1473 2799 1512 2858 At

201 2888 343 2972 Scaptius
370 2898 535 2972 quaternas
565 2888 749 2975 postulabat.
793 2890 905 2963 Metui,
940 2890 965 2953 si
996 2891 1210 2975 impetrasset,
1246 2910 1287 2952 ne
1309 2898 1342 2953 tu
1373 2889 1440 2973 ipse
1461 2910 1512 2952 mc

201 3002 306 3044 amare
328 2981 496 3047 desineres.
539 2987 615 3046 Nam
638 2981 677 3047 ab
700 2982 801 3048 edicto
824 3004 895 3047 meo
916 2983 1114 3047 recessissem
1137 2995 1168 3046 et
1189 2983 1343 3047 civitatem
1365 2983 1397 3045 in
1420 2984 1511 3046 Cato-

163 3074 248 3139 vunis
278 3085 308 3139 et
337 3075 368 3139 in
390 3075 486 3160 ipsius
515 3075 602 3141 Bruti
625 3074 695 3140 fide
708 3075 837 3140 locatam
866 3076 1007 3160 meisque
1029 3073 1187 3140 beneficiis
1209 3085 1349 3140 ornatam
1370 3073 1511 3139 funditus

201 3167 417 3252 perdidissem.
464 3171 494 3233 6.
520 3174 620 3254 Atque
650 3168 709 3234 boe
732 3179 873 3254 tempore
895 3168 965 3254 ipso
994 3169 1137 3253 impingit
1158 3167 1233 3232 mibi
1256 3167 1416 3253 epistolam
1439 3171 1512 3231 Sca-

201 3261 282 3345 ptius
304 3265 406 3335 Bruti,
442 3283 509 3326 rem
540 3262 624 3326 illam
654 3283 713 3327 suo
744 3261 886 3347 periculo
917 3283 986 3327 esse
1014 3295 1054 3308 -
1086 3260 1171 3347 quod
1200 3282 1258 3326 nec
1278 3261 1354 3325 mibi
1375 3282 1512 3345 unquam

201 3358 315 3419 Brutus
342 3354 465 3422 dixerat
494 3375 552 3420 nec
573 3353 628 3418 tibi
655 3378 708 3432 -;
740 3356 853 3430 etiam,
891 3365 927 3421 nt
947 3353 1174 3441 praefecturam
1197 3355 1320 3440 Scaptio
1341 3354 1510 3420 deferrem.

202 3445 237 3510 ld
258 3468 335 3513 vero
363 3470 421 3535 per
448 3458 478 3513 te
508 3469 748 3535 exceperamus,
785 3471 825 3514 ne
846 3448 1052 3533 negotiatori;
1089 3447 1222 3534 quodsi
1245 3448 1404 3532 cuiquam,
1441 3449 1513 3513 huic

166 3549 306 3604 atamen
327 3564 399 3608 uon.
441 3546 555 3607 fuerat
576 3542 658 3606 enim
681 3542 856 3627 praefectus
876 3543 998 3628 Appio;
1021 3551 1052 3605 et
1074 3540 1200 3626 quidem
1222 3539 1374 3606 babuerat
1394 3552 1513 3607 turmas

203 3633 352 3717 equitum,
375 3633 488 3721 quibus
509 3635 661 3700 inclusum
683 3637 715 3700 in
737 3637 823 3701 curia
845 3645 987 3701 senatum
1003 3634 1158 3699 Salamine
1172 3633 1354 3709 obsederat,
1376 3643 1411 3698 ut
1433 3635 1514 3701 fame

203 3737 362 3790 senatores
384 3728 523 3820 quinque
545 3739 752 3795 morerentur.
802 3734 909 3816 ltaque
932 3750 1005 3813 ego,
1037 3747 1100 3810 quo
1122 3728 1172 3793 die
1193 3728 1387 3813 provinciam
1409 3729 1513 3814 tetigi,

203 3840 273 3884 cum
303 3819 378 3884 mibi
405 3822 509 3908 Cyprii
543 3821 633 3906 legati
669 3822 825 3909 Ephesum
861 3821 987 3888 obviam
1010 3822 1182 3896 venissent,
1219 3821 1335 3888 litteras
1361 3822 1451 3896 misi,
1479 3832 1514 3887 ut

203 3913 323 3997 equites
345 3935 386 3978 ex
408 3915 507 3979 insula
529 3920 630 3979 statim
651 3915 847 3981 decederent.
897 3917 953 3981 His
975 3915 1013 3981 de
1036 3916 1136 3980 causis
1157 3915 1254 3980 credo
1276 3916 1433 4002 Scaptium
1454 3916 1513 3981 iui-

167 4029 194 4070 to
204 4007 296 4093 quius
318 4006 357 4071 de
378 4029 428 4072 me
450 4007 566 4094 aliquid
590 4008 629 4073 ad
649 4014 779 4074 Brutum
801 4007 971 4095 scripsisse.
1015 4007 1078 4073 Sed
1100 4018 1203 4073 tamen
1224 4008 1284 4075 boc
1304 4031 1372 4075 snm
1393 4008 1511 4075 auimo:
1550 4087 1556 4097 ἱ

272 4235 299 4286 5.
319 4235 429 4300 efficitur
448 4249 508 4284 cum
528 4235 603 4285 literis
623 4234 676 4285 fila
696 4236 775 4302 efficit
792 4236 940 4287 Ernestius.
977 4235 1049 4285 fort.
1067 4249 1113 4284 nec
1130 4235 1169 4285 itu
1187 4237 1254 4284 sutis
1272 4236 1390 4301 efficitur.
1410 4235 1460 4287 On.
1482 4262 1512 4273 -

203 4307 229 4355 B.
248 4306 316 4369 {orte
333 4299 384 4354 Mf.
404 4329 437 4342 -
472 4307 498 4355 7.
519 4320 563 4355 nac
581 4306 811 4370 soloit'quicquum
829 4308 859 4356 B.
880 4331 911 4343 -
940 4307 982 4356 10.
1001 4305 1045 4355 sed
1061 4318 1136 4354 usum
1153 4313 1208 4354 tom
1227 4306 1286 4355 tta.
1307 4331 1338 4342 -
1363 4306 1405 4355 12.
1425 4302 1514 4370 Bruti]

204 4375 296 4426 tribute¹
315 4376 347 4424 n.
367 4398 399 4410 -
436 4375 478 4425 to.
498 4376 535 4425 Μ.
555 4375 669 4438 scriptio
687 4384 711 4425 et
729 4377 760 4431 L.
780 4378 802 4426 1.
824 4403 855 4413 -
891 4377 933 4427 19.
952 4389 984 4425 ne
1001 4377 1198 4439 negotiarentur
1217 4374 1239 4424 1.
1266 4395 1300 4411 ·-
1335 4375 1377 4425 20.
1391 4384 1515 4438 praeter·

78 4503 84 4508 ,
204 4445 245 4509 eu]
273 4447 451 4509 prospecturus
470 4446 503 4494 Bl
531 4459 592 4495 cum
612 4458 681 4494 corr.
701 4446 739 4497 Μ.
761 4470 791 4481 -
827 4448 855 4496 bi
873 4446 895 4496 l.
914 4472 946 4482 -
982 4446 1024 4494 21.
1045 4453 1109 4504 tum,
1128 4459 1207 4508 quum
1225 4443 1361 4503 Orellins,
1382 4453 1516 4510 tamquam

203 4515 301 4566 lllBlF..
322 4514 381 4578 (tibi
400 4514 454 4564 tom
471 4515 705 4565 novumcastellum
724 4531 803 4579 quum
820 4517 884 4567 mibi
902 4515 1018 4565 malebat
1037 4514 1194 4573 Ernestius.)
1213 4540 1241 4550 -
1267 4515 1311 4564 22.
1330 4512 1414 4578 illum]
1433 4516 1516 4565 ullum

204 4586 317 4635 Μ11.-
353 4584 397 4633 st.
417 4585 448 4633 P.
471 4586 575 4634 Vatinio
593 4587 623 4636 tt.
643 4609 675 4619 -
694 4586 916 4639 21111111.-
952 4586 1112 4651 confecerant
1129 4599 1200 4635 corr.
1220 4584 1257 4634 Μ.
1275 4605 1309 4621 ·-
1346 4585 1388 4635 30.
1407 4587 1436 4634 ln
1452 4591 1516 4636 ante

203 4657 285 4721 ipsius
303 4668 357 4704 om.
378 4655 408 4702 tt.
430 4677 461 4689 -
497 4655 540 4704 32.
559 4656 643 4705 Bruto
661 4656 722 4706 Μ11.
749 4683 780 4693 -
816 4656 860 4708 31.
879 4669 982 4707 mom.
1010 4654 1083 4705 biltl.
1120 4653 1266 4716 (Insertum
1286 4655 1314 4703 in
1334 4653 1514 4718 Manutiana.)

206 4749 235 4760 -
273 4725 316 4773 ³7.
347 4721 518 4786 morerentur]
550 4732 705 4774 moneantur
728 4725 751 4773 1.
780 4749 812 4763 -
845 4740 892 4791 eqo
928 4739 981 4776 om.
1018 4725 1041 4774 tt
1071 4729 1098 4775 et
1127 4737 1167 4789 pr.
1205 4724 1241 4774 Μ.
1280 4748 1309 4758 -
1350 4726 1516 4788 prouinciam

206 4796 278 4859 tetigi
313 4794 378 4845 llll:
418 4795 492 4857 tetigt
522 4797 685 4856 procinctum
718 4794 763 4846 111.
800 4823 826 4834 -
849 4796 892 4848 38.
912 4796 1024 4859 ephesini
1043 4793 1064 4845 l.
