3256 5400
699 248 773 312 LIB.
795 249 876 313 vili.
917 249 978 312 BP.
999 252 1030 313 1.
1447 255 1509 320 539
1610 274 1614 284 ·

197 399 356 468 Afranium
377 420 449 467 cnm
469 403 589 489 magnis
609 404 710 490 copiis
730 403 909 470 adventure.
950 405 985 471 ld
1006 406 1033 471 si
1055 415 1119 482 est,
1140 407 1173 473 in
1194 407 1279 474 ltalia
1297 406 1430 476 sortasse
1444 431 1509 476 ma-

197 495 330 560 uehitur.
386 498 454 580 Ego
475 506 598 571 autem,
630 518 702 563 cnm
728 507 811 564 esset
835 494 989 564 incertum
1021 500 1081 566 iter
1110 503 1265 577 Caesaris,
1290 502 1375 587 quod
1396 504 1447 570 vel
1469 504 1510 570 ad

197 592 331 674 Capuam
354 587 403 653 vel
429 588 470 654 ad
491 591 654 657 Luceriam
675 592 776 658 iturus
808 592 992 676 putabatur,
1021 596 1149 680 Leptam
1171 594 1211 661 ad
1231 596 1414 682 Pompeium
1436 598 1507 663 misi

196 691 227 745 et
255 679 388 760 litterus;
416 682 496 769 ipse,
530 704 569 749 ne
598 706 663 772 quo
689 684 878 758 inciderem.
904 687 1022 753 reverti
1048 689 1199 754 Formias.
1253 693 1338 756 llaec
1368 698 1399 756 te
1427 691 1508 757 scire

195 774 282 840 volui
313 776 486 863 scripsique
514 777 670 844 sedatiore
697 781 824 855 animo,
854 802 947 867 quam
977 781 1124 868 proxime
1151 782 1355 869 scripseram,
1389 783 1532 851 nullnm⁵

195 889 300 934 meum
321 869 470 938 iudicium
491 871 693 959 interponens
714 870 769 938 sed
792 873 963 962 exquirens
984 884 1083 941 tuum.

670 1039 1034 1126 munem)

669 1182 811 1248 sicano
834 1183 977 1248 arrico
999 1169 1031 1248 s.

281 1314 309 1376 1.
329 1311 498 1398 Dionysius
520 1310 647 1399 quidem
670 1319 741 1376 tuus
763 1310 867 1397 potius
889 1333 982 1398 quam
1005 1319 1126 1388 noster,
1149 1314 1238 1381 ouius
1260 1335 1320 1401 ego
1342 1336 1413 1382 cum
1435 1317 1510 1384 satis
1535 1376 1539 1386 .

194 1425 378 1489 cognossem
409 1425 531 1479 mores,
554 1414 608 1471 tuo
638 1414 740 1470 temen
760 1404 866 1490 potius
888 1404 1007 1471 stabam
1028 1407 1145 1474 iudicio
1166 1430 1260 1496 quam
1281 1432 1369 1487 meo,
1403 1433 1443 1477 ne
1465 1412 1548 1478 tui¹⁰

195 1497 320 1584 quidem
343 1497 527 1572 testimonii,
549 1498 635 1585 quod
656 1499 686 1565 ei
709 1519 802 1583 saepe
824 1498 906 1586 apud
928 1521 979 1564 mc
1009 1500 1159 1578 dederas,
1182 1507 1317 1579 veritus,
1339 1504 1511 1591 superbum

195 1611 229 1655 sc
251 1589 395 1677 praebuit
416 1589 449 1654 iu
471 1590 611 1667 fortuna,
636 1613 728 1677 quam
751 1593 870 1676 putavit
892 1602 1031 1658 nostram
1052 1593 1136 1672 iore;
1165 1596 1254 1662 cuius
1276 1597 1419 1663 fortunae
1441 1618 1510 1672 nos,

194 1694 344 1770 quantum
371 1683 507 1749 humano
535 1684 665 1751 consilio
687 1685 766 1750 ellici
787 1686 917 1771 poterit,
959 1695 1079 1753 motum
1099 1689 1221 1755 ratione
1242 1690 1375 1777 quadem
1396 1689 1511 1777 guber·

194 1777 345 1844 nabimus.
403 1778 460 1844 Cui
489 1782 543 1864 qui
565 1789 671 1844 noster
692 1780 809 1854 honos,
840 1779 927 1867 quod
948 1778 1156 1867 obsequium,
1180 1805 1261 1868 quae
1283 1783 1375 1848 etiam
1398 1783 1438 1848 ad
1459 1784 1509 1848 oe·

193 1881 278 1939 toros
299 1878 466 1960 contempti
490 1873 649 1938 cuiusdam
677 1873 812 1939 hominis
834 1874 1065 1941 commendatio
1087 1875 1212 1942 defuit?
1247 1886 1282 1944 ut
1303 1900 1408 1944 meum
1429 1876 1548 1944 iudi-¹⁶

193 1966 276 2032 cium
306 1967 495 2053 reprehendi
524 1989 541 2032 a
568 1967 685 2044 Quinto
713 1967 809 2033 fratre
837 1968 996 2055 vulgoque
1024 1968 1064 2059 ab
1094 1970 1239 2038 omnibus
1269 1972 1395 2038 mallem
1416 1992 1511 2058 quam

192 2059 279 2125 ilium
302 2083 365 2127 non
387 2062 502 2127 elicrre
521 2059 681 2135 laudibus,
704 2062 934 2147 Ciceronesque
955 2070 1080 2129 nostros
1101 2084 1173 2130 meo
1194 2064 1300 2151 potius
1314 2065 1422 2132 labore
1437 2063 1512 2131 sub-

193 2152 301 2219 doceri
322 2176 415 2240 quam
438 2177 487 2220 me
509 2155 604 2221 alium
626 2155 664 2220 iis
686 2157 868 2242 magistrum
890 2177 1054 2242 quaerere.
1096 2157 1144 2224 hil
1165 2179 1261 2245 quem
1283 2180 1343 2245 ego
1365 2181 1443 2246 quas
1461 2157 1512 2225 lit-

193 2256 292 2323 tores,
313 2248 356 2314 dii
378 2249 582 2324 immortales,
605 2248 766 2314 miseram!
789 2259 938 2335 quantum
960 2249 1090 2315 honoris
1112 2251 1335 2335 sigrdbmntesl
1359 2262 1510 2338 quantm

193 2344 324 2408 umorisl
353 2344 577 2410 Dicaearchum
606 2343 783 2408 mehercule
811 2353 864 2410 aut
884 2343 1106 2409 Aristoxenum
1136 2344 1257 2410 diceres
1278 2345 1411 2420 arcessi,
1445 2361 1548 2410 nonas

192 2436 353 2503 hominem
366 2438 504 2503 omnium
520 2435 773 2523 loquacissimum
791 2448 822 2503 ct
835 2437 963 2502 minime
978 2447 1083 2523 aptum
1104 2436 1143 2501 ed
1157 2438 1341 2504 docendum.
1356 2417 1404 2503 ⁸2.
1426 2436 1512 2512 „Sed

193 2543 240 2596 est
261 2537 412 2597 memoria
434 2529 544 2597 bona.''
585 2537 636 2597 hle
657 2528 740 2595 dicet
761 2551 830 2595 esse
850 2531 992 2596 meliore.
1037 2530 1161 2608 Quibus
1182 2532 1294 2598 litteris
1316 2537 1359 2598 ita
1379 2551 1510 2617 respon·

192 2623 253 2697 dit,
281 2633 316 2689 ut
343 2646 403 2709 ego
436 2623 573 2698 nemini,
610 2624 698 2690 cuius
727 2645 852 2689 causam
872 2645 935 2689 non
963 2623 1150 2711 reciperem.
1181 2661 1221 2673 -
1264 2629 1395 2714 Semper
1427 2629 1510 2690 enim

193 2717 253 2792 „si
274 2728 434 2804 potero;
464 2718 494 2782 si
517 2727 604 2783 ante
633 2727 820 2803 suscepte
847 2738 967 2783 causa
995 2738 1068 2782 non
1096 2719 1323 2805 impediar”
1344 2742 1400 2798 -3
1432 2739 1512 2783 nun·

192 2833 286 2898 quam
307 2833 364 2877 reo
386 2810 543 2898 cuiquam,
580 2820 641 2876 lam
665 2811 787 2884 humili,
811 2819 873 2877 mm
895 2810 1041 2886 sordido,
1071 2821 1133 2876 tam
1156 2811 1300 2888 nocenti,
1321 2822 1385 2879 tam
1406 2812 1549 2877 menon

191 2916 253 2971 tam
275 2905 415 2991 praecise
437 2905 548 2990 negavi
571 2927 662 2992 quam
685 2904 736 2970 hic
756 2905 842 2970 mihi.
893 2904 988 2970 Plane
1010 2904 1077 2970 sine
1098 2904 1161 2971 ulla
1183 2906 1368 2992 exceptione
1391 2904 1512 2993 praeci·

191 3001 246 3066 dit.
287 3001 369 3066 Nihil
390 2999 525 3084 cognovi
544 2998 715 3084 ingratius3
737 2999 770 3065 in
792 3020 855 3085 quo
876 2998 953 3065 vitio
975 2998 1051 3064 nihil
1072 2999 1147 3064 mali
1168 3020 1233 3065 non
1252 3000 1343 3066 inest.
1387 2999 1450 3065 Sed
1470 2998 1511 3065 de

191 3094 252 3160 hoo
279 3094 371 3158 nimis
403 3093 510 3158 multa.
564 3099 593 3158 3.
615 3098 682 3179 Ego
703 3113 814 3158 navem
836 3092 960 3178 paravi;
983 3102 1051 3158 tuas
1073 3093 1191 3158 litteras
1214 3102 1318 3159 temen
1339 3102 1508 3180 exspecto,

191 3200 226 3256 ut
246 3188 356 3262 sciam,
379 3186 453 3273 quid
475 3187 684 3273 respondeant
705 3186 924 3252 consultationi
942 3206 1042 3256 meae.
1087 3185 1236 3252 Sulmone
1262 3192 1295 3253 C.
1317 3189 1422 3255 Atium
1451 3191 1510 3252 Pe·

191 3280 310 3367 lignum
330 3282 492 3367 aperuisse
513 3281 647 3347 Antonio
669 3290 791 3367 portas,
820 3301 891 3346 cum
917 3289 1020 3346 esseut
1041 3279 1186 3347 cohortes
1208 3281 1364 3366 quinque,
1388 3284 1426 3359 Q.
1448 3285 1549 3345 Lu·³⁰

191 3377 322 3441 crotium
351 3375 424 3441 inde
446 3376 592 3461 effugisse
619 3374 695 3452 scis;
729 3377 903 3456 iCnaeum
924 3375 973 3439 ire
994 3374 1195 3442 Brundisium
1216 3374 1385 3440 desertum.
1429 3377 1511 3440 Con·

190 3468 270 3534 secla
292 3491 343 3534 res
365 3480 422 3536 est.

260 3696 286 3746 3.
299 3698 405 3746 itonam
425 3697 457 3746 R.
477 3697 554 3746 -1.
574 3702 599 3746 ct
617 3711 672 3746 om.
691 3697 752 3746 1111.
766 3720 796 3732 -
816 3697 843 3747 6.
861 3695 916 3760 sed]
932 3703 956 3746 st
974 3696 1011 3746 11.
1027 3721 1057 3732 -
1084 3695 1126 3745 11.
1145 3691 1265 3759 [ortano]
1278 3695 1412 3758 fortunam
1430 3695 1507 3743 B.-

193 3767 237 3815 13.
256 3773 356 3815 motum
374 3769 457 3816 enimi
474 3769 578 3816 ratione
599 3767 619 3817 Ι.
641 3790 669 3801 -
709 3767 750 3815 15.
770 3767 905 3816 cuiusdam
924 3766 1046 3816 Erneslio
1064 3772 1174 3834 auctore
1193 3765 1321 3827 expunxit
1339 3763 1506 3814 Schnelzins.

192 3836 285 3886 Malim
304 3837 437 3900 quondum
454 3850 484 3885 cx
504 3838 597 3900 scrtpl.
617 3836 781 3900 quoiusdam.
801 3837 850 3888 Oa·
870 3859 901 3870 -
921 3836 965 3886 16.
983 3834 1147 3899 eoiqoquehl
1158 3872 1166 3895 ,
1185 3836 1263 3900 culpo
1283 3835 1304 3883 l.
1324 3835 1418 3884 -17,
1438 3834 1512 3899 sffer-

190 3921 244 3956 rsm
268 3906 340 3956 Mill.
379 3906 513 3969 (Correxit
537 3907 699 3964 Manutius.)
727 3930 758 3942 -
794 3901 862 3968 mse]
890 3919 931 3956 ms
958 3920 998 3969 pr.
1023 3906 1060 3957 M·
1088 3929 1122 3942 -
1158 3905 1202 3955 18.
1221 3906 1303 3954 otium
1320 3906 1354 3952 iis
1373 3917 1443 3953 corr.
1464 3903 1508 3953 hia

190 3979 312 4026 oliumois
330 3977 373 4027 BE
392 3983 418 4027 et
437 3992 477 4040 pr.
498 3977 542 4036 11,
567 3977 650 4026 ulium
668 3977 688 4025 I.
712 4002 740 4013 -
778 3989 824 4040 spo
842 3976 944 4026 litteras
968 3977 1007 4025 dii
1024 3976 1184 4025 immortales
1206 3988 1271 4039 quur
1289 3975 1320 4024 B.
1344 3996 1372 4007 -
1403 3974 1448 4024 19.
1468 3974 1510 4024 usi

191 4048 213 4096 1.
236 4072 264 4082 -
285 4055 412 4111 mantum
430 4049 456 4096 h.
475 4048 705 4112 siqnificotionsm,
725 4053 852 4109 quonum
871 4047 910 4103 B,
930 4047 1011 4109 idque
1024 4046 1142 4095 malebat
1160 4046 1309 4095 Ernestius.
1332 4067 1360 4077 -
1379 4043 1423 4094 10.
1442 4039 1508 4104 non]

189 4131 251 4166 cero
268 4119 302 4167 11.
322 4143 354 4153 -
391 4118 435 4166 11.
455 4118 582 4167 hominem
599 4117 646 4167 hls
665 4130 745 4166 unum
764 4115 816 4171 lli,
843 4131 924 4165 unum
942 4116 1069 4165 hominem
1092 4116 1123 4165 B.
1160 4115 1254 4165 Malim
1273 4115 1400 4164 hominem
1417 4127 1507 4162 unum.

191 4187 241 4237 On.
270 4208 301 4222 ·-
338 4189 381 4236 11.
402 4189 470 4237 deret
490 4187 512 4235 i.
535 4212 564 4223 -
601 4187 731 4237 meliorem
752 4185 772 4234 I.
793 4209 824 4221 -
842 4185 886 4235 11.
907 4200 1041 4250 nunquam
1060 4199 1105 4250 eqo
1123 4199 1168 4235 reo
1188 4187 1220 4234 11.
1240 4211 1273 4221 -
1292 4184 1335 4233 16.
1354 4185 1434 4245 plone
1451 4183 1508 4232 ullu

191 4257 233 4312 11,
252 4257 333 4318 plone
350 4257 424 4307 nulle
442 4258 464 4307 1.
484 4258 550 4314 (sine
568 4257 630 4306 add.
642 4272 696 4319 mg.
717 4252 767 4316 11.)
788 4281 820 4291 -
856 4255 900 4305 16.
920 4254 1024 4319 nouem]
1043 4264 1131 4305 erstem
1155 4255 1231 4307 11111.
1269 4255 1459 4303 ‹Emendstum
1479 4253 1507 4302 in

136 4345 149 4368 ν
190 4329 253 4376 Aac.
273 4332 340 4376 sec.)
372 4351 402 4363 -
440 4324 510 4390 tuos]
535 4328 602 4390 duas
629 4327 703 4377 11111.
723 4325 855 4384 (Correxit
881 4321 967 4389 Pius.)
998 4348 1031 4363 -
1067 4326 1111 4376 19.
1137 4325 1311 4375 consulationi
1337 4338 1377 4386 pr.
1405 4324 1443 4375 11.
1474 4345 1507 4358 -

189 4397 279 4446 Atium
297 4397 466 4448 Lambinus:
497 4398 596 4447 Attium
615 4397 683 4456 bill,
708 4397 810 4446 Actium
832 4396 879 4445 Ill.
907 4422 936 4433 -
974 4396 1018 4445 31.
1042 4396 1072 4444 in
1089 4396 1131 4445 dis
1154 4397 1249 4460 rupisse
1268 4399 1412 4457 (superscr.
1436 4392 1507 4448 inde)

190 4466 228 4517 11.
259 4491 292 4502 -
327 4468 387 4515 scis.
408 4468 454 4517 Cn.
474 4474 562 4517 nostsr
580 4468 755 4516 Brundusium
773 4467 884 4516 meruit
904 4466 942 4527 R,
960 4469 1018 4516 scis·
1057 4466 1113 4528 Quo
1132 4466 1212 4515 Gneus
1229 4463 1507 4516 narraremus·

190 4543 246 4586 taam
265 4537 286 4585 I.
318 4534 362 4597 (Ut
387 4550 452 4597 nos,
479 4537 508 4586 11
525 4543 552 4586 et
571 4536 798 4599 mg.Cratnndri,
817 4537 882 4594 sris:
911 4537 1022 4587 cnorum
1044 4538 1083 4586 ire
1101 4536 1285 4594 Brundisium,
1306 4534 1449 4584 Domitium
1466 4533 1508 4581 ue·

189 4613 286 4657 sutum
308 4605 426 4740 msiepat
443 4606 559 4672 Lipsius.
579 4607 713 4668 Praestel,
731 4607 845 4671 opinora
875 4608 942 4669 scis,·
960 4609 1073 4658 cnorum
1089 4606 1130 4658 irs
1147 4606 1336 4667 Brundisium,
1355 4604 1437 4654 ducii
1455 4602 1508 4653 Bo·

189 4678 302 4727 mitium.
322 4675 373 4728 On.
