<?xml version="1.0" encoding="UTF-8"?>
<!DOCTYPE html PUBLIC "-//W3C//DTD XHTML 1.0 Transitional//EN"
    "http://www.w3.org/TR/xhtml1/DTD/xhtml1-transitional.dtd">
<html xmlns="http://www.w3.org/1999/xhtml" xml:lang="en" lang="en">
 <head>
  <title>
</title>
<meta http-equiv="Content-Type" content="text/html;charset=utf-8" />
  <meta name='ocr-system' content='tesseract 3.04.00' />
  <meta name='ocr-capabilities' content='ocr_page ocr_carea ocr_par ocr_line ocrx_word'/>
</head>
<body>
  <div class='ocr_page' id='page_1' title='image "./operaquaesupers06halmgoog_0034.png"; bbox 0 0 3256 5400; ppageno 0'>
   <div class='ocr_carea' id='block_1_1' title="bbox 190 260 293 317">
    <p class='ocr_par' dir='ltr' id='par_1_1' title="bbox 190 260 293 317">
     <span class='ocr_line' id='line_1_1' title="bbox 190 260 293 317; baseline 0 0"><span class='ocrx_word' id='word_1_1' title='bbox 190 260 293 317; x_wconf 65' lang='lat' dir='ltr'><strong><em>mill</em></strong></span> 
     </span>
    </p>
   </div>
   <div class='ocr_carea' id='block_1_2' title="bbox 190 404 1524 2366">
    <p class='ocr_par' dir='ltr' id='par_1_2' title="bbox 190 404 1524 2366">
     <span class='ocr_line' id='line_1_2' title="bbox 190 404 1518 499; baseline -0.011 -18"><span class='ocrx_word' id='word_1_2' title='bbox 190 413 376 481; x_wconf 73' lang='lat' dir='ltr'><strong><em>certiorem</em></strong></span> <span class='ocrx_word' id='word_1_3' title='bbox 393 407 529 499; x_wconf 68' lang='lat' dir='ltr'><strong><em>forme,</em></strong></span> <span class='ocrx_word' id='word_1_4' title='bbox 549 413 591 476; x_wconf 86' lang='lat' dir='ltr'><strong><em>ut</em></strong></span> <span class='ocrx_word' id='word_1_5' title='bbox 611 427 814 495; x_wconf 69' lang='lat' dir='ltr'><strong><em>accamoni,</em></strong></span> <span class='ocrx_word' id='word_1_6' title='bbox 836 424 938 495; x_wconf 85' lang='lat' dir='ltr'><strong><em>quae,</em></strong></span> <span class='ocrx_word' id='word_1_7' title='bbox 959 409 1004 497; x_wconf 90' lang='lat' dir='ltr'><strong><em>sl,</em></strong></span> <span class='ocrx_word' id='word_1_8' title='bbox 1025 406 1149 476; x_wconf 89' lang='lat' dir='ltr'><strong><em>ceteris</em></strong></span> <span class='ocrx_word' id='word_1_9' title='bbox 1163 404 1245 475; x_wconf 79' lang='lat' dir='ltr'><strong><em>cdd.</em></strong></span> <span class='ocrx_word' id='word_1_10' title='bbox 1262 424 1343 475; x_wconf 84' lang='lat' dir='ltr'><strong><em>casa</em></strong></span> <span class='ocrx_word' id='word_1_11' title='bbox 1358 404 1518 493; x_wconf 78' lang='lat' dir='ltr'><strong><em>deperdi-</em></strong></span> 
     </span>
     <span class='ocr_line' id='line_1_3' title="bbox 192 509 1519 600; baseline -0.002 -20"><span class='ocrx_word' id='word_1_12' title='bbox 192 514 253 599; x_wconf 89' lang='lat' dir='ltr'><strong><em>tis,</em></strong></span> <span class='ocrx_word' id='word_1_13' title='bbox 277 513 361 582; x_wconf 77' lang='lat' dir='ltr'><strong><em>cdd.</em></strong></span> <span class='ocrx_word' id='word_1_14' title='bbox 382 516 438 580; x_wconf 90' lang='lat' dir='ltr'><strong><em>lstl</em></strong></span> <span class='ocrx_word' id='word_1_15' title='bbox 459 513 653 600; x_wconf 90' lang='lat' dir='ltr'><strong><em>interpolati</em></strong></span> <span class='ocrx_word' id='word_1_16' title='bbox 675 514 738 578; x_wconf 90' lang='lat' dir='ltr'><strong><em>soll</em></strong></span> <span class='ocrx_word' id='word_1_17' title='bbox 759 513 857 579; x_wconf 87' lang='lat' dir='ltr'><strong><em>nobis</em></strong></span> <span class='ocrx_word' id='word_1_18' title='bbox 877 514 1006 579; x_wconf 86' lang='lat' dir='ltr'><strong><em>servati</em></strong></span> <span class='ocrx_word' id='word_1_19' title='bbox 1027 513 1157 593; x_wconf 77' lang='lat' dir='ltr'>essent,</span> <span class='ocrx_word' id='word_1_20' title='bbox 1178 529 1274 577; x_wconf 87' lang='lat' dir='ltr'><strong><em>nemo</em></strong></span> <span class='ocrx_word' id='word_1_21' title='bbox 1296 530 1364 576; x_wconf 95' lang='lat' dir='ltr'><strong><em>non</em></strong></span> <span class='ocrx_word' id='word_1_22' title='bbox 1378 509 1519 578; x_wconf 89' lang='lat' dir='ltr'><strong><em>baberet</em></strong></span> 
     </span>
     <span class='ocr_line' id='line_1_4' title="bbox 192 616 1519 703; baseline -0.002 -19"><span class='ocrx_word' id='word_1_23' title='bbox 192 636 255 702; x_wconf 92' lang='lat' dir='ltr'><strong><em>pro</em></strong></span> <span class='ocrx_word' id='word_1_24' title='bbox 277 618 514 687; x_wconf 78' lang='lat' dir='ltr'><strong><em>ciceronianis.</em></strong></span> <span class='ocrx_word' id='word_1_25' title='bbox 557 616 689 684; x_wconf 77' lang='lat' dir='ltr'><strong><em>Etenim</em></strong></span> <span class='ocrx_word' id='word_1_26' title='bbox 712 619 747 683; x_wconf 91' lang='lat' dir='ltr'><strong><em>et</em></strong></span> <span class='ocrx_word' id='word_1_27' title='bbox 768 619 936 683; x_wconf 89' lang='lat' dir='ltr'><strong><em>sententia</em></strong></span> <span class='ocrx_word' id='word_1_28' title='bbox 956 617 1031 703; x_wconf 89' lang='lat' dir='ltr'><strong><em>ipsa</em></strong></span> <span class='ocrx_word' id='word_1_29' title='bbox 1053 620 1087 683; x_wconf 91' lang='lat' dir='ltr'><strong><em>et</em></strong></span> <span class='ocrx_word' id='word_1_30' title='bbox 1107 617 1214 683; x_wconf 88' lang='lat' dir='ltr'><strong><em>verba</em></strong></span> <span class='ocrx_word' id='word_1_31' title='bbox 1235 634 1296 700; x_wconf 86' lang='lat' dir='ltr'><strong><em>per</em></strong></span> <span class='ocrx_word' id='word_1_32' title='bbox 1310 634 1348 681; x_wconf 90' lang='lat' dir='ltr'><strong><em>se</em></strong></span> <span class='ocrx_word' id='word_1_33' title='bbox 1363 617 1519 700; x_wconf 90' lang='lat' dir='ltr'><strong><em>spectata</em></strong></span> 
     </span>
     <span class='ocr_line' id='line_1_5' title="bbox 191 720 1518 807; baseline -0.005 -15"><span class='ocrx_word' id='word_1_34' title='bbox 191 743 261 793; x_wconf 92' lang='lat' dir='ltr'><strong><em>nun</em></strong></span> <span class='ocrx_word' id='word_1_35' title='bbox 287 724 441 790; x_wconf 90' lang='lat' dir='ltr'><strong><em>maiorem</em></strong></span> <span class='ocrx_word' id='word_1_36' title='bbox 469 720 595 789; x_wconf 89' lang='lat' dir='ltr'><strong><em>babent</em></strong></span> <span class='ocrx_word' id='word_1_37' title='bbox 623 720 852 805; x_wconf 78' lang='lat' dir='ltr'><strong><em>offensionem,</em></strong></span> <span class='ocrx_word' id='word_1_38' title='bbox 886 740 982 807; x_wconf 88' lang='lat' dir='ltr'><strong><em>quam</em></strong></span> <span class='ocrx_word' id='word_1_39' title='bbox 1007 723 1125 786; x_wconf 88' lang='lat' dir='ltr'><strong><em>nostra</em></strong></span> <span class='ocrx_word' id='word_1_40' title='bbox 1153 720 1259 786; x_wconf 85' lang='lat' dir='ltr'><strong><em>verba</em></strong></span> <span class='ocrx_word' id='word_1_41' title='bbox 1289 722 1518 786; x_wconf 87' lang='lat' dir='ltr'><strong><em>controversa.</em></strong></span> 
     </span>
     <span class='ocr_line' id='line_1_6' title="bbox 192 820 1519 913; baseline -0.004 -18"><span class='ocrx_word' id='word_1_42' title='bbox 192 828 277 896; x_wconf 89' lang='lat' dir='ltr'><strong><em>Item</em></strong></span> <span class='ocrx_word' id='word_1_43' title='bbox 299 826 348 893; x_wconf 86' lang='lat' dir='ltr'><strong><em>ud</em></strong></span> <span class='ocrx_word' id='word_1_44' title='bbox 366 822 476 892; x_wconf 77' lang='lat' dir='ltr'><strong><em>Actu.</em></strong></span> <span class='ocrx_word' id='word_1_45' title='bbox 492 824 545 906; x_wconf 83' lang='lat'><strong><em>11,</em></strong></span> <span class='ocrx_word' id='word_1_46' title='bbox 575 822 646 913; x_wconf 90' lang='lat'><strong><em>11,</em></strong></span> <span class='ocrx_word' id='word_1_47' title='bbox 675 820 736 890; x_wconf 81' lang='lat'><strong><em>12.</em></strong></span> <span class='ocrx_word' id='word_1_48' title='bbox 762 829 805 891; x_wconf 87' lang='lat' dir='ltr'><strong><em>ut</em></strong></span> <span class='ocrx_word' id='word_1_49' title='bbox 824 828 899 892; x_wconf 78' lang='lat' dir='ltr'><strong><em>atate</em></strong></span> <span class='ocrx_word' id='word_1_50' title='bbox 919 844 1018 891; x_wconf 86' lang='lat' dir='ltr'><strong><em>rnoru</em></strong></span> <span class='ocrx_word' id='word_1_51' title='bbox 1041 829 1207 891; x_wconf 79' lang='lat' dir='ltr'><strong><em>curentur</em></strong></span> <span class='ocrx_word' id='word_1_52' title='bbox 1233 823 1368 909; x_wconf 80' lang='lat' dir='ltr'><strong><em>Cicer03</em></strong></span> <span class='ocrx_word' id='word_1_53' title='bbox 1402 823 1519 890; x_wconf 84' lang='lat' dir='ltr'><strong><em>lunias</em></strong></span> 
     </span>
     <span class='ocr_line' id='line_1_7' title="bbox 193 926 1519 1020; baseline -0.005 -21"><span class='ocrx_word' id='word_1_54' title='bbox 193 934 302 999; x_wconf 89' lang='lat' dir='ltr'><strong><em>autem</em></strong></span> <span class='ocrx_word' id='word_1_55' title='bbox 324 948 343 996; x_wconf 92' lang='lat' dir='ltr'><strong><em>e</em></strong></span> <span class='ocrx_word' id='word_1_56' title='bbox 366 928 496 996; x_wconf 90' lang='lat' dir='ltr'><strong><em>duobus</em></strong></span> <span class='ocrx_word' id='word_1_57' title='bbox 516 926 614 996; x_wconf 73' lang='lat' dir='ltr'><strong><em>edd:</em></strong></span> <span class='ocrx_word' id='word_1_58' title='bbox 635 932 677 994; x_wconf 86' lang='lat' dir='ltr'><strong><em>ut</em></strong></span> <span class='ocrx_word' id='word_1_59' title='bbox 690 932 766 994; x_wconf 76' lang='lat' dir='ltr'><strong><em>atoue</em></strong></span> <span class='ocrx_word' id='word_1_60' title='bbox 779 947 897 1014; x_wconf 86' lang='lat' dir='ltr'><strong><em>moro,</em></strong></span> <span class='ocrx_word' id='word_1_61' title='bbox 919 946 1007 1020; x_wconf 75' lang='lat' dir='ltr'><strong><em>paroc</em></strong></span> <span class='ocrx_word' id='word_1_62' title='bbox 1029 928 1077 995; x_wconf 86' lang='lat' dir='ltr'><strong><em>od</em></strong></span> <span class='ocrx_word' id='word_1_63' title='bbox 1096 946 1151 994; x_wconf 87' lang='lat' dir='ltr'><strong><em>rue</em></strong></span> <span class='ocrx_word' id='word_1_64' title='bbox 1174 932 1368 1017; x_wconf 75' lang='lat' dir='ltr'><strong><em>pertinuerat,</em></strong></span> <span class='ocrx_word' id='word_1_65' title='bbox 1390 944 1519 994; x_wconf 87' lang='lat' dir='ltr'><strong><em>curea-</em></strong></span> 
     </span>
     <span class='ocr_line' id='line_1_8' title="bbox 192 1030 1520 1121; baseline -0.011 -17"><span class='ocrx_word' id='word_1_66' title='bbox 192 1041 270 1121; x_wconf 84' lang='lat' dir='ltr'><strong><em>tur,·</em></strong></span> <span class='ocrx_word' id='word_1_67' title='bbox 297 1033 362 1101; x_wconf 86' lang='lat' dir='ltr'><strong><em>hoc</em></strong></span> <span class='ocrx_word' id='word_1_68' title='bbox 384 1031 515 1119; x_wconf 81' lang='lat' dir='ltr'><strong><em>quidem</em></strong></span> <span class='ocrx_word' id='word_1_69' title='bbox 536 1034 611 1099; x_wconf 93' lang='lat' dir='ltr'><strong><em>loco</em></strong></span> <span class='ocrx_word' id='word_1_70' title='bbox 634 1049 755 1120; x_wconf 81' lang='lat' dir='ltr'><strong><em>magno</em></strong></span> <span class='ocrx_word' id='word_1_71' title='bbox 768 1050 909 1119; x_wconf 85' lang='lat' dir='ltr'><strong><em>errore,</em></strong></span> <span class='ocrx_word' id='word_1_72' title='bbox 936 1050 999 1100; x_wconf 91' lang='lat' dir='ltr'><strong><em>nec</em></strong></span> <span class='ocrx_word' id='word_1_73' title='bbox 1020 1035 1132 1098; x_wconf 89' lang='lat' dir='ltr'><strong><em>tamen</em></strong></span> <span class='ocrx_word' id='word_1_74' title='bbox 1153 1032 1254 1098; x_wconf 78' lang='lat' dir='ltr'><strong><em>facile</em></strong></span> <span class='ocrx_word' id='word_1_75' title='bbox 1275 1033 1349 1098; x_wconf 90' lang='lat' dir='ltr'><strong><em>sine</em></strong></span> <span class='ocrx_word' id='word_1_76' title='bbox 1370 1030 1520 1097; x_wconf 88' lang='lat' dir='ltr'><strong><em>meliori.</em></strong></span> 
     </span>
     <span class='ocr_line' id='line_1_9' title="bbox 192 1134 1520 1223; baseline -0.005 -17"><span class='ocrx_word' id='word_1_77' title='bbox 192 1139 255 1206; x_wconf 87' lang='lat' dir='ltr'><strong><em>bus</em></strong></span> <span class='ocrx_word' id='word_1_78' title='bbox 276 1136 360 1206; x_wconf 78' lang='lat' dir='ltr'><strong><em>cdd.</em></strong></span> <span class='ocrx_word' id='word_1_79' title='bbox 381 1135 589 1223; x_wconf 76' lang='lat' dir='ltr'><strong><em>detegend05</em></strong></span> <span class='ocrx_word' id='word_1_80' title='bbox 625 1153 819 1222; x_wconf 85' lang='lat' dir='ltr'><strong><em>quamquam</em></strong></span> <span class='ocrx_word' id='word_1_81' title='bbox 847 1136 995 1202; x_wconf 85' lang='lat' dir='ltr'><strong><em>tortasse</em></strong></span> <span class='ocrx_word' id='word_1_82' title='bbox 1024 1134 1200 1202; x_wconf 88' lang='lat' dir='ltr'><strong><em>Bentleius</em></strong></span> <span class='ocrx_word' id='word_1_83' title='bbox 1225 1136 1345 1220; x_wconf 86' lang='lat' dir='ltr'><strong><em>aliquis</em></strong></span> <span class='ocrx_word' id='word_1_84' title='bbox 1366 1134 1520 1220; x_wconf 91' lang='lat' dir='ltr'><strong><em>interpo-</em></strong></span> 
     </span>
     <span class='ocr_line' id='line_1_10' title="bbox 191 1237 1520 1328; baseline -0.004 -19"><span class='ocrx_word' id='word_1_85' title='bbox 191 1244 366 1328; x_wconf 73' lang='lat' dir='ltr'><strong>lationem,</strong></span> <span class='ocrx_word' id='word_1_86' title='bbox 402 1242 466 1307; x_wconf 89' lang='lat' dir='ltr'><strong><em>eisl</em></strong></span> <span class='ocrx_word' id='word_1_87' title='bbox 494 1258 576 1308; x_wconf 84' lang='lat' dir='ltr'><strong><em>casu</em></strong></span> <span class='ocrx_word' id='word_1_88' title='bbox 606 1238 746 1326; x_wconf 89' lang='lat' dir='ltr'><strong><em>quodam</em></strong></span> <span class='ocrx_word' id='word_1_89' title='bbox 776 1241 810 1304; x_wconf 94' lang='lat' dir='ltr'><strong><em>in</em></strong></span> <span class='ocrx_word' id='word_1_90' title='bbox 840 1241 990 1306; x_wconf 86' lang='lat' dir='ltr'><strong><em>omnibus</em></strong></span> <span class='ocrx_word' id='word_1_91' title='bbox 1021 1237 1104 1307; x_wconf 77' lang='lat' dir='ltr'><strong><em>cdd.</em></strong></span> <span class='ocrx_word' id='word_1_92' title='bbox 1136 1242 1322 1326; x_wconf 77' lang='lat' dir='ltr'><strong><em>repertam,</em></strong></span> <span class='ocrx_word' id='word_1_93' title='bbox 1353 1257 1415 1304; x_wconf 87' lang='lat' dir='ltr'><strong><em>suo</em></strong></span> <span class='ocrx_word' id='word_1_94' title='bbox 1449 1239 1520 1304; x_wconf 88' lang='lat' dir='ltr'><strong><em>iure</em></strong></span> 
     </span>
     <span class='ocr_line' id='line_1_11' title="bbox 193 1338 1521 1430; baseline -0.005 -18"><span class='ocrx_word' id='word_1_95' title='bbox 193 1345 392 1412; x_wconf 84' lang='lat' dir='ltr'><strong><em>induxisset.</em></strong></span> <span class='ocrx_word' id='word_1_96' title='bbox 434 1341 495 1410; x_wconf 83' lang='lat' dir='ltr'><strong><em>Ad</em></strong></span> <span class='ocrx_word' id='word_1_97' title='bbox 508 1340 616 1410; x_wconf 81' lang='lat' dir='ltr'><strong><em>Attio.</em></strong></span> <span class='ocrx_word' id='word_1_98' title='bbox 633 1338 702 1429; x_wconf 77' lang='lat'><strong><em>16,</em></strong></span> <span class='ocrx_word' id='word_1_99' title='bbox 718 1342 788 1430; x_wconf 75' lang='lat'><strong><em>16,</em></strong></span> <span class='ocrx_word' id='word_1_100' title='bbox 805 1338 856 1408; x_wconf 78' lang='grc'><strong><em>3.;</em></strong></span> <span class='ocrx_word' id='word_1_101' title='bbox 877 1343 940 1410; x_wconf 81' lang='lat' dir='ltr'><strong><em>sed</em></strong></span> <span class='ocrx_word' id='word_1_102' title='bbox 954 1348 1010 1428; x_wconf 91' lang='lat' dir='ltr'><strong><em>tu,</em></strong></span> <span class='ocrx_word' id='word_1_103' title='bbox 1033 1343 1268 1429; x_wconf 70' lang='lat' dir='ltr'><strong><em>cumperti,</em></strong></span> <span class='ocrx_word' id='word_1_104' title='bbox 1290 1341 1521 1409; x_wconf 68' lang='lat' dir='ltr'><strong><em>crismatis.</em></strong></span> 
     </span>
     <span class='ocr_line' id='line_1_12' title="bbox 193 1437 1520 1537; baseline -0.006 -19"><span class='ocrx_word' id='word_1_105' title='bbox 193 1449 252 1518; x_wconf 81' lang='lat' dir='ltr'><strong><em>Ad</em></strong></span> <span class='ocrx_word' id='word_1_106' title='bbox 274 1466 359 1535; x_wconf 86' lang='lat' dir='ltr'><strong><em>quac</em></strong></span> <span class='ocrx_word' id='word_1_107' title='bbox 380 1448 487 1515; x_wconf 86' lang='lat' dir='ltr'><strong><em>verba</em></strong></span> <span class='ocrx_word' id='word_1_108' title='bbox 508 1448 649 1537; x_wconf 79' lang='lat' dir='ltr'><strong><em>egregia</em></strong></span> <span class='ocrx_word' id='word_1_109' title='bbox 671 1452 723 1514; x_wconf 89' lang='lat' dir='ltr'><strong><em>est</em></strong></span> <span class='ocrx_word' id='word_1_110' title='bbox 744 1449 918 1514; x_wconf 75' lang='lat' dir='ltr'><strong><em>annotatio</em></strong></span> <span class='ocrx_word' id='word_1_111' title='bbox 940 1447 1155 1530; x_wconf 87' lang='lat' dir='ltr'><strong><em>Malasplnae</em></strong></span> <span class='ocrx_word' id='word_1_112' title='bbox 1179 1437 1262 1530; x_wconf 74' lang='lat' dir='ltr'><strong><em>(fot.</em></strong></span> <span class='ocrx_word' id='word_1_113' title='bbox 1278 1444 1377 1514; x_wconf 78' lang='lat'><strong><em>2⁷3.</em></strong></span> <span class='ocrx_word' id='word_1_114' title='bbox 1397 1446 1427 1512; x_wconf 85' lang='lat' dir='ltr'><strong><em>t.</em></strong></span> <span class='ocrx_word' id='word_1_115' title='bbox 1448 1444 1520 1512; x_wconf 76' lang='lat' dir='ltr'><strong><em>Ed.</em></strong></span> 
     </span>
     <span class='ocr_line' id='line_1_13' title="bbox 195 1543 1521 1636; baseline -0.004 -16"><span class='ocrx_word' id='word_1_116' title='bbox 195 1543 643 1629; x_wconf 60' lang='lat' dir='ltr'><strong><em>intromittamini</em></strong></span> <span class='ocrx_word' id='word_1_117' title='bbox 675 1551 760 1617; x_wconf 92' lang='lat' dir='ltr'><strong><em>liber</em></strong></span> <span class='ocrx_word' id='word_1_118' title='bbox 786 1555 866 1636; x_wconf 89' lang='lat' dir='ltr'><strong><em>post</em></strong></span> <span class='ocrx_word' id='word_1_119' title='bbox 894 1550 979 1617; x_wconf 91' lang='lat' dir='ltr'><strong><em>baec</em></strong></span> <span class='ocrx_word' id='word_1_120' title='bbox 1005 1550 1112 1616; x_wconf 85' lang='lat' dir='ltr'><strong><em>verba</em></strong></span> <span class='ocrx_word' id='word_1_121' title='bbox 1138 1566 1271 1615; x_wconf 83' lang='lat' dir='ltr'><strong><em>annexa</em></strong></span> <span class='ocrx_word' id='word_1_122' title='bbox 1299 1547 1400 1616; x_wconf 89' lang='lat' dir='ltr'><strong><em>babet</em></strong></span> <span class='ocrx_word' id='word_1_123' title='bbox 1423 1551 1521 1615; x_wconf 84' lang='lat' dir='ltr'><strong><em>etiam</em></strong></span> 
     </span>
     <span class='ocr_line' id='line_1_14' title="bbox 193 1651 1522 1748; baseline -0.003 -25"><span class='ocrx_word' id='word_1_124' title='bbox 193 1657 267 1724; x_wconf 87' lang='lat' dir='ltr'><strong><em>illa:</em></strong></span> <span class='ocrx_word' id='word_1_125' title='bbox 289 1660 457 1748; x_wconf 72' lang='lat' dir='ltr'><strong><em>prorutum</em></strong></span> <span class='ocrx_word' id='word_1_126' title='bbox 475 1652 575 1721; x_wconf 82' lang='lat' dir='ltr'><strong><em>bomo</em></strong></span> <span class='ocrx_word' id='word_1_127' title='bbox 596 1658 664 1722; x_wconf 79' lang='lat' dir='ltr'><strong><em>ute</em></strong></span> <span class='ocrx_word' id='word_1_128' title='bbox 680 1674 743 1723; x_wconf 78' lang='lat' dir='ltr'><strong><em>roos</em></strong></span> <span class='ocrx_word' id='word_1_129' title='bbox 762 1654 898 1742; x_wconf 75' lang='lat' dir='ltr'><strong><em>dilipat.</em></strong></span> <span class='ocrx_word' id='word_1_130' title='bbox 942 1652 1239 1740; x_wconf 70' lang='lat' dir='ltr'><strong><em>sepenumero,</em></strong></span> <span class='ocrx_word' id='word_1_131' title='bbox 1260 1657 1339 1739; x_wconf 89' lang='lat' dir='ltr'><strong><em>post</em></strong></span> <span class='ocrx_word' id='word_1_132' title='bbox 1355 1651 1522 1720; x_wconf 84' lang='lat' dir='ltr'><strong><em>adbibere</em></strong></span> 
     </span>
     <span class='ocr_line' id='line_1_15' title="bbox 193 1755 1521 1848; baseline -0.003 -21"><span class='ocrx_word' id='word_1_133' title='bbox 193 1760 421 1827; x_wconf 74' lang='lat' dir='ltr'><strong><em>medicinam:</em></strong></span> <span class='ocrx_word' id='word_1_134' title='bbox 458 1757 551 1843; x_wconf 78' lang='lat' dir='ltr'><strong><em>Quid</em></strong></span> <span class='ocrx_word' id='word_1_135' title='bbox 569 1763 663 1825; x_wconf 89' lang='lat' dir='ltr'><strong><em>euim</em></strong></span> <span class='ocrx_word' id='word_1_136' title='bbox 686 1763 760 1824; x_wconf 85' lang='lat' dir='ltr'><strong><em>iura</em></strong></span> <span class='ocrx_word' id='word_1_137' title='bbox 784 1764 855 1847; x_wconf 79' lang='lat' dir='ltr'><strong><em>est,</em></strong></span> <span class='ocrx_word' id='word_1_138' title='bbox 885 1758 975 1848; x_wconf 72' lang='lat' dir='ltr'><strong><em>prod</em></strong></span> <span class='ocrx_word' id='word_1_139' title='bbox 993 1776 1054 1845; x_wconf 83' lang='lat' dir='ltr'><strong><em>epo</em></strong></span> <span class='ocrx_word' id='word_1_140' title='bbox 1076 1756 1132 1823; x_wconf 88' lang='lat' dir='ltr'><strong><em>cet</em></strong></span> <span class='ocrx_word' id='word_1_141' title='bbox 1152 1755 1288 1823; x_wconf 71' lang='lat' dir='ltr'><strong><em>otacilio</em></strong></span> <span class='ocrx_word' id='word_1_142' title='bbox 1306 1756 1362 1823; x_wconf 84' lang='lat' dir='ltr'><strong><em>oet</em></strong></span> <span class='ocrx_word' id='word_1_143' title='bbox 1379 1756 1521 1823; x_wconf 75' lang='lat' dir='ltr'><strong><em>conuitio</em></strong></span> 
     </span>
     <span class='ocr_line' id='line_1_16' title="bbox 194 1858 1523 1949; baseline -0.004 -21"><span class='ocrx_word' id='word_1_144' title='bbox 194 1863 360 1948; x_wconf 78' lang='lat' dir='ltr'><strong><em>prodesse</em></strong></span> <span class='ocrx_word' id='word_1_145' title='bbox 380 1859 537 1949; x_wconf 73' lang='lat' dir='ltr'><strong><em>possim?</em></strong></span> <span class='ocrx_word' id='word_1_146' title='bbox 574 1862 626 1928; x_wconf 88' lang='lat' dir='ltr'><strong><em>Ile</em></strong></span> <span class='ocrx_word' id='word_1_147' title='bbox 654 1862 772 1948; x_wconf 85' lang='lat' dir='ltr'><strong><em>qulbus</em></strong></span> <span class='ocrx_word' id='word_1_148' title='bbox 802 1860 880 1947; x_wconf 87' lang='lat' dir='ltr'><strong><em>quld</em></strong></span> <span class='ocrx_word' id='word_1_149' title='bbox 901 1860 1006 1928; x_wconf 90' lang='lat' dir='ltr'><strong><em>dicam</em></strong></span> <span class='ocrx_word' id='word_1_150' title='bbox 1029 1859 1137 1947; x_wconf 90' lang='lat' dir='ltr'><strong><em>allud,</em></strong></span> <span class='ocrx_word' id='word_1_151' title='bbox 1169 1860 1233 1926; x_wconf 90' lang='lat' dir='ltr'><strong><em>nisi</em></strong></span> <span class='ocrx_word' id='word_1_152' title='bbox 1255 1877 1296 1925; x_wconf 91' lang='lat' dir='ltr'><strong><em>ea</em></strong></span> <span class='ocrx_word' id='word_1_153' title='bbox 1317 1858 1425 1926; x_wconf 82' lang='lat' dir='ltr'><strong><em>videri</em></strong></span> <span class='ocrx_word' id='word_1_154' title='bbox 1446 1859 1523 1925; x_wconf 88' lang='lat' dir='ltr'><strong><em>mibi</em></strong></span> 
     </span>
     <span class='ocr_line' id='line_1_17' title="bbox 196 1955 1523 2055; baseline -0.006 -19"><span class='ocrx_word' id='word_1_155' title='bbox 196 1965 435 2050; x_wconf 76' lang='lat' dir='ltr'><strong><em>[iasparrlnam</em></strong></span> <span class='ocrx_word' id='word_1_156' title='bbox 455 1965 627 2055; x_wconf 88' lang='lat' dir='ltr'><strong><em>redolere,</em></strong></span> <span class='ocrx_word' id='word_1_157' title='bbox 661 1966 715 2052; x_wconf 83' lang='lat' dir='ltr'><strong><em>qui</em></strong></span> <span class='ocrx_word' id='word_1_158' title='bbox 736 1966 830 2032; x_wconf 89' lang='lat' dir='ltr'><strong><em>libris</em></strong></span> <span class='ocrx_word' id='word_1_159' title='bbox 852 1966 1009 2050; x_wconf 91' lang='lat' dir='ltr'><strong><em>supplere</em></strong></span> <span class='ocrx_word' id='word_1_160' title='bbox 1031 1966 1254 2032; x_wconf 85' lang='lat' dir='ltr'><strong><em>consueverat</em></strong></span> <span class='ocrx_word' id='word_1_161' title='bbox 1277 1981 1322 2028; x_wconf 88' lang='lat' dir='ltr'><strong><em>ex</em></strong></span> <span class='ocrx_word' id='word_1_162' title='bbox 1343 1955 1457 2029; x_wconf 69' lang='lat' dir='ltr'><strong><em>suala</em></strong></span> <span class='ocrx_word' id='word_1_163' title='bbox 1480 1993 1523 2011; x_wconf 92' lang='lat'><strong><em>···</em></strong></span> 
     </span>
     <span class='ocr_line' id='line_1_18' title="bbox 194 2066 1524 2160; baseline -0.009 -23"><span class='ocrx_word' id='word_1_164' title='bbox 194 2069 362 2160; x_wconf 73' lang='lat' dir='ltr'><strong><em>Egregie,</em></strong></span> <span class='ocrx_word' id='word_1_165' title='bbox 383 2072 531 2156; x_wconf 82' lang='lat' dir='ltr'><strong><em>inquam3</em></strong></span> <span class='ocrx_word' id='word_1_166' title='bbox 553 2071 651 2136; x_wconf 74' lang='lat' dir='ltr'><strong><em>etia·</em></strong></span> <span class='ocrx_word' id='word_1_167' title='bbox 672 2070 749 2155; x_wconf 84' lang='lat' dir='ltr'><strong><em>qaia</em></strong></span> <span class='ocrx_word' id='word_1_168' title='bbox 770 2067 931 2135; x_wconf 89' lang='lat' dir='ltr'><strong><em>indicavit</em></strong></span> <span class='ocrx_word' id='word_1_169' title='bbox 952 2070 1036 2134; x_wconf 89' lang='lat' dir='ltr'><strong><em>satis</em></strong></span> <span class='ocrx_word' id='word_1_170' title='bbox 1058 2069 1276 2153; x_wconf 76' lang='lat' dir='ltr'><strong><em>probabiliter</em></strong></span> <span class='ocrx_word' id='word_1_171' title='bbox 1296 2068 1437 2132; x_wconf 86' lang='lat' dir='ltr'><strong><em>omnium</em></strong></span> <span class='ocrx_word' id='word_1_172' title='bbox 1459 2066 1524 2133; x_wconf 88' lang='lat' dir='ltr'><strong><em>ha.</em></strong></span> 
     </span>
     <span class='ocr_line' id='line_1_19' title="bbox 193 2171 1523 2258; baseline -0.004 -19"><span class='ocrx_word' id='word_1_173' title='bbox 193 2191 265 2239; x_wconf 91' lang='lat' dir='ltr'><strong><em>rum</em></strong></span> <span class='ocrx_word' id='word_1_174' title='bbox 287 2173 579 2257; x_wconf 90' lang='lat' dir='ltr'><strong><em>interpolationum</em></strong></span> <span class='ocrx_word' id='word_1_175' title='bbox 601 2177 748 2258; x_wconf 90' lang='lat' dir='ltr'><strong><em>patrem,</em></strong></span> <span class='ocrx_word' id='word_1_176' title='bbox 770 2172 841 2239; x_wconf 88' lang='lat' dir='ltr'><strong><em>scll.</em></strong></span> <span class='ocrx_word' id='word_1_177' title='bbox 856 2172 1095 2257; x_wconf 83' lang='lat' dir='ltr'><strong><em>(iasparrinum</em></strong></span> <span class='ocrx_word' id='word_1_178' title='bbox 1115 2171 1288 2236; x_wconf 82' lang='lat' dir='ltr'><strong><em>Baruizam</em></strong></span> <span class='ocrx_word' id='word_1_179' title='bbox 1303 2173 1393 2251; x_wconf 86' lang='lat' dir='ltr'><strong><em>sive,</em></strong></span> <span class='ocrx_word' id='word_1_180' title='bbox 1415 2173 1453 2235; x_wconf 90' lang='lat' dir='ltr'><strong><em>ut</em></strong></span> <span class='ocrx_word' id='word_1_181' title='bbox 1468 2171 1523 2235; x_wconf 90' lang='lat' dir='ltr'><strong><em>alil</em></strong></span> 
     </span>
     <span class='ocr_line' id='line_1_20' title="bbox 194 2266 1524 2366; baseline -0.003 -23"><span class='ocrx_word' id='word_1_182' title='bbox 194 2277 333 2362; x_wconf 88' lang='lat' dir='ltr'><strong><em>volunt,</em></strong></span> <span class='ocrx_word' id='word_1_183' title='bbox 352 2275 562 2342; x_wconf 74' lang='lat' dir='ltr'><strong><em>Barziziuna</em></strong></span> <span class='ocrx_word' id='word_1_184' title='bbox 584 2271 673 2366; x_wconf 80' lang='lat' dir='ltr'><strong><em>(ego</em></strong></span> <span class='ocrx_word' id='word_1_185' title='bbox 695 2272 884 2345; x_wconf 74' lang='lat' dir='ltr'><strong><em>conradum</em></strong></span> <span class='ocrx_word' id='word_1_186' title='bbox 907 2276 1090 2345; x_wconf 84' lang='lat' dir='ltr'><strong><em>Gesnerum</em></strong></span> <span class='ocrx_word' id='word_1_187' title='bbox 1112 2266 1258 2360; x_wconf 83' lang='lat' dir='ltr'><strong><em>sequor]</em></strong></span> <span class='ocrx_word' id='word_1_188' title='bbox 1279 2274 1524 2364; x_wconf 80' lang='lat' dir='ltr'><strong><em>Bergomatern‚</em></strong></span> 
     </span>
    </p>
   </div>
   <div class='ocr_carea' id='block_1_3' title="bbox 96 2376 1524 2469">
    <p class='ocr_par' dir='ltr' id='par_1_3' title="bbox 96 2376 1524 2469">
     <span class='ocr_line' id='line_1_21' title="bbox 96 2376 1524 2469; baseline -0.003 -23"><span class='ocrx_word' id='word_1_189' title='bbox 96 2410 98 2415; x_wconf 93' lang='lat'>·</span> <span class='ocrx_word' id='word_1_190' title='bbox 194 2380 338 2446; x_wconf 90' lang='lat' dir='ltr'><strong><em>nobilem</em></strong></span> <span class='ocrx_word' id='word_1_191' title='bbox 360 2378 614 2447; x_wconf 79' lang='lat' dir='ltr'><strong><em>Grammuuu-</em></strong></span> <span class='ocrx_word' id='word_1_192' title='bbox 635 2376 713 2448; x_wconf 86' lang='lat' dir='ltr'><strong><em>Sec.</em></strong></span> <span class='ocrx_word' id='word_1_193' title='bbox 728 2379 823 2469; x_wconf 61' lang='lat' dir='ltr'><strong><em>XV,</em></strong></span> <span class='ocrx_word' id='word_1_194' title='bbox 859 2383 922 2446; x_wconf 87' lang='lat' dir='ltr'><strong><em>etsl</em></strong></span> <span class='ocrx_word' id='word_1_195' title='bbox 948 2380 1004 2447; x_wconf 92' lang='lat' dir='ltr'><strong><em>alii</em></strong></span> <span class='ocrx_word' id='word_1_196' title='bbox 1033 2381 1221 2464; x_wconf 89' lang='lat' dir='ltr'><strong><em>complures</em></strong></span> <span class='ocrx_word' id='word_1_197' title='bbox 1247 2378 1393 2445; x_wconf 86' lang='lat' dir='ltr'><strong><em>eiusdem</em></strong></span> <span class='ocrx_word' id='word_1_198' title='bbox 1420 2379 1524 2445; x_wconf 90' lang='lat' dir='ltr'><strong><em>seculi</em></strong></span> 
     </span>
    </p>
   </div>
   <div class='ocr_carea' id='block_1_4' title="bbox 150 2480 1532 4965">
    <p class='ocr_par' dir='ltr' id='par_1_4' title="bbox 150 2480 1532 4965">
     <span class='ocr_line' id='line_1_22' title="bbox 196 2480 1526 2568; baseline -0.003 -16"><span class='ocrx_word' id='word_1_199' title='bbox 196 2483 410 2553; x_wconf 83' lang='lat' dir='ltr'><strong><em>Grammatici</em></strong></span> <span class='ocrx_word' id='word_1_200' title='bbox 439 2482 578 2549; x_wconf 87' lang='lat' dir='ltr'><strong><em>eandem</em></strong></span> <span class='ocrx_word' id='word_1_201' title='bbox 607 2486 695 2551; x_wconf 82' lang='lat' dir='ltr'><strong><em>vlam</em></strong></span> <span class='ocrx_word' id='word_1_202' title='bbox 724 2488 759 2552; x_wconf 91' lang='lat' dir='ltr'><strong><em>et</em></strong></span> <span class='ocrx_word' id='word_1_203' title='bbox 780 2486 942 2551; x_wconf 87' lang='lat' dir='ltr'><strong><em>rationem</em></strong></span> <span class='ocrx_word' id='word_1_204' title='bbox 964 2484 1201 2568; x_wconf 88' lang='lat' dir='ltr'><strong><em>sequebantur.</em></strong></span> <span class='ocrx_word' id='word_1_205' title='bbox 1241 2480 1311 2550; x_wconf 85' lang='lat' dir='ltr'><strong><em>Sed</em></strong></span> <span class='ocrx_word' id='word_1_206' title='bbox 1334 2483 1389 2550; x_wconf 86' lang='lat' dir='ltr'><strong><em>iac</em></strong></span> <span class='ocrx_word' id='word_1_207' title='bbox 1412 2500 1526 2548; x_wconf 87' lang='lat' dir='ltr'><strong><em>omncs</em></strong></span> 
     </span>
     <span class='ocr_line' id='line_1_23' title="bbox 166 2583 1526 2672; baseline -0.001 -19"><span class='ocrx_word' id='word_1_208' title='bbox 166 2637 172 2653; x_wconf 94' lang='lat'><strong>.</strong></span> <span class='ocrx_word' id='word_1_209' title='bbox 195 2583 279 2656; x_wconf 76' lang='lat' dir='ltr'><strong><em>cdd.</em></strong></span> <span class='ocrx_word' id='word_1_210' title='bbox 294 2587 392 2653; x_wconf 93' lang='lat' dir='ltr'><strong><em>nobls</em></strong></span> <span class='ocrx_word' id='word_1_211' title='bbox 413 2589 514 2652; x_wconf 90' lang='lat' dir='ltr'><strong><em>notos</em></strong></span> <span class='ocrx_word' id='word_1_212' title='bbox 535 2585 674 2654; x_wconf 88' lang='lat' dir='ltr'><strong><em>eandem</em></strong></span> <span class='ocrx_word' id='word_1_213' title='bbox 695 2588 872 2654; x_wconf 87' lang='lat' dir='ltr'><strong><em>lectionem</em></strong></span> <span class='ocrx_word' id='word_1_214' title='bbox 893 2586 1053 2652; x_wconf 89' lang='lat' dir='ltr'><strong><em>exhibere</em></strong></span> <span class='ocrx_word' id='word_1_215' title='bbox 1066 2590 1209 2672; x_wconf 87' lang='lat' dir='ltr'><strong><em>utroque</em></strong></span> <span class='ocrx_word' id='word_1_216' title='bbox 1223 2588 1256 2652; x_wconf 93' lang='lat' dir='ltr'><strong><em>in</em></strong></span> <span class='ocrx_word' id='word_1_217' title='bbox 1272 2588 1347 2653; x_wconf 92' lang='lat' dir='ltr'><strong><em>loco</em></strong></span> <span class='ocrx_word' id='word_1_218' title='bbox 1361 2604 1402 2654; x_wconf 89' lang='lat' dir='ltr'><strong><em>ae</em></strong></span> <span class='ocrx_word' id='word_1_219' title='bbox 1416 2585 1526 2653; x_wconf 80' lang='lat' dir='ltr'><strong><em>Faer-</em></strong></span> 
     </span>
     <span class='ocr_line' id='line_1_24' title="bbox 195 2685 1526 2778; baseline -0.002 -22"><span class='ocrx_word' id='word_1_220' title='bbox 195 2692 347 2778; x_wconf 87' lang='lat' dir='ltr'><strong><em>nianum‚</em></strong></span> <span class='ocrx_word' id='word_1_221' title='bbox 369 2691 424 2776; x_wconf 85' lang='lat' dir='ltr'><strong><em>qui</em></strong></span> <span class='ocrx_word' id='word_1_222' title='bbox 447 2687 555 2756; x_wconf 86' lang='lat' dir='ltr'><strong><em>codex</em></strong></span> <span class='ocrx_word' id='word_1_223' title='bbox 576 2707 816 2776; x_wconf 77' lang='lat' dir='ltr'><strong><em>saepenumero</em></strong></span> <span class='ocrx_word' id='word_1_224' title='bbox 838 2693 1001 2776; x_wconf 87' lang='lat' dir='ltr'><strong><em>tamquam</em></strong></span> <span class='ocrx_word' id='word_1_225' title='bbox 1024 2685 1190 2770; x_wconf 75' lang='grc' dir='ltr'>κειμήλιον</span> <span class='ocrx_word' id='word_1_226' title='bbox 1213 2689 1369 2757; x_wconf 92' lang='lat' dir='ltr'><strong><em>laudatur</em></strong></span> <span class='ocrx_word' id='word_1_227' title='bbox 1389 2708 1410 2756; x_wconf 94' lang='lat' dir='ltr'><strong><em>a</em></strong></span> <span class='ocrx_word' id='word_1_228' title='bbox 1428 2692 1526 2757; x_wconf 88' lang='lat' dir='ltr'><strong><em>crlti-</em></strong></span> 
     </span>
     <span class='ocr_line' id='line_1_25' title="bbox 196 2791 1526 2884; baseline -0.002 -21"><span class='ocrx_word' id='word_1_229' title='bbox 196 2796 247 2863; x_wconf 88' lang='lat' dir='ltr'><strong><em>cis</em></strong></span> <span class='ocrx_word' id='word_1_230' title='bbox 261 2792 340 2861; x_wconf 90' lang='lat' dir='ltr'><strong><em>inde</em></strong></span> <span class='ocrx_word' id='word_1_231' title='bbox 354 2811 374 2860; x_wconf 89' lang='lat' dir='ltr'><strong><em>a</em></strong></span> <span class='ocrx_word' id='word_1_232' title='bbox 389 2792 585 2877; x_wconf 86' lang='lat' dir='ltr'><strong><em>Malaspina</em></strong></span> <span class='ocrx_word' id='word_1_233' title='bbox 598 2797 633 2859; x_wconf 88' lang='lat' dir='ltr'><strong><em>et</em></strong></span> <span class='ocrx_word' id='word_1_234' title='bbox 652 2791 795 2880; x_wconf 80' lang='lat' dir='ltr'><strong><em>Ursino,</em></strong></span> <span class='ocrx_word' id='word_1_235' title='bbox 817 2793 908 2879; x_wconf 87' lang='lat' dir='ltr'><strong><em>quis,</em></strong></span> <span class='ocrx_word' id='word_1_236' title='bbox 928 2811 1071 2879; x_wconf 87' lang='lat' dir='ltr'><strong><em>quaeso,</em></strong></span> <span class='ocrx_word' id='word_1_237' title='bbox 1092 2795 1127 2860; x_wconf 91' lang='lat' dir='ltr'><strong><em>ln</em></strong></span> <span class='ocrx_word' id='word_1_238' title='bbox 1147 2796 1369 2878; x_wconf 78' lang='lat' dir='ltr'><strong><em>suspicionem</em></strong></span> <span class='ocrx_word' id='word_1_239' title='bbox 1389 2813 1526 2884; x_wconf 85' lang='lat' dir='ltr'><strong><em>vocare,</em></strong></span> 
     </span>
     <span class='ocr_line' id='line_1_26' title="bbox 197 2896 1525 2989; baseline -0.001 -24"><span class='ocrx_word' id='word_1_240' title='bbox 197 2896 318 2965; x_wconf 90' lang='lat' dir='ltr'><strong><em>nedum</em></strong></span> <span class='ocrx_word' id='word_1_241' title='bbox 341 2896 454 2967; x_wconf 88' lang='lat' dir='ltr'><strong><em>delere</em></strong></span> <span class='ocrx_word' id='word_1_242' title='bbox 477 2914 579 2963; x_wconf 87' lang='lat' dir='ltr'><strong><em>ansus</em></strong></span> <span class='ocrx_word' id='word_1_243' title='bbox 601 2902 691 2964; x_wconf 89' lang='lat' dir='ltr'><strong><em>esset</em></strong></span> <span class='ocrx_word' id='word_1_244' title='bbox 712 2898 778 2964; x_wconf 89' lang='lat' dir='ltr'><strong><em>lsta</em></strong></span> <span class='ocrx_word' id='word_1_245' title='bbox 797 2898 904 2964; x_wconf 87' lang='lat' dir='ltr'><strong><em>verba</em></strong></span> <span class='ocrx_word' id='word_1_246' title='bbox 925 2902 1094 2987; x_wconf 62' lang='lat' dir='ltr'><strong><em>moratum</em></strong></span> <span class='ocrx_word' id='word_1_247' title='bbox 1114 2896 1214 2965; x_wconf 83' lang='lat' dir='ltr'><strong><em>bomo</em></strong></span> <span class='ocrx_word' id='word_1_248' title='bbox 1228 2902 1296 2966; x_wconf 82' lang='lat' dir='ltr'><strong><em>iate</em></strong></span> <span class='ocrx_word' id='word_1_249' title='bbox 1309 2917 1373 2965; x_wconf 81' lang='lat' dir='ltr'><strong><em>uos</em></strong></span> <span class='ocrx_word' id='word_1_250' title='bbox 1388 2898 1525 2989; x_wconf 81' lang='lat' dir='ltr'><strong><em>diiiput,</em></strong></span> 
     </span>
     <span class='ocr_line' id='line_1_27' title="bbox 197 3000 1528 3091; baseline -0.002 -22"><span class='ocrx_word' id='word_1_251' title='bbox 197 3007 233 3069; x_wconf 87' lang='lat' dir='ltr'><strong><em>et</em></strong></span> <span class='ocrx_word' id='word_1_252' title='bbox 255 3005 322 3067; x_wconf 88' lang='lat' dir='ltr'><strong><em>tam</em></strong></span> <span class='ocrx_word' id='word_1_253' title='bbox 344 3002 516 3091; x_wconf 80' lang='lat' dir='ltr'><strong><em>egregiam</em></strong></span> <span class='ocrx_word' id='word_1_254' title='bbox 538 3001 717 3069; x_wconf 85' lang='lat' dir='ltr'><strong><em>clausulam</em></strong></span> <span class='ocrx_word' id='word_1_255' title='bbox 740 3005 857 3087; x_wconf 89' lang='lat' dir='ltr'><strong><em>atque,</em></strong></span> <span class='ocrx_word' id='word_1_256' title='bbox 879 3003 912 3067; x_wconf 93' lang='lat' dir='ltr'><strong><em>in</em></strong></span> <span class='ocrx_word' id='word_1_257' title='bbox 935 3003 1078 3086; x_wconf 90' lang='lat' dir='ltr'><strong><em>epistola</em></strong></span> <span class='ocrx_word' id='word_1_258' title='bbox 1099 3003 1313 3086; x_wconf 88' lang='lat' dir='ltr'><strong><em>praesertim,</em></strong></span> <span class='ocrx_word' id='word_1_259' title='bbox 1334 3019 1417 3068; x_wconf 87' lang='lat' dir='ltr'><strong><em>vere</em></strong></span> <span class='ocrx_word' id='word_1_260' title='bbox 1439 3000 1528 3067; x_wconf 79' lang='lat' dir='ltr'><strong><em>&#39;lul-</em></strong></span> 
     </span>
     <span class='ocr_line' id='line_1_28' title="bbox 197 3103 1528 3195; baseline -0.002 -21"><span class='ocrx_word' id='word_1_261' title='bbox 197 3107 338 3195; x_wconf 88' lang='lat' dir='ltr'><strong><em>lianam,</em></strong></span> <span class='ocrx_word' id='word_1_262' title='bbox 366 3106 430 3172; x_wconf 90' lang='lat' dir='ltr'><strong><em>nisl</em></strong></span> <span class='ocrx_word' id='word_1_263' title='bbox 452 3106 649 3172; x_wconf 87' lang='lat' dir='ltr'><strong><em>reliceretur</em></strong></span> <span class='ocrx_word' id='word_1_264' title='bbox 669 3124 690 3172; x_wconf 94' lang='lat' dir='ltr'><strong><em>a</em></strong></span> <span class='ocrx_word' id='word_1_265' title='bbox 711 3106 855 3172; x_wconf 90' lang='lat' dir='ltr'><strong><em>testibus</em></strong></span> <span class='ocrx_word' id='word_1_266' title='bbox 875 3107 981 3171; x_wconf 88' lang='lat' dir='ltr'><strong><em>minus</em></strong></span> <span class='ocrx_word' id='word_1_267' title='bbox 1003 3108 1191 3192; x_wconf 89' lang='lat' dir='ltr'><strong><em>corruptis:</em></strong></span> <span class='ocrx_word' id='word_1_268' title='bbox 1227 3103 1320 3189; x_wconf 82' lang='lat' dir='ltr'><strong><em>Quid</em></strong></span> <span class='ocrx_word' id='word_1_269' title='bbox 1340 3110 1433 3172; x_wconf 88' lang='lat' dir='ltr'><strong><em>euim</em></strong></span> <span class='ocrx_word' id='word_1_270' title='bbox 1455 3110 1528 3172; x_wconf 84' lang='lat' dir='ltr'><strong><em>iarn</em></strong></span> 
     </span>
     <span class='ocr_line' id='line_1_29' title="bbox 198 3206 1529 3300; baseline -0.002 -24"><span class='ocrx_word' id='word_1_271' title='bbox 198 3214 270 3299; x_wconf 81' lang='lat' dir='ltr'><strong><em>est,</em></strong></span> <span class='ocrx_word' id='word_1_272' title='bbox 293 3208 384 3300; x_wconf 75' lang='lat' dir='ltr'><strong><em>quod</em></strong></span> <span class='ocrx_word' id='word_1_273' title='bbox 403 3227 465 3295; x_wconf 78' lang='lat' dir='ltr'><strong><em>epo</em></strong></span> <span class='ocrx_word' id='word_1_274' title='bbox 487 3207 543 3274; x_wconf 88' lang='lat' dir='ltr'><strong><em>oet</em></strong></span> <span class='ocrx_word' id='word_1_275' title='bbox 563 3207 717 3300; x_wconf 66' lang='lat' dir='ltr'><strong><em>eumilo,</em></strong></span> <span class='ocrx_word' id='word_1_276' title='bbox 749 3209 805 3274; x_wconf 85' lang='lat' dir='ltr'><strong><em>oet</em></strong></span> <span class='ocrx_word' id='word_1_277' title='bbox 826 3209 968 3275; x_wconf 75' lang='lat' dir='ltr'><strong><em>currilia</em></strong></span> <span class='ocrx_word' id='word_1_278' title='bbox 989 3209 1153 3295; x_wconf 78' lang='lat' dir='ltr'><strong><em>prodesse</em></strong></span> <span class='ocrx_word' id='word_1_279' title='bbox 1174 3206 1332 3295; x_wconf 71' lang='lat' dir='ltr'><strong><em>possim?</em></strong></span> <span class='ocrx_word' id='word_1_280' title='bbox 1367 3207 1529 3275; x_wconf 85' lang='lat' dir='ltr'><strong><em>audacter</em></strong></span> 
     </span>
     <span class='ocr_line' id='line_1_30' title="bbox 198 3311 1529 3401; baseline -0.008 -21"><span class='ocrx_word' id='word_1_281' title='bbox 198 3317 234 3380; x_wconf 89' lang='lat' dir='ltr'><strong><em>et</em></strong></span> <span class='ocrx_word' id='word_1_282' title='bbox 255 3315 396 3399; x_wconf 90' lang='lat' dir='ltr'><strong><em>temere,</em></strong></span> <span class='ocrx_word' id='word_1_283' title='bbox 426 3315 464 3378; x_wconf 90' lang='lat' dir='ltr'><strong><em>ut</em></strong></span> <span class='ocrx_word' id='word_1_284' title='bbox 486 3330 550 3377; x_wconf 91' lang='lat' dir='ltr'><strong><em>nos</em></strong></span> <span class='ocrx_word' id='word_1_285' title='bbox 570 3331 699 3401; x_wconf 88' lang='lat' dir='ltr'><strong><em>omnes,</em></strong></span> <span class='ocrx_word' id='word_1_286' title='bbox 722 3315 778 3398; x_wconf 83' lang='lat' dir='ltr'><strong><em>qul</em></strong></span> <span class='ocrx_word' id='word_1_287' title='bbox 800 3315 917 3378; x_wconf 89' lang='lat' dir='ltr'><strong><em>nostro</em></strong></span> <span class='ocrx_word' id='word_1_288' title='bbox 939 3313 1011 3378; x_wconf 92' lang='lat' dir='ltr'><strong><em>lure</em></strong></span> <span class='ocrx_word' id='word_1_289' title='bbox 1033 3311 1182 3380; x_wconf 89' lang='lat' dir='ltr'><strong><em>codicum</em></strong></span> <span class='ocrx_word' id='word_1_290' title='bbox 1205 3313 1398 3379; x_wconf 88' lang='lat' dir='ltr'><strong><em>auctoritati</em></strong></span> <span class='ocrx_word' id='word_1_291' title='bbox 1419 3312 1529 3399; x_wconf 87' lang='lat' dir='ltr'><strong><em>pluri..</em></strong></span> 
     </span>
     <span class='ocr_line' id='line_1_31' title="bbox 198 3415 1529 3505; baseline -0.002 -22"><span class='ocrx_word' id='word_1_292' title='bbox 198 3436 283 3483; x_wconf 88' lang='lat' dir='ltr'><strong><em>mum</em></strong></span> <span class='ocrx_word' id='word_1_293' title='bbox 306 3415 516 3484; x_wconf 90' lang='lat' dir='ltr'><strong><em>tribuendum</em></strong></span> <span class='ocrx_word' id='word_1_294' title='bbox 532 3435 607 3483; x_wconf 86' lang='lat' dir='ltr'><strong><em>esse</em></strong></span> <span class='ocrx_word' id='word_1_295' title='bbox 622 3416 838 3505; x_wconf 81' lang='lat' dir='ltr'><strong><em>arbitramur,</em></strong></span> <span class='ocrx_word' id='word_1_296' title='bbox 859 3434 926 3482; x_wconf 90' lang='lat' dir='ltr'><strong><em>uno</em></strong></span> <span class='ocrx_word' id='word_1_297' title='bbox 942 3433 1108 3483; x_wconf 89' lang='lat' dir='ltr'><strong><em>consensu</em></strong></span> <span class='ocrx_word' id='word_1_298' title='bbox 1124 3417 1413 3483; x_wconf 87' lang='lat' dir='ltr'><strong><em>exclamassemus.</em></strong></span> <span class='ocrx_word' id='word_1_299' title='bbox 1455 3416 1529 3483; x_wconf 77' lang='lat' dir='ltr'><strong><em>Ea-</em></strong></span> 
     </span>
     <span class='ocr_line' id='line_1_32' title="bbox 199 3519 1531 3606; baseline 0 -20"><span class='ocrx_word' id='word_1_300' title='bbox 199 3519 273 3587; x_wconf 89' lang='lat' dir='ltr'><strong><em>dem</em></strong></span> <span class='ocrx_word' id='word_1_301' title='bbox 303 3522 413 3586; x_wconf 90' lang='lat' dir='ltr'><strong><em>autem</em></strong></span> <span class='ocrx_word' id='word_1_302' title='bbox 441 3538 581 3605; x_wconf 87' lang='lat' dir='ltr'><strong><em>prorsus</em></strong></span> <span class='ocrx_word' id='word_1_303' title='bbox 607 3521 694 3585; x_wconf 92' lang='lat' dir='ltr'><strong><em>ratio</em></strong></span> <span class='ocrx_word' id='word_1_304' title='bbox 726 3523 779 3585; x_wconf 87' lang='lat' dir='ltr'><strong><em>est</em></strong></span> <span class='ocrx_word' id='word_1_305' title='bbox 809 3523 968 3606; x_wconf 89' lang='lat' dir='ltr'><strong><em>quattuor</em></strong></span> <span class='ocrx_word' id='word_1_306' title='bbox 995 3521 1172 3586; x_wconf 85' lang='lat' dir='ltr'><strong><em>verborum</em></strong></span> <span class='ocrx_word' id='word_1_307' title='bbox 1200 3523 1272 3586; x_wconf 91' lang='lat' dir='ltr'><strong><em>tres</em></strong></span> <span class='ocrx_word' id='word_1_308' title='bbox 1297 3522 1385 3586; x_wconf 90' lang='lat' dir='ltr'><strong><em>inter</em></strong></span> <span class='ocrx_word' id='word_1_309' title='bbox 1404 3523 1531 3587; x_wconf 84' lang='lat' dir='ltr'><strong><em>amicos</em></strong></span> 
     </span>
     <span class='ocr_line' id='line_1_33' title="bbox 199 3621 1530 3710; baseline -0.002 -19"><span class='ocrx_word' id='word_1_310' title='bbox 199 3626 504 3691; x_wconf 83' lang='lat' dir='ltr'><strong><em>controversorum.</em></strong></span> <span class='ocrx_word' id='word_1_311' title='bbox 547 3621 750 3710; x_wconf 77' lang='lat' dir='ltr'><strong><em>Quamquam</em></strong></span> <span class='ocrx_word' id='word_1_312' title='bbox 779 3625 814 3688; x_wconf 93' lang='lat' dir='ltr'><strong><em>in</em></strong></span> <span class='ocrx_word' id='word_1_313' title='bbox 844 3623 896 3690; x_wconf 88' lang='lat' dir='ltr'><strong><em>his</em></strong></span> <span class='ocrx_word' id='word_1_314' title='bbox 926 3625 1077 3689; x_wconf 88' lang='lat' dir='ltr'><strong><em>omnibus</em></strong></span> <span class='ocrx_word' id='word_1_315' title='bbox 1104 3623 1138 3690; x_wconf 94' lang='lat' dir='ltr'><strong><em>ld</em></strong></span> <span class='ocrx_word' id='word_1_316' title='bbox 1165 3622 1347 3709; x_wconf 91' lang='lat' dir='ltr'><strong><em>praevideo</em></strong></span> <span class='ocrx_word' id='word_1_317' title='bbox 1368 3624 1459 3710; x_wconf 86' lang='lat' dir='ltr'><strong><em>tore,</em></strong></span> <span class='ocrx_word' id='word_1_318' title='bbox 1491 3627 1530 3689; x_wconf 88' lang='lat' dir='ltr'><strong><em>ut</em></strong></span> 
     </span>
     <span class='ocr_line' id='line_1_34' title="bbox 201 3727 1530 3817; baseline -0.001 -22"><span class='ocrx_word' id='word_1_319' title='bbox 201 3728 315 3795; x_wconf 91' lang='lat' dir='ltr'><strong><em>dlcant</em></strong></span> <span class='ocrx_word' id='word_1_320' title='bbox 343 3728 540 3794; x_wconf 82' lang='lat' dir='ltr'><strong><em>manifestas</em></strong></span> <span class='ocrx_word' id='word_1_321' title='bbox 566 3728 865 3815; x_wconf 84' lang='lat' dir='ltr'><strong><em>interpolationes,</em></strong></span> <span class='ocrx_word' id='word_1_322' title='bbox 901 3727 1086 3795; x_wconf 90' lang='lat' dir='ltr'><strong><em>iamdudum</em></strong></span> <span class='ocrx_word' id='word_1_323' title='bbox 1115 3729 1158 3793; x_wconf 95' lang='lat' dir='ltr'><strong><em>ab</em></strong></span> <span class='ocrx_word' id='word_1_324' title='bbox 1181 3729 1331 3794; x_wconf 89' lang='lat' dir='ltr'><strong><em>omnibus</em></strong></span> <span class='ocrx_word' id='word_1_325' title='bbox 1352 3728 1530 3817; x_wconf 80' lang='lat' dir='ltr'><strong><em>agnitaae</em></strong></span> 
     </span>
     <span class='ocr_line' id='line_1_35' title="bbox 201 3823 1530 3919; baseline -0.002 -20"><span class='ocrx_word' id='word_1_326' title='bbox 201 3831 350 3899; x_wconf 88' lang='lat' dir='ltr'><strong><em>tenebris</em></strong></span> <span class='ocrx_word' id='word_1_327' title='bbox 378 3823 458 3913; x_wconf 80' lang='lat' dir='ltr'><strong><em>(ubi</em></strong></span> <span class='ocrx_word' id='word_1_328' title='bbox 483 3850 535 3899; x_wconf 89' lang='lat' dir='ltr'><strong><em>me</em></strong></span> <span class='ocrx_word' id='word_1_329' title='bbox 563 3851 691 3919; x_wconf 88' lang='lat' dir='ltr'><strong><em>quoque</em></strong></span> <span class='ocrx_word' id='word_1_330' title='bbox 714 3833 948 3899; x_wconf 87' lang='lat' dir='ltr'><strong><em>consentiente</em></strong></span> <span class='ocrx_word' id='word_1_331' title='bbox 968 3834 1086 3899; x_wconf 89' lang='lat' dir='ltr'><strong><em>merito</em></strong></span> <span class='ocrx_word' id='word_1_332' title='bbox 1110 3823 1282 3913; x_wconf 83' lang='lat' dir='ltr'><strong><em>latebant)</em></strong></span> <span class='ocrx_word' id='word_1_333' title='bbox 1310 3849 1404 3897; x_wconf 88' lang='lat' dir='ltr'><strong><em>ame</em></strong></span> <span class='ocrx_word' id='word_1_334' title='bbox 1426 3849 1530 3916; x_wconf 87' lang='lat' dir='ltr'><strong><em>prae-</em></strong></span> 
     </span>
     <span class='ocr_line' id='line_1_36' title="bbox 201 3934 1530 4026; baseline -0.001 -24"><span class='ocrx_word' id='word_1_335' title='bbox 201 3938 338 4022; x_wconf 89' lang='lat' dir='ltr'><strong><em>postere</em></strong></span> <span class='ocrx_word' id='word_1_336' title='bbox 362 3935 516 4020; x_wconf 84' lang='lat' dir='ltr'><strong><em>proferri.</em></strong></span> <span class='ocrx_word' id='word_1_337' title='bbox 558 3936 634 4026; x_wconf 77' lang='lat' dir='ltr'><strong><em>Ego</em></strong></span> <span class='ocrx_word' id='word_1_338' title='bbox 655 3955 739 4002; x_wconf 88' lang='lat' dir='ltr'><strong><em>vero</em></strong></span> <span class='ocrx_word' id='word_1_339' title='bbox 761 3955 860 4002; x_wconf 88' lang='lat' dir='ltr'><strong><em>unum</em></strong></span> <span class='ocrx_word' id='word_1_340' title='bbox 882 3935 962 4002; x_wconf 96' lang='lat' dir='ltr'><strong><em>lllud</em></strong></span> <span class='ocrx_word' id='word_1_341' title='bbox 985 3934 1163 4016; x_wconf 89' lang='lat' dir='ltr'><strong><em>ldentldem</em></strong></span> <span class='ocrx_word' id='word_1_342' title='bbox 1184 3939 1318 4021; x_wconf 90' lang='lat' dir='ltr'><strong><em>repeto,</em></strong></span> <span class='ocrx_word' id='word_1_343' title='bbox 1339 3936 1530 4001; x_wconf 87' lang='lat' dir='ltr'><strong><em>melioribus</em></strong></span> 
     </span>
     <span class='ocr_line' id='line_1_37' title="bbox 202 4037 1531 4126; baseline -0.002 -20"><span class='ocrx_word' id='word_1_344' title='bbox 202 4037 284 4106; x_wconf 76' lang='lat' dir='ltr'><strong><em>cdd.</em></strong></span> <span class='ocrx_word' id='word_1_345' title='bbox 306 4039 370 4104; x_wconf 88' lang='lat' dir='ltr'><strong><em>nisi</em></strong></span> <span class='ocrx_word' id='word_1_346' title='bbox 392 4040 443 4104; x_wconf 89' lang='lat' dir='ltr'><strong><em>usl</em></strong></span> <span class='ocrx_word' id='word_1_347' title='bbox 466 4042 580 4105; x_wconf 89' lang='lat' dir='ltr'><strong><em>essent</em></strong></span> <span class='ocrx_word' id='word_1_348' title='bbox 602 4038 763 4124; x_wconf 91' lang='lat' dir='ltr'><strong><em>editores,</em></strong></span> <span class='ocrx_word' id='word_1_349' title='bbox 799 4038 899 4106; x_wconf 85' lang='lat' dir='ltr'><strong><em>lrodle</em></strong></span> <span class='ocrx_word' id='word_1_350' title='bbox 925 4058 1056 4126; x_wconf 81' lang='lat' dir='ltr'><strong><em>quoque</em></strong></span> <span class='ocrx_word' id='word_1_351' title='bbox 1085 4037 1200 4104; x_wconf 88' lang='lat' dir='ltr'><strong><em>eadem</em></strong></span> <span class='ocrx_word' id='word_1_352' title='bbox 1221 4040 1286 4105; x_wconf 89' lang='lat' dir='ltr'><strong><em>ista</em></strong></span> <span class='ocrx_word' id='word_1_353' title='bbox 1308 4042 1343 4103; x_wconf 95' lang='lat' dir='ltr'><strong><em>ln</em></strong></span> <span class='ocrx_word' id='word_1_354' title='bbox 1366 4038 1531 4105; x_wconf 74' lang='lat' dir='ltr'><strong><em>Tullianis</em></strong></span> 
     </span>
     <span class='ocr_line' id='line_1_38' title="bbox 201 4136 1530 4229; baseline -0.001 -20"><span class='ocrx_word' id='word_1_355' title='bbox 201 4143 410 4209; x_wconf 88' lang='lat' dir='ltr'><strong><em>haberemus.</em></strong></span> <span class='ocrx_word' id='word_1_356' title='bbox 450 4136 520 4208; x_wconf 86' lang='lat' dir='ltr'><strong><em>Sed</em></strong></span> <span class='ocrx_word' id='word_1_357' title='bbox 553 4142 631 4228; x_wconf 89' lang='lat' dir='ltr'><strong><em>quid</em></strong></span> <span class='ocrx_word' id='word_1_358' title='bbox 660 4142 788 4228; x_wconf 76' lang='lat' dir='ltr'><strong><em>Topica</em></strong></span> <span class='ocrx_word' id='word_1_359' title='bbox 820 4162 928 4228; x_wconf 88' lang='lat' dir='ltr'><strong><em>nuper</em></strong></span> <span class='ocrx_word' id='word_1_360' title='bbox 956 4143 1031 4209; x_wconf 91' lang='lat' dir='ltr'><strong><em>mibi</em></strong></span> <span class='ocrx_word' id='word_1_361' title='bbox 1062 4145 1260 4208; x_wconf 88' lang='lat' dir='ltr'><strong><em>retractanti</em></strong></span> <span class='ocrx_word' id='word_1_362' title='bbox 1291 4162 1353 4208; x_wconf 91' lang='lat' dir='ltr'><strong><em>usu</em></strong></span> <span class='ocrx_word' id='word_1_363' title='bbox 1380 4145 1530 4229; x_wconf 89' lang='lat' dir='ltr'><strong><em>venerit,</em></strong></span> 
     </span>
     <span class='ocr_line' id='line_1_39' title="bbox 202 4241 1530 4337; baseline 0 -24"><span class='ocrx_word' id='word_1_364' title='bbox 202 4246 358 4313; x_wconf 89' lang='lat' dir='ltr'><strong><em>narrabo.</em></strong></span> <span class='ocrx_word' id='word_1_365' title='bbox 402 4244 573 4311; x_wconf 88' lang='lat' dir='ltr'><strong><em>Habebam</em></strong></span> <span class='ocrx_word' id='word_1_366' title='bbox 587 4243 670 4313; x_wconf 75' lang='lat' dir='ltr'><strong><em>cdd.</em></strong></span> <span class='ocrx_word' id='word_1_367' title='bbox 685 4246 768 4312; x_wconf 90' lang='lat' dir='ltr'><strong><em>duos</em></strong></span> <span class='ocrx_word' id='word_1_368' title='bbox 782 4242 1043 4337; x_wconf 78' lang='lat' dir='ltr'><strong><em>sangallenses,</em></strong></span> <span class='ocrx_word' id='word_1_369' title='bbox 1064 4247 1203 4314; x_wconf 90' lang='lat' dir='ltr'><strong><em>alterum</em></strong></span> <span class='ocrx_word' id='word_1_370' title='bbox 1219 4241 1296 4313; x_wconf 86' lang='lat' dir='ltr'><strong><em>Sec.</em></strong></span> <span class='ocrx_word' id='word_1_371' title='bbox 1307 4244 1368 4332; x_wconf 89' lang='lat' dir='ltr'><strong><em>X.,</em></strong></span> <span class='ocrx_word' id='word_1_372' title='bbox 1389 4247 1530 4313; x_wconf 92' lang='lat' dir='ltr'><strong><em>alterum</em></strong></span> 
     </span>
     <span class='ocr_line' id='line_1_40' title="bbox 202 4344 1530 4440; baseline -0.003 -20"><span class='ocrx_word' id='word_1_373' title='bbox 202 4345 281 4420; x_wconf 81' lang='lat' dir='ltr'><strong><em>Sec.</em></strong></span> <span class='ocrx_word' id='word_1_374' title='bbox 294 4347 357 4414; x_wconf 90' lang='lat' dir='ltr'><strong><em>x1.</em></strong></span> <span class='ocrx_word' id='word_1_375' title='bbox 378 4367 399 4414; x_wconf 95' lang='lat' dir='ltr'><strong><em>a</em></strong></span> <span class='ocrx_word' id='word_1_376' title='bbox 421 4366 472 4413; x_wconf 92' lang='lat' dir='ltr'><strong><em>me</em></strong></span> <span class='ocrx_word' id='word_1_377' title='bbox 494 4348 653 4438; x_wconf 89' lang='lat' dir='ltr'><strong><em>collatos,</em></strong></span> <span class='ocrx_word' id='word_1_378' title='bbox 685 4353 776 4416; x_wconf 90' lang='lat' dir='ltr'><strong><em>tertii</em></strong></span> <span class='ocrx_word' id='word_1_379' title='bbox 802 4351 1045 4418; x_wconf 79' lang='lat' dir='ltr'><strong><em>ldlnsledlensis</em></strong></span> <span class='ocrx_word' id='word_1_380' title='bbox 1071 4350 1205 4417; x_wconf 87' lang='lat' dir='ltr'><strong><em>mirilice</em></strong></span> <span class='ocrx_word' id='word_1_381' title='bbox 1227 4369 1299 4417; x_wconf 88' lang='lat' dir='ltr'><strong><em>cum</em></strong></span> <span class='ocrx_word' id='word_1_382' title='bbox 1321 4344 1530 4440; x_wconf 81' lang='lat' dir='ltr'><strong><em>Sangallen-</em></strong></span> 
     </span>
     <span class='ocr_line' id='line_1_41' title="bbox 203 4444 1531 4541; baseline -0.002 -20"><span class='ocrx_word' id='word_1_383' title='bbox 203 4455 296 4521; x_wconf 90' lang='lat' dir='ltr'><strong><em>sibus</em></strong></span> <span class='ocrx_word' id='word_1_384' title='bbox 310 4452 551 4539; x_wconf 90' lang='lat' dir='ltr'><strong><em>conspirantis,</em></strong></span> <span class='ocrx_word' id='word_1_385' title='bbox 572 4454 606 4518; x_wconf 90' lang='lat' dir='ltr'><strong><em>in</em></strong></span> <span class='ocrx_word' id='word_1_386' title='bbox 623 4453 814 4539; x_wconf 81' lang='lat' dir='ltr'><strong><em>quibusdam</em></strong></span> <span class='ocrx_word' id='word_1_387' title='bbox 836 4457 935 4521; x_wconf 90' lang='lat' dir='ltr'><strong><em>etiam</em></strong></span> <span class='ocrx_word' id='word_1_388' title='bbox 951 4457 1112 4541; x_wconf 86' lang='lat' dir='ltr'><strong><em>melioris,</em></strong></span> <span class='ocrx_word' id='word_1_389' title='bbox 1126 4444 1406 4523; x_wconf 88' lang='lat' dir='ltr'><strong><em>accuratissimam</em></strong></span> <span class='ocrx_word' id='word_1_390' title='bbox 1421 4454 1531 4522; x_wconf 89' lang='lat' dir='ltr'><strong><em>colla-</em></strong></span> 
     </span>
     <span class='ocr_line' id='line_1_42' title="bbox 204 4554 1530 4648; baseline -0.001 -24"><span class='ocrx_word' id='word_1_391' title='bbox 204 4559 347 4645; x_wconf 89' lang='lat' dir='ltr'><strong><em>tionem,</em></strong></span> <span class='ocrx_word' id='word_1_392' title='bbox 379 4554 612 4621; x_wconf 82' lang='lat' dir='ltr'><strong><em>Eriurtensem</em></strong></span> <span class='ocrx_word' id='word_1_393' title='bbox 639 4557 704 4625; x_wconf 90' lang='lat' dir='ltr'><strong><em>boc</em></strong></span> <span class='ocrx_word' id='word_1_394' title='bbox 733 4561 767 4624; x_wconf 93' lang='lat' dir='ltr'><strong><em>in</em></strong></span> <span class='ocrx_word' id='word_1_395' title='bbox 796 4559 957 4644; x_wconf 90' lang='lat' dir='ltr'><strong><em>opusculo</em></strong></span> <span class='ocrx_word' id='word_1_396' title='bbox 987 4561 1167 4645; x_wconf 87' lang='lat' dir='ltr'><strong><em>perbonam</em></strong></span> <span class='ocrx_word' id='word_1_397' title='bbox 1190 4576 1211 4624; x_wconf 90' lang='lat' dir='ltr'><strong><em>a</em></strong></span> <span class='ocrx_word' id='word_1_398' title='bbox 1232 4556 1428 4648; x_wconf 87' lang='lat' dir='ltr'><strong><em>Wundero,</em></strong></span> <span class='ocrx_word' id='word_1_399' title='bbox 1464 4576 1530 4643; x_wconf 85' lang='lat' dir='ltr'><strong><em>quo</em></strong></span> 
     </span>
     <span class='ocr_line' id='line_1_43' title="bbox 205 4657 1531 4751; baseline 0 -23"><span class='ocrx_word' id='word_1_400' title='bbox 205 4680 300 4729; x_wconf 90' lang='lat' dir='ltr'><strong><em>nemo</em></strong></span> <span class='ocrx_word' id='word_1_401' title='bbox 330 4660 404 4726; x_wconf 84' lang='lat' dir='ltr'><strong><em>iere</em></strong></span> <span class='ocrx_word' id='word_1_402' title='bbox 434 4657 627 4751; x_wconf 79' lang='lat' dir='ltr'><strong><em>diligentior</em></strong></span> <span class='ocrx_word' id='word_1_403' title='bbox 656 4664 725 4749; x_wconf 91' lang='lat' dir='ltr'><strong><em>est,</em></strong></span> <span class='ocrx_word' id='word_1_404' title='bbox 758 4663 792 4728; x_wconf 95' lang='lat' dir='ltr'><strong><em>ln</em></strong></span> <span class='ocrx_word' id='word_1_405' title='bbox 819 4664 934 4732; x_wconf 86' lang='lat' dir='ltr'><strong><em>Leett.</em></strong></span> <span class='ocrx_word' id='word_1_406' title='bbox 960 4658 1054 4731; x_wconf 77' lang='lat' dir='ltr'><strong><em>cuc.</em></strong></span> <span class='ocrx_word' id='word_1_407' title='bbox 1082 4680 1275 4749; x_wconf 85' lang='lat' dir='ltr'><strong><em>excussum3</em></strong></span> <span class='ocrx_word' id='word_1_408' title='bbox 1310 4680 1384 4729; x_wconf 90' lang='lat' dir='ltr'><strong><em>cum</em></strong></span> <span class='ocrx_word' id='word_1_409' title='bbox 1412 4661 1531 4728; x_wconf 88' lang='lat' dir='ltr'><strong><em>lisdem</em></strong></span> 
     </span>
     <span class='ocr_line' id='line_1_44' title="bbox 150 4763 1531 4855; baseline -0.004 -20"><span class='ocrx_word' id='word_1_410' title='bbox 150 4763 153 4770; x_wconf 83' lang='grc'><strong>’</strong></span> <span class='ocrx_word' id='word_1_411' title='bbox 205 4767 383 4835; x_wconf 87' lang='lat' dir='ltr'><strong><em>maioribus</em></strong></span> <span class='ocrx_word' id='word_1_412' title='bbox 415 4766 451 4832; x_wconf 96' lang='lat' dir='ltr'><strong><em>ln</em></strong></span> <span class='ocrx_word' id='word_1_413' title='bbox 482 4767 584 4835; x_wconf 90' lang='lat' dir='ltr'><strong><em>rebus</em></strong></span> <span class='ocrx_word' id='word_1_414' title='bbox 616 4768 838 4837; x_wconf 89' lang='lat' dir='ltr'><strong><em>conveniebat</em></strong></span> <span class='ocrx_word' id='word_1_415' title='bbox 872 4764 1119 4836; x_wconf 74' lang='lat' dir='ltr'><strong><em>oxoniensibus</em></strong></span> <span class='ocrx_word' id='word_1_416' title='bbox 1146 4767 1187 4833; x_wconf 90' lang='lat' dir='ltr'><strong><em>B.</em></strong></span> <span class='ocrx_word' id='word_1_417' title='bbox 1216 4789 1247 4852; x_wconf 81' lang='grc' dir='ltr'><strong><em>ρ.</em></strong></span> <span class='ocrx_word' id='word_1_418' title='bbox 1276 4768 1311 4833; x_wconf 92' lang='lat' dir='ltr'><strong><em>et</em></strong></span> <span class='ocrx_word' id='word_1_419' title='bbox 1342 4764 1531 4855; x_wconf 83' lang='lat' dir='ltr'><strong><em>Gryphianl</em></strong></span> 
     </span>
     <span class='ocr_line' id='line_1_45' title="bbox 206 4864 1532 4965; baseline -0.004 -24"><span class='ocrx_word' id='word_1_420' title='bbox 206 4872 378 4960; x_wconf 84' lang='lat' dir='ltr'><strong><em>excerptis</em></strong></span> <span class='ocrx_word' id='word_1_421' title='bbox 391 4869 481 4965; x_wconf 86' lang='lat' dir='ltr'><strong><em>apud</em></strong></span> <span class='ocrx_word' id='word_1_422' title='bbox 501 4872 552 4943; x_wconf 87' lang='lat'><strong><em>10.</em></strong></span> <span class='ocrx_word' id='word_1_423' title='bbox 569 4869 674 4943; x_wconf 83' lang='lat' dir='ltr'><strong><em>Mlcb.</em></strong></span> <span class='ocrx_word' id='word_1_424' title='bbox 690 4870 841 4944; x_wconf 84' lang='lat' dir='ltr'><strong><em>Brutum.</em></strong></span> <span class='ocrx_word' id='word_1_425' title='bbox 886 4868 1037 4944; x_wconf 83' lang='lat' dir='ltr'><strong><em>omnum</em></strong></span> <span class='ocrx_word' id='word_1_426' title='bbox 1051 4874 1162 4946; x_wconf 69' lang='lat' dir='ltr'><strong><em>auten</em></strong></span> <span class='ocrx_word' id='word_1_427' title='bbox 1175 4870 1291 4940; x_wconf 86' lang='lat' dir='ltr'><strong><em>borum</em></strong></span> <span class='ocrx_word' id='word_1_428' title='bbox 1304 4873 1437 4957; x_wconf 86' lang='lat' dir='ltr'><strong><em>septem</em></strong></span> <span class='ocrx_word' id='word_1_429' title='bbox 1448 4864 1532 4941; x_wconf 78' lang='lat' dir='ltr'><strong><em>cdd.</em></strong></span> 
     </span>
    </p>
   </div>
   <div class='ocr_carea' id='block_1_5' title="bbox 0 0 1650 5400">
    <p class='ocr_par' dir='ltr' id='par_1_5' title="bbox 0 0 1650 5400">
     <span class='ocr_line' id='line_1_46' title="bbox 0 0 1650 5400; baseline 0 0"><span class='ocrx_word' id='word_1_430' title='bbox 0 0 1650 5400; x_wconf 95' lang='lat' dir='ltr'><strong><em> </em></strong></span> 
     </span>
    </p>
   </div>
  </div>
 </body>
</html>
