3256 5400
189 243 251 306 att
617 241 892 307 nrtsrotnuum
912 243 965 306 AI)
987 233 1079 306 Flu.

183 398 304 487 tibique
325 397 529 484 persuadeas,
562 419 655 463 omne
676 399 856 484 perfugium
877 397 1034 464 bonorum
1056 398 1089 463 in
1112 409 1141 464 te
1163 409 1194 465 et
1213 406 1311 466 Bruto
1333 422 1402 466 esse
1424 402 1510 487 posi·

183 503 263 567 tum,
287 492 328 566 si,
351 491 436 578 quod
458 492 571 564 nolim,
595 492 720 559 adversi
741 492 816 579 quid
839 493 991 558 evenerit.
1034 500 1115 567 Res,
1137 514 1208 558 oum
1231 494 1308 559 baec
1321 494 1507 570 scribebam,

182 597 251 652 erat
281 587 315 650 iu
347 595 523 651 extremum
551 584 685 651 adducta
715 586 904 676 discrimem
939 592 1055 652 Brutus
1087 586 1171 651 enim
1202 590 1339 653 Mutinae
1368 589 1423 653 vix
1445 588 1507 653 iam

182 678 370 745 sustinebat:
393 678 488 765 quisi
503 691 705 745 conservatus
724 680 802 756 erit,
825 681 975 758 vicimus;
998 681 1045 746 siu
1067 712 1107 724 -
1130 681 1216 768 quod
1239 681 1271 746 dt
1299 702 1393 747 omen
1416 704 1508 746 aver-

158 775 261 838 atantl
285 808 325 819 -
347 776 450 837 omnis
471 771 612 836 omnium
635 794 745 839 cursus
767 785 814 840 est
835 774 874 840 ad
895 795 963 841 ros.
1005 773 1143 840 Proinde
1164 775 1214 838 lac
1235 775 1371 839 animum
1387 784 1506 841 tantum

180 864 295 932 babeas
318 876 499 952 tantumque
522 877 719 954 apparatum,
742 879 859 954 quanto
881 889 962 955 opus
983 879 1031 934 est
1052 867 1092 933 ad
1113 868 1290 934 universam
1312 890 1380 934 rem
1401 868 1507 955 publi-

178 978 247 1025 cam
267 959 515 1048 reciperandam.
559 962 645 1027 Vale.

654 1106 718 1168 ur.
762 1101 812 1185 (A.
838 1106 870 1169 u.
893 1107 925 1170 c.
946 1102 1033 1183 710.)

668 1238 811 1302 ClCEllO
834 1237 971 1302 CASSlO
996 1239 1027 1300 S.

146 1384 174 1423 aa
272 1361 301 1424 1.
333 1360 458 1437 Quanto
491 1356 595 1422 studio
617 1355 798 1441 dignitatem
820 1364 903 1422 tuam
926 1364 957 1421 et
978 1356 1010 1422 in
1033 1367 1140 1422 senatu
1163 1367 1194 1422 et
1215 1356 1254 1422 ad
1275 1361 1427 1446 populum
1451 1362 1507 1428 de·

183 1451 355 1525 leuderim,
378 1472 418 1515 ex
440 1449 502 1515 tuis
524 1459 555 1513 te
576 1450 660 1516 malo
681 1471 775 1536 quam
797 1471 838 1514 en
859 1470 910 1514 me
924 1470 1133 1534 cognoscere:
1157 1472 1237 1536 quae
1259 1473 1327 1518 mea
1351 1461 1504 1523 sententia

182 1551 212 1613 in
233 1555 343 1612 senatu
365 1544 455 1609 facile
477 1542 637 1616 valuisset,
669 1543 730 1609 nisi
751 1547 849 1608 Pansa
870 1542 1072 1608 vehementer
1093 1543 1272 1610 obstitisset.
1315 1550 1358 1611 Ea
1381 1558 1505 1616 senten-

180 1641 222 1707 tia
252 1638 334 1704 dicta
363 1636 535 1724 productus
564 1658 634 1703 sum
662 1636 895 1703 incentionem
924 1636 1091 1703 atribuno
1113 1638 1154 1724 pl.
1177 1644 1217 1704 M.
1240 1630 1385 1705 Servilio.
1428 1643 1504 1708 uixi

179 1734 217 1799 de
239 1742 284 1807 te,
308 1753 387 1820 quae
409 1730 513 1817 potui,
536 1740 620 1795 tanta
642 1732 856 1804 contentione,
879 1741 1030 1817 quantum
1050 1731 1155 1797 iorum
1177 1741 1239 1804 est,
1263 1743 1348 1798 tanto
1363 1735 1503 1801 clamore

142 1823 523 1912 inconsensuquepopuli,
546 1835 581 1889 ut
595 1825 672 1890 nibil
694 1846 832 1911 unquam
853 1824 953 1890 simile
975 1825 1119 1891 viderim.
1141 1825 1177 1891 ld
1193 1826 1288 1892 velim
1314 1827 1389 1893 mibi
1412 1829 1503 1913 igno·

176 1941 261 1995 scas,
298 1919 382 2007 quod
413 1919 507 1984 invita
541 1939 634 1983 socru
667 1926 721 1983 tua
751 1916 891 1983 fecerim.
954 1919 1069 1984 Mulier
1102 1919 1210 1984 timida
1240 1919 1426 1996 verebatur,
1463 1946 1502 1989 ne

175 2019 293 2081 Pansae
315 2015 436 2079 animus
457 2012 681 2079 offenderetur.
736 2016 771 2076 ln
803 2011 949 2075 contione
981 2011 1108 2097 quidem
1132 2017 1231 2077 Pansa
1263 2013 1344 2080 dixit
1369 2027 1500 2082 matrem

176 2126 304 2194 quoque
328 2116 411 2171 tuam
442 2119 473 2173 et
499 2107 630 2171 fratrem
657 2105 742 2170 illam
771 2125 863 2169 ame
885 2104 1069 2170 sententiam
1091 2106 1229 2171 noluisse
1252 2107 1322 2174 dici.
1367 2111 1428 2175 Sed
1450 2132 1502 2176 me

175 2199 253 2272 baec
274 2222 339 2265 non
360 2199 545 2276 movebant3
568 2198 628 2264 elia
649 2197 816 2263 malebam.
864 2197 1018 2263 Favebam
1041 2208 1072 2264 et
1093 2201 1141 2265 rei
1162 2201 1325 2287 publicae,
1347 2204 1399 2268 cui
1419 2226 1502 2270 sern-

137 2314 233 2381 mpcr
253 2293 332 2367 savi,
355 2303 387 2358 et
407 2293 548 2378 dignitati
571 2315 607 2358 ac
628 2293 748 2377 gloriae
769 2302 853 2357 tuae.
896 2296 927 2358 2.
951 2293 1044 2369 Quod
1066 2303 1169 2359 autem
1191 2306 1222 2360 et
1250 2299 1281 2360 in
1302 2307 1409 2362 senatu
1431 2298 1502 2384 plu·

164 2383 265 2453 tritus
286 2386 393 2453 verbis
415 2387 550 2453 disserui
571 2397 603 2452 et
624 2386 691 2452 dixi
704 2388 744 2451 ‘in
766 2386 930 2460 contione,
952 2385 985 2451 in
1007 2407 1046 2452 eo
1068 2388 1162 2453 velim
1183 2388 1276 2454 fidem
1297 2410 1400 2454 meam
1421 2390 1502 2455 libe·

175 2500 248 2559 res;
273 2479 404 2567 promisi
426 2480 510 2545 enim
533 2489 563 2546 et
583 2501 684 2567 prope
700 2479 882 2545 confirmavi
905 2489 936 2543 te
957 2500 1020 2545 non
1041 2492 1239 2568 exspectasse
1260 2503 1319 2546 nec
1339 2493 1501 2568 exspecta-

174 2582 280 2639 turum
303 2573 429 2639 decreta
451 2585 575 2648 nostra,
598 2574 652 2639 sed
674 2573 829 2658 teipsum
852 2583 907 2638 tuo
921 2593 1010 2638 more
1029 2595 1098 2639 rem
1113 2574 1271 2661 publicam
1286 2574 1500 2642 defensurum.

172 2670 229 2741 ut,
252 2688 440 2754 quamquam
460 2667 612 2733 nihildum
635 2667 833 2732 audieramus
847 2687 906 2731 nec
920 2665 976 2731 ubi
996 2689 1081 2734 esses
1099 2690 1156 2733 nec
1178 2690 1256 2756 quas
1273 2670 1379 2754 copias
1405 2668 1501 2734 babe-

135 2779 164 2824 as
174 2781 243 2832 res,
279 2771 383 2825 tamen
410 2760 455 2824 sic
481 2759 671 2835 statuebam,
708 2780 837 2834 omnes,
875 2781 956 2847 quae
986 2762 1018 2826 in
1044 2762 1112 2827 istis
1133 2761 1275 2848 partibus
1296 2772 1400 2829 essent
1421 2784 1499 2848 opes

173 2854 364 2941 copiaeque,
397 2862 467 2919 tuas
489 2874 577 2929 esse,
607 2875 665 2940 per
694 2863 786 2940 teque
808 2854 913 2919 Asiam
935 2854 1129 2941 provinciam
1150 2853 1345 2922 confidebam
1366 2855 1428 2920 iam
1450 2855 1499 2919 rei

172 2945 317 3033 publicae
339 2948 556 3034 reciperatam.
599 2954 646 3015 Tu
667 2947 717 3014 sac
738 2947 770 3012 in
792 2947 934 3034 augepda
956 2947 1058 3034 gloria
1079 2957 1110 3014 te
1131 2949 1234 3036 ipsum
1256 2948 1373 3015 vincas.
1409 2948 1497 3016 Vale.

639 3119 719 3184 un.
760 3115 810 3202 (n.
835 3120 868 3185 o.
891 3119 922 3183 c.
945 3115 1030 3199 τη.)

655 3251 798 3315 CICERO
821 3251 958 3316 CASSIO
981 3253 1013 3315 S.

137 3394 164 3431 ao
259 3375 288 3436 l.
322 3370 430 3436 Scelus
457 3370 557 3436 affinis
585 3369 631 3437 tui
653 3370 764 3456 Lepidi
785 3391 1001 3457 summamque
1024 3368 1184 3435 levitatem
1206 3378 1238 3434 et
1258 3369 1497 3438 inconstantiam

173 3487 214 3529 ex
242 3464 333 3538 actis,
370 3485 450 3550 quae
480 3463 520 3529 ad
552 3473 583 3530 te
614 3462 695 3529 mitti
723 3474 811 3529 certo
847 3465 937 3540 scio,
969 3485 1121 3549 cognosse
1147 3474 1178 3529 te
1200 3462 1347 3529 arbitror.
1389 3469 1498 3553 ltaque

174 3579 230 3624 nos
260 3558 402 3625 confecto
424 3556 524 3631 bello,
557 3567 592 3623 ut
612 3556 860 3632 arbitrabamur,
883 3567 1067 3623 renovatum
1081 3557 1198 3622 bellum
1213 3558 1371 3643 gerimus,
1394 3579 1496 3644 spem·

176 3673 237 3737 que
260 3674 386 3716 omnem
408 3652 439 3716 in
461 3656 498 3717 D.
521 3657 618 3716 Bruto
641 3662 671 3717 et
692 3652 806 3716 Planco
829 3650 995 3729 habemus;
1018 3650 1046 3716 si
1067 3672 1178 3716 verum
1200 3651 1340 3737 quaeris,
1364 3653 1396 3716 in
1419 3661 1449 3716 te
1465 3660 1497 3717 et

174 3744 206 3810 in
239 3767 311 3810 meo
334 3752 432 3812 Bruto
462 3766 526 3810 non
552 3744 655 3810 solum
677 3743 886 3830 adpraesens
908 3743 1102 3830 perfugium,
1133 3743 1175 3819 si,
1200 3742 1283 3830 quod
1306 3745 1419 3818 nolim,
1442 3742 1497 3808 ad-

136 3839 258 3903 seversi
281 3839 357 3926 quid
385 3838 549 3912 acciderit,
586 3839 642 3903 sed
670 3839 763 3902 etiam
789 3837 828 3902 ad
850 3836 1117 3901 confirmationem
1138 3846 1310 3923 perpetuae
1332 3837 1495 3903 libertatis.

174 3936 204 3996 2.
226 3936 290 3996 Nos
313 3933 362 3998 bie
383 3933 422 3997 de
444 3931 604 3998 Dolabella
626 3930 845 4005 audiebamus,
868 3950 949 4017 quae
971 3929 1140 4004 vellemus,
1163 3929 1219 3994 sed
1233 3939 1336 3995 certos
1351 3941 1495 3996 auctores

172 4046 235 4091 non
256 4025 459 4091 habebamus.
516 4030 559 4091 Te
589 4025 715 4113 quidem
745 4045 891 4110 magnum
913 4023 1071 4089 bominem
1097 4033 1128 4088 et
1148 4024 1305 4110 praesenti
1327 4022 1442 4089 iudicio
1463 4033 1495 4088 et

171 4118 287 4205 reliqui
308 4121 460 4207 temporis
481 4119 715 4206 exspectatione
736 4117 816 4183 scito
837 4139 917 4184 esse.
974 4121 1042 4183 Hoc
1064 4116 1120 4182 tibi
1143 4117 1306 4204 proposito
1327 4117 1378 4183 lac
1398 4125 1432 4182 ut
1453 4115 1495 4182 ad

171 4234 292 4277 summa
326 4212 505 4279 contendas.
548 4212 631 4278 Nihil
657 4221 704 4278 est
724 4221 858 4289 tantum,
895 4212 981 4301 quod
1002 4234 1066 4279 non
1086 4213 1222 4301 populus
1243 4218 1401 4280 Romanus
1423 4231 1441 4277 a
1462 4220 1499 4276 te

134 4304 280 4392 toperlici
302 4316 395 4394 atque
417 4305 554 4373 obtineri
576 4327 669 4393 posse
690 4305 815 4371 iudicet.
858 4308 945 4373 Vale.

240 4524 267 4575 t.
287 4526 315 4574 dt
333 4525 379 4576 ltl:
407 4526 445 4574 dli
465 4525 495 4575 ll.
524 4551 553 4562 -
591 4525 618 4574 5.
638 4539 728 4574 corsua
745 4527 795 4575 erit
812 4525 849 4574 cd
867 4525 985 4575 malebat
1002 4524 1152 4575 Ernesttus.
1180 4550 1208 4560 -
1249 4525 1292 4575 13.
1318 4525 1354 4574 nd
1372 4524 1435 4574 trib.
1451 4521 1492 4584 pl.

170 4594 208 4644 Μ.
229 4620 257 4631 -
298 4595 341 4644 18.
370 4596 419 4645 Sed
445 4610 484 4644 ma
502 4596 564 4644 baec
581 4594 627 4645 ltl:
660 4595 710 4644 Sed
726 4595 789 4645 buce
814 4595 845 4645 ll.
879 4619 909 4630 -
947 4596 990 4646 ¹9.
1017 4595 1090 4645 Fort.
1119 4595 1174 4644 alta
1198 4597 1346 4645 mouebant.
1383 4593 1423 4643 Cl.
1444 4606 1493 4655 pro

171 4663 258 4715 Sestio
277 4679 302 4715 c.
323 4666 365 4715 18.
386 4662 415 4728 S.
428 4666 472 4715 m.
489 4664 539 4715 On.
558 4689 586 4699 -
606 4665 650 4714 2¹.
671 4673 696 4715 et
714 4671 776 4714 ante
795 4666 852 4714 ἀίει·
870 4677 926 4715 om.
939 4664 977 4715 bl.
994 4688 1024 4701 -
1044 4665 1088 4716 27.
1107 4666 1192 4728 tpaum
1208 4664 1251 4714 ru:
1270 4667 1325 4729 lpse
1341 4663 1492 4714 Ernesttus.

169 4733 211 4786 Gt.
231 4734 280 4799 Ep.
300 4736 345 4787 13.
365 4731 394 4797 3.
415 4736 441 4786 1.
464 4761 492 4772 -
531 4735 574 4785 at.
595 4735 625 4784 tn
642 4735 681 4789 dl.
701 4736 784 4786 Briau
802 4735 824 4785 1.
846 4735 890 4786 Fr.
910 4735 1072 4789 Gronovius.
