3256 5400
550 265 624 328 uu.
644 264 701 328 xl.
742 265 803 328 ΕΡ.
826 264 888 328 10.
912 265 962 330 ll.-
979 266 1034 329 ta.
1385 272 1446 335 aaa

124 417 276 485 Varronis
290 418 454 484 thesauros
468 417 637 495 baberem,
659 419 831 487 subsistere
847 427 984 507 sumptui
998 443 1135 508 possem.
1164 430 1241 490 Cum
1255 426 1391 512 primum
1406 425 1445 491 do

124 512 258 578 Antonio
280 512 478 599 exploratum
500 512 658 590 habuero,
695 513 807 580 faciam
829 522 859 579 te
881 515 1060 582 certiorem.
1103 523 1150 582 Tu
1173 541 1223 583 me
1244 520 1362 585 amabis
1384 519 1444 596 ita,

124 605 151 671 si
182 605 244 671 boc
269 604 353 671 idem
380 626 431 671 me
460 606 492 672 in
525 615 556 672 te
589 606 693 673 iacere
724 606 871 673 senseris.
922 627 974 675 111.
995 614 1074 675 Non.
1102 609 1216 685 Maias,
1253 633 1294 677 ex
1316 613 1442 689 eastris,

123 705 271 767 Dertona

601 874 656 937 11.
700 869 748 954 (A.
775 872 807 935 u.
830 873 862 935 c.
884 869 970 956 711.)
1453 910 1467 954 ,

322 1006 361 1066 Ι).
382 1004 530 1068 BRUTUS
555 1005 635 1067 ΙΜΡ.
657 1004 742 1068 COS.
764 1005 850 1067 DES.
873 1004 905 1067 S.
925 1005 963 1066 D.
985 1005 1026 1067 Μ.
1049 1005 1243 1069 CICERONI.

209 1128 238 1189 l.
265 1121 384 1188 Eodem
414 1124 561 1208 exemplo
588 1144 606 1187 a
635 1133 666 1188 te
696 1130 737 1186 ml
766 1122 888 1187 litterae
915 1121 1056 1188 redditae
1078 1133 1163 1199 sunt,
1186 1145 1249 1210 quo
1272 1127 1361 1210 pueri
1383 1129 1444 1193 mei

122 1216 301 1281 attulerunt.
349 1222 481 1282 Tantum
514 1241 565 1283 me
593 1217 650 1283 tibi
677 1215 792 1283 debere
819 1217 980 1292 existimo,
1011 1227 1161 1303 quantum
1182 1220 1364 1304 persolvere
1386 1221 1445 1286 dil-

123 1308 203 1375 licile
225 1320 281 1375 est.
334 1311 451 1396 Scripsi
480 1311 551 1385 tibi,
580 1333 660 1399 quae
687 1311 737 1376 bic
765 1320 962 1396 gererentur.
1010 1315 1046 1376 ln
1067 1311 1180 1376 itinere
1202 1324 1249 1378 ast
1270 1316 1442 1392 Antonius3

123 1404 161 1469 ad
183 1402 337 1488 Lepidum
359 1404 582 1489 proficiscitur;
615 1428 653 1471 ne
676 1405 715 1469 de
737 1404 850 1469 Planco
872 1404 999 1490 quidem
1020 1424 1108 1490 spem
1131 1404 1232 1471 adbuc
1254 1407 1383 1480 abiecit,
1406 1417 1441 1473 ut
1456 1422 1481 1475 ¹³¹

122 1521 162 1562 ex
185 1497 298 1564 libellis
330 1498 399 1564 aius
421 1499 642 1571 animadverti,
680 1499 732 1585 qui
756 1503 787 1563 in
809 1520 858 1563 me
880 1498 1071 1576 inciderunt;
1099 1500 1130 1564 in
1160 1500 1274 1586 quibus
1301 1522 1382 1587 quos
1403 1500 1442 1566 ad

121 1591 276 1666 Asinium,
299 1612 380 1678 quos
401 1591 440 1657 ad
461 1592 628 1677 Lepidum,
658 1613 738 1679 quos
760 1591 797 1657 ad
821 1593 966 1657 Plancum
989 1593 1144 1669 mitteret,
1166 1593 1332 1660 scribebat.
1375 1599 1442 1680 Ego

122 1694 225 1749 lamen
257 1705 320 1749 non
348 1684 444 1751 babui
473 1685 656 1771 ambiguum
686 1698 717 1750 et
746 1686 848 1750 statim
876 1685 915 1751 ad
937 1686 1083 1751 Plancum
1111 1688 1198 1764 misi;
1232 1699 1262 1754 et
1283 1688 1380 1755 biduo
1402 1687 1442 1754 ab

120 1777 344 1863 Allobrogibus
366 1786 397 1843 et
417 1779 513 1845 totius
537 1779 653 1845 Galliae
674 1779 793 1864 legatos
808 1789 975 1865 exspecto,
998 1802 1077 1866 quos
1098 1780 1298 1847 confirmatos
1314 1782 1441 1848 domum

121 1875 287 1940 remittam.
330 1877 360 1938 2.
383 1879 446 1947 Tu,
476 1895 558 1961 quaa
579 1874 649 1941 istic
670 1894 750 1958 opus
771 1885 862 1940 erunt
883 1872 1106 1948 administrari,
1133 1877 1322 1961 prospicies,
1344 1886 1379 1941 ut
1400 1896 1439 1941 er
1452 1886 1479 1926 ¹⁵

121 1977 174 2032 tua
203 1967 360 2033 voluntate
388 1967 500 2055 reique
531 1967 675 2054 publicae
702 1967 868 2034 commodo
895 1967 978 2033 liant.
1021 1968 1256 2035 Malevolontiae
1278 1969 1440 2036 bominum

120 2059 153 2124 in
175 2080 242 2134 me,
264 2065 290 2126 si
312 2061 446 2147 poteris,
468 2081 632 2139 oecurres;
654 2061 681 2126 si
703 2082 767 2125 non
787 2061 944 2147 potueris,
967 2060 1027 2126 boc
1048 2061 1268 2138 consolabere,
1290 2062 1376 2151 quod
1392 2085 1441 2128 me

120 2153 161 2219 dc
183 2163 263 2219 statu
284 2175 356 2220 meo
377 2155 470 2221 nullis
491 2155 687 2221 contumeliis
708 2155 870 2220 deterrere
891 2164 1031 2241 possunt.
1079 2157 1183 2223 Pridie
1204 2163 1307 2224 Nonas
1328 2159 1440 2234 Maias,

120 2269 162 2312 ex
183 2248 309 2323 castris,
330 2247 445 2314 finibus
467 2249 719 2316 Statiellensium.

587 2419 658 2482 ru.
700 2415 752 2497 (a,
778 2420 810 2483 u.
833 2420 865 2483 c.
887 2421 977 2496 711.)
1448 2461 1478 2502 2..

355 2552 397 2614 Μ.
420 2548 563 2614 CICERO
587 2551 618 2612 S.
639 2550 677 2611 D.
699 2550 736 2611 D.
758 2548 888 2612 BRUTO
911 2550 990 2613 ΙΜΡ.
1013 2550 1098 2614 COS.
1120 2553 1206 2614 DES.

205 2677 235 2736 1.
255 2672 333 2736 Tres
354 2690 418 2735 uno
440 2668 490 2732 die
511 2687 529 2731 a
551 2676 581 2732 te
602 2665 707 2752 accepi
729 2666 891 2753 epistolas:
924 2688 1018 2733 unam
1040 2667 1185 2743 brevem,
1214 2692 1309 2757 quam
1330 2670 1441 2736 Flacco

119 2764 289 2831 Volumnio
310 2762 459 2838 dederas;
495 2759 572 2825 duas
593 2760 768 2846 pleniores,
790 2781 923 2846 quarum
944 2762 1074 2826 alteram
1097 2761 1276 2829 tabellarius
1297 2769 1332 2829 T.
1354 2762 1440 2831 Vibii

119 2859 235 2933 attulit,
258 2858 387 2923 alteram
409 2857 448 2923 ad
470 2876 520 2922 me
542 2854 626 2918 misit
646 2858 762 2938 Lupus.
805 2858 853 2918 Er
877 2855 937 2920 tuis
959 2855 1069 2920 litteris
1091 2864 1123 2921 et
1144 2878 1184 2921 cr
1207 2856 1349 2922 Graeceii
1370 2877 1442 2922 ora·

120 2954 205 3019 tione
227 2973 289 3017 uon
317 2949 412 3016 modo
441 2971 505 3015 non
527 2947 707 3013 restinctum
729 2945 847 3011 bellum
868 2946 923 3013 sed
945 2950 1039 3013 etiam
1061 2948 1480 3027 interamnensibus„

119 3051 187 3110 Non
214 3043 323 3110 dubito
351 3052 472 3116 autem,
505 3062 565 3127 pro
586 3050 639 3105 tua
660 3039 812 3124 singulari
833 3040 998 3126 prudentia
1020 3041 1095 3129 quin
1116 3043 1304 3130 perspicias,
1338 3044 1365 3110 si
1386 3045 1443 3111 ali·

119 3140 195 3229 quid
217 3138 371 3205 firmitatis
393 3147 501 3201 nactus
522 3135 562 3200 sit
583 3133 749 3208 Antonius,
783 3134 888 3199 omnia
908 3145 962 3201 tna
983 3135 1037 3201 illa
1057 3137 1218 3222 praeclara
1240 3137 1272 3202 in
1294 3159 1362 3202 rem
1384 3159 1442 3224 pu-

119 3234 232 3300 blicam
260 3233 370 3299 merita
398 3230 437 3296 ad
466 3229 597 3294 nihilum
625 3248 693 3292 esse
723 3238 862 3292 ventura.
907 3233 953 3293 lta
974 3228 1057 3294 enim
1078 3235 1209 3297 Romam
1232 3240 1300 3297 erat
1321 3231 1443 3297 nuntia·

119 3339 200 3405 tum,
233 3326 274 3392 ita
306 3346 490 3412 persuasum
519 3321 681 3397 omnibus,
717 3342 789 3386 cum
815 3320 923 3406 paucis
950 3322 1095 3398 inermis,
1132 3325 1308 3410 perterritis
1338 3333 1441 3399 metu,

118 3422 217 3487 lracto
239 3420 345 3485 animo
366 3420 482 3504 fugisse
505 3416 683 3482 Antonium.
727 3419 757 3478 2.
780 3414 844 3491 Qui
865 3414 893 3480 si
913 3415 956 3480 ita
978 3437 1013 3481 se
1035 3415 1143 3492 babet,
1164 3429 1216 3492 ut,
1239 3418 1480 3504 quemadmo-,o

118 3515 193 3581 dum
221 3514 385 3580 audiebam
416 3513 455 3577 de
479 3509 646 3582 Graeceio,
674 3507 798 3592 conlligi
826 3530 897 3574 cum
927 3531 966 3575 eo
988 3510 1053 3575 sinc
1074 3511 1216 3597 periculo
1238 3533 1301 3577 non
1321 3511 1441 3597 possit,

119 3631 182 3673 non
204 3608 256 3672 ille
278 3607 355 3671 mibi
376 3605 493 3691 lugisse
515 3626 533 3668 a
554 3603 671 3668 Mutina
695 3602 837 3679 videtur,
863 3604 920 3668 sed
940 3604 1044 3670 locum
1061 3603 1135 3670 belli
1150 3604 1279 3690 gerendi
1294 3615 1441 3670 mutasse.

117 3707 226 3789 Itaque
249 3701 391 3766 homines
412 3698 465 3764 alii
486 3697 558 3762 lacti
580 3705 667 3773 sunt;
690 3697 832 3761 nonnulli
853 3701 946 3761 etiam
968 3709 1158 3784 queruntur,
1182 3698 1267 3786 quod
1281 3699 1441 3784 persecuti

118 3818 181 3862 non
193 3795 276 3876 sitis,
296 3793 431 3880 opprimi
443 3792 599 3878 potuisse,
622 3788 648 3855 si
660 3789 805 3854 celeritas
817 3788 954 3855 adhibita
966 3802 1064 3866 esset,
1080 3792 1269 3857 existimant.
1303 3791 1440 3858 Omnino
1461 3853 1469 3871 ,

118 3898 165 3954 est
186 3888 246 3955 boc
266 3886 376 3973 populi
397 3885 596 3970 maximeque
619 3883 738 3956 nostri,
761 3883 794 3949 in
815 3904 855 3949 eo
876 3883 1072 3969 potissimum
1094 3885 1181 3951 abuti
1201 3882 1360 3958 libertate,
1383 3906 1480 3971 per„

117 4004 210 4070 quem
236 4002 303 4046 earn
326 3988 511 4045 consecutus
532 3976 582 4041 sit.
636 3976 698 4042 Sed
719 3987 823 4041 tamen
844 3976 1072 4062 providendum
1095 3987 1157 4050 est,
1195 3996 1235 4040 ne
1257 3997 1338 4063 quae
1360 3976 1440 4042 iusta

117 4076 246 4164 querela
280 4096 347 4139 esse
375 4072 483 4159 possit.
532 4076 592 4137 Res
614 4090 648 4134 se
670 4070 714 4134 sic
735 4068 844 4135 babet:
872 4070 900 4134 is
922 4069 1039 4136 bellum
1060 4069 1247 4143 confecerit,
1270 4069 1325 4156 qui
1345 4075 1441 4136 Anto-

117 4170 204 4234 nium
227 4165 429 4253 oppresserit.
472 4168 540 4229 lloc
561 4183 655 4249 quam
678 4166 741 4226 vim
762 4161 890 4239 habeat,
913 4173 943 4229 te
965 4164 1146 4230 existimare
1168 4165 1367 4250 malequam
1389 4184 1441 4230 me

117 4267 255 4349 apertius
277 4259 427 4327 scribere.

185 4482 211 4532 l.
232 4481 255 4528 ss'
272 4479 379 4528 aaronis
398 4472 533 4539 (antorrll)
552 4475 687 4525 thesauros
705 4473 853 4525 Manutius.
874 4497 905 4509 -
924 4475 951 4525 3.
970 4464 1059 4528 Mds'os
1077 4476 1126 4527 M:
1145 4478 1214 4528 Maii
1234 4476 1264 4528 ll.
1287 4499 1316 4512 -
1336 4477 1364 4527 d.
1383 4479 1441 4528 der·

116 4553 206 4601 thoma
231 4550 269 4601 Μ.
305 4573 327 4582 -
378 4548 412 4597 12
436 4547 524 4597 e113.
547 4545 682 4608 plancium
700 4543 739 4596 Μ.
771 4568 798 4579 -
837 4544 880 4594 17.
909 4545 956 4595 boc
983 4552 1008 4595 te
1034 4546 1197 4598 consolabere
1229 4548 1377 4598 Manutius.
1409 4572 1438 4582 —

115 4616 432 4683 2t.utsaproecss'ltl.
456 4639 484 4650 -
532 4614 752 4666 a'l.sunll.-
790 4612 1029 4666 wanemala:
1056 4617 1245 4669 inermibrssli.
1272 4643 1305 4653 -
1342 4617 1441 4668 aona

115 4687 413 4757 murmanus.
