3256 5400
73 218 79 230 “
166 247 228 310 aaa
469 246 527 308 ur.
550 245 601 308 au
624 242 663 319 o.
685 243 870 307 amraan
900 243 974 306 nm.
997 245 1048 308 ιιι.
1091 245 1150 308 nr.
1172 245 1202 307 o.

166 402 254 469 ximo
289 411 344 468 tuo
379 399 545 467 commodo
581 408 613 466 et
647 399 783 466 maxima
805 413 856 464 tua
891 397 1059 479 facultate,
1098 401 1140 466 mi
1178 399 1294 472 irater,
1330 403 1488 487 cogitaris.

166 503 196 564 b.
218 503 265 562 De
294 495 425 583 epistola
446 495 580 568 Vatinii,
610 495 677 560 risi.
734 492 795 558 Sed
817 514 868 557 ure
889 492 929 557 ab
951 515 990 558 eo
1012 494 1055 559 ita
1076 494 1239 559 observari
1260 494 1341 567 scio,
1365 507 1399 560 nt
1420 496 1488 561 eius

166 590 222 656 ista
244 589 316 655 odia
337 609 400 653 non
421 587 566 653 sorbeam
587 588 706 661 solum,
729 585 784 651 sed
806 586 898 652 etiam
920 607 1124 674 concoquam.
1174 592 1204 653 6.
1227 587 1320 665 Quod
1343 610 1392 654 me
1414 589 1489 655 bor-

166 683 260 757 taris,
289 691 324 747 ut
345 681 521 755 absolvam,
550 679 651 745 babeo
674 679 850 745 absolutum
873 702 984 755 suave,
1014 680 1089 745 mibi
1119 681 1245 766 quidem
1273 682 1319 746 uti
1347 683 1487 758 videtur,

142 775 243 853 sinor
264 775 302 839 ad
325 779 508 852 Caesarem
540 773 596 839 sed
617 794 737 861 quaero
758 773 945 859 locupletem
967 773 1179 847 tabellarium,
1202 797 1241 840 ne
1264 777 1381 841 accidat
1402 778 1487 864 quod

166 869 319 954 Erigonae
340 876 426 943 tuae,
458 869 509 932 cui
531 868 609 941 soli,
643 872 774 933 Caesare
797 867 1002 953 imperatore,
1036 868 1096 933 iter
1118 888 1159 932 ex
1182 868 1280 935 Gallia
1302 879 1400 934 tutum
1423 892 1486 936 uon

163 961 231 1028 fuit.
285 966 315 1027 7.
332 967 365 991 '¹'
381 962 488 1039 Quidi
521 961 548 1025 si
576 970 770 1026 caementum
804 960 921 1026 bonum
948 984 1011 1027 non
1039 961 1188 1033 babeam,
1216 962 1380 1028 deturbem
1402 964 1487 1028 aedi·

163 1055 289 1121 licium?
322 1055 406 1142 quod
429 1054 556 1142 quidem
577 1054 652 1119 mibi
674 1052 815 1140 quotidie
837 1054 935 1140 magis
957 1055 1076 1140 placet,
1106 1055 1137 1119 iu
1159 1056 1331 1143 primisque
1354 1056 1485 1122 inferior

162 1154 302 1236 porticus
334 1152 453 1214 eteius
475 1149 632 1214 conclavia
661 1147 739 1213 fiunt
759 1159 854 1213 recte.
908 1153 955 1212 lle
976 1154 1116 1221 Arcano,
1147 1149 1288 1214 Caesaris
1317 1172 1396 1237 opus
1419 1160 1484 1222 est,

128 1243 213 1309 sorel
235 1242 413 1309 mehercule
442 1243 536 1308 etiam
568 1242 767 1328 elegantioris
789 1242 935 1308 alicuius.
992 1243 1145 1328 Imagines
1176 1243 1259 1308 enim
1280 1244 1358 1308 istae
1380 1254 1411 1309 et
1431 1266 1486 1330 pa·
1589 1315 1592 1321 ,

162 1337 274 1404 laestra
295 1346 327 1402 et
347 1336 465 1423 piscina
485 1346 517 1401 et
537 1336 619 1400 nilus
641 1335 811 1400 multorum
833 1334 1071 1401 Philotimorum
1094 1345 1158 1411 est,
1193 1357 1255 1400 non
1277 1337 1485 1423 Diphilorum.

163 1429 225 1496 Sed
245 1440 276 1495 et
296 1429 356 1515 ipsi
377 1452 414 1494 ea
436 1428 590 1494 adibimus
611 1439 643 1493 et
663 1429 822 1494 mittemus
844 1439 875 1494 et
895 1429 1120 1495 mandabimus.
1163 1433 1193 1494 8.
1208 1435 1254 1494 De
1269 1431 1379 1495 Felicis
1394 1439 1484 1496 testa·

162 1532 267 1589 mento
289 1534 354 1588 tum
376 1525 473 1608 magis
495 1543 644 1609 querare,
678 1522 705 1586 si
727 1522 816 1587 scias.
873 1525 960 1601 Quas
985 1523 1068 1588 enirn
1091 1522 1211 1588 tabulas
1232 1543 1267 1586 se
1288 1523 1485 1608 putavitob-

161 1617 300 1702 signare,
329 1616 397 1698 †in
426 1616 543 1702 quibus
570 1616 602 1680 in
630 1616 731 1681 unciis
760 1615 973 1682 firmissimum
1001 1627 1088 1682 tenes
1116 1638 1192 1682 vero
1219 1618 1323 1702 lapsus
1351 1626 1399 1681 est
1426 1638 1485 1702 per

127 1730 153 1769 u
161 1731 303 1777 errorem
332 1719 363 1775 et
389 1730 480 1774 suum
512 1720 543 1774 et
572 1709 700 1774 Sicurae
726 1710 810 1775 servi
832 1746 870 1756 —
895 1731 957 1776 nou
978 1709 1170 1796 obsignavit;
1193 1731 1271 1796 quas
1292 1709 1409 1782 noluit,
1432 1731 1485 1775 eas

161 1802 345 1889 obsignavit.
392 1805 486 1868 ’Ait’
515 1814 691 1888 οἰμωςέτω·
721 1825 779 1869 nos
805 1802 900 1869 modo
928 1805 1096 1869 valeamus.
1143 1807 1172 1868 9.
1196 1804 1377 1870 Ciceronem
1400 1811 1431 1866 et
1451 1815 1486 1870 ut

161 1916 255 1982 rogas
282 1917 354 1961 amo
383 1905 413 1960 et
436 1905 470 1960 ut
489 1908 631 1961 meretur
652 1907 683 1962 et
705 1896 818 1963 debeo.
866 1896 995 1963 llimitto
1017 1907 1120 1963 autem
1143 1918 1160 1961 a
1184 1919 1251 1972 me,
1274 1905 1306 1961 et
1326 1904 1361 1959 ut
1382 1917 1400 1959 a
1422 1917 1486 1960 ma-

160 1989 266 2074 gistris
295 2011 334 2054 ne
355 1987 505 2054 abducam
529 2002 560 2055 et
580 1989 665 2076 quod
688 2000 788 2055 mater
815 1990 962 2072 iPorcia
984 2011 1047 2055 non
1069 1989 1218 2066 discedit,
1242 1991 1309 2056 sine
1331 2012 1391 2075 qua
1414 1990 1486 2054 eda-

161 2082 282 2148 citatem
314 2082 405 2168 pueri
434 2088 632 2168 pertimesco.
688 2083 749 2149 Sed
772 2105 879 2149 sumus
900 2104 962 2148 una
984 2092 1086 2149 tamen
1109 2085 1198 2150 valde
1226 2084 1368 2150 multum.
1426 2089 1486 2149 lie-

124 2195 151 2232 m
160 2175 272 2261 scripsi
293 2175 332 2240 ad
354 2176 468 2241 omnia.
511 2176 553 2242 bii
575 2177 759 2242 suavissimo
781 2187 813 2244 et
834 2176 951 2263 optime
972 2176 1086 2251 frater,
1109 2179 1188 2245 vale.

378 2295 474 2306 a—..,.

230 2357 257 2406 5.
272 2356 437 2405 tabellarium
447 2357 561 2419 accipiat
573 2359 641 2421 qnod
653 2372 714 2423 erpo
725 2366 817 2408 nactus
829 2359 899 2421 quod
910 2361 932 2407 si
945 2359 971 2409 Μ
992 2355 1028 2420 (r.
1042 2361 1067 2408 si
1081 2373 1215 2423 superscr.
1229 2357 1300 2422 soii),
1319 2358 1486 2408 tabellarium

161 2428 274 2489 accipiat
292 2427 361 2488 qnod
377 2440 424 2489 epo
440 2434 533 2475 nactas
550 2429 652 2490 quodsi
665 2428 696 2486 ll,
716 2429 882 2478 tabellarium
899 2431 1021 2491 accipiat,
1041 2430 1110 2493 quod
1128 2444 1188 2494 erpo
1206 2436 1297 2479 nactas
1315 2428 1448 2492 qnodsoio
1461 2429 1483 2477 l.

163 2496 340 2546 {mandatum
359 2502 400 2545 est
418 2509 448 2545 es
469 2503 544 2558 parte
564 2498 591 2546 in
610 2511 665 2560 mg.
685 2498 842 2558 Cratandri,
862 2498 942 2560 plene
960 2513 976 2548 s
996 2499 1123 2550 Victoria.
1145 2523 1173 2533 -
1207 2499 1233 2549 d.
1254 2506 1338 2548 totam
1357 2498 1431 2547 billi.
1454 2522 1482 2532 -

160 2566 188 2616 ’i-
207 2564 375 2629 eaemmtaml
396 2578 485 2615 canem
503 2573 558 2615 tam
576 2567 637 2618 titt.
657 2567 834 2618 Emendatum
853 2574 893 2618 est
913 2570 965 2618 iam
987 2569 1013 2618 io
1033 2569 1055 2619 l.
1086 2593 1112 2602 -
1152 2569 1269 2618 baberem
1285 2569 1360 2620 Mitt.
1385 2568 1485 2617 Emen-

162 2636 260 2685 dsrunt
279 2635 426 2684 Lambinus
444 2640 470 2685 et
489 2634 636 2686 Ernestins.
659 2662 682 2671 -
723 2639 872 2688 deturbem
891 2652 931 2700 pr.
952 2639 989 2688 Μ.
1013 2662 1040 2672 -
1078 2638 1104 2688 ⁸.
1123 2639 1187 2687 mibi
1205 2640 1318 2702 quotidie
1336 2638 1381 2687 bis
1400 2638 1486 2701 qnoti-

161 2706 203 2756 die
220 2706 284 2754 mibi
302 2704 352 2764 lli,
371 2706 435 2754 mibi
452 2719 506 2755 om.
528 2707 558 2756 a.
581 2732 609 2743 -
648 2703 957 2769 elmanensem,
976 2708 1099 2757 inbisl.
1124 2731 1150 2741 -
1180 2708 1392 2759 lauantemne
1409 2705 1482 2755 Mlti.

163 2774 321 2825 limeudsrit
346 2775 493 2825 Manutius.
528 2802 555 2812 -
595 2776 706 2841 Deficitis
724 2777 761 2828 Μ.
792 2799 825 2813 -
861 2778 905 2827 13.
924 2779 1114 2841 querereliei
1134 2792 1172 2841 pr.
1194 2778 1239 2838 Μ,
1269 2791 1380 2842 quaeras
1398 2777 1420 2826 l·
1453 2799 1484 2812 -

164 2869 194 2881 -
216 2842 296 2907 Quam]
318 2845 390 2894 Duos
408 2846 439 2894 li.
461 2870 490 2882 -
526 2853 623 2909 putant
643 2847 663 2895 Ι.
686 2871 713 2881 -
741 2846 1248 2899 1b.teaesverobllll:termerntli.
1276 2847 1330 2898 Cir.
1351 2847 1383 2896 ad
1404 2847 1484 2896 aitte.

162 2914 195 2974 7,
214 2915 240 2965 2.
289 2913 363 2964 Latet
384 2916 428 2963 hic
447 2916 538 2965 nescio
556 2916 620 2978 quid
640 2917 673 2966 de
691 2917 838 2966 hereditate
857 2917 1033 2967 Ciceronibus
1057 2918 1099 2968 vel
1118 2918 1249 2968 ambobus
1267 2919 1309 2967 rel
1328 2917 1449 2966 alterutri
1468 2930 1484 2965 s

164 2982 253 3034 Felice
278 2982 375 3033 irnstss
399 2985 547 3045 destinata,
576 2987 611 3035 ita
636 2993 663 3035 ut
688 2989 706 3035 ii
725 2987 767 3036 vel
785 3001 818 3036 aa
835 2987 928 3038 deunce
953 2986 995 3036 vel
1013 3000 1046 3036 ea
1063 2990 1178 3038 tmncia
1196 2990 1229 3037 ab
1249 2988 1295 3038 illo
1314 2988 1375 3037 iacti
1395 2990 1486 3036 esseut

163 3054 285 3103 heredes.
323 3054 374 3104 Os·
408 3078 434 3088 —
481 3056 523 3105 15.
543 3055 631 3105 Sicare
655 3058 684 3106 it.
715 3083 744 3093 -
782 3057 864 3106 voluit
892 3058 911 3106 l.
942 3082 970 3093 -
1019 3058 1060 3107 17.
1080 3064 1106 3107 et
1132 3058 1208 3107 debeo
1226 3058 1291 3109 itit:
1319 3066 1343 3107 et
1361 3064 1390 3106 nt
1408 3057 1484 3106 debeo

163 3122 207 3172 lli.
244 3146 268 3156 -
310 3123 352 3173 18.
373 3123 451 3187 qnod]
471 3126 539 3189 qnod
557 3128 623 3174 enim
642 3127 663 3175 1.
694 3153 722 3163 -
760 3127 854 3176 Portia
871 3141 925 3176 noo
941 3126 1048 3176 discedit
1066 3128 1144 3177 bitti:
1165 3129 1309 3190 Pomponia
1326 3129 1433 3177 discedit
1453 3127 1483 3176 li.

164 3192 369 3242 Emendsndum
388 3195 428 3243 sei
448 3202 532 3245 mater
549 3193 631 3244 ltomd
649 3211 704 3244 noa
721 3198 827 3246 discedit
847 3197 889 3246 rel
919 3194 1019 3259 (deleto
1037 3197 1105 3248 ialso
1124 3197 1217 3259 gloss.)
1233 3205 1318 3248 mater
1334 3211 1389 3246 noo
1406 3198 1484 3246 disce-

162 3263 212 3312 dit.
244 3262 293 3312 Οιι.
316 3289 344 3298 -
384 3264 425 3313 lii.
447 3265 573 3327 liescripsi
590 3291 601 3301 ·
619 3291 630 3301 ·
647 3266 705 3315 vale
723 3266 760 3314 V:
790 3268 915 3329 descripsi
933 3267 968 3316 ad
986 3270 1090 3327 omnia,
1108 3269 1145 3316 mi
1162 3281 1184 3316 s.
1203 3274 1228 3316 et
1247 3281 1271 3316 o.
1290 3268 1384 3330 frater.
1424 3267 1484 3316 Vale

163 3330 216 3391 lil,
237 3334 363 3394 descripsi
380 3335 416 3382 ad
434 3336 536 3393 omnia,
555 3337 592 3383 mi
609 3348 630 3384 s.
651 3344 674 3385 et
694 3349 718 3385 o.
737 3337 822 3399 frater
841 3334 953 3399 (omisso
969 3335 1037 3399 nais)
1057 3337 1089 3387 Ε.
1122 3335 1177 3387 Cir.
1190 3351 1270 3399 supra
1284 3351 1309 3399 p·
1324 3336 1385 3385 353.
1400 3351 1424 3386 s.
1439 3337 1482 3386 29.

166 3426 193 3438 —
219 3402 263 3452 20.
282 3404 358 3452 micbi
378 3405 413 3453 Μ.
435 3430 466 3440 -
494 3404 533 3453 lie
549 3405 646 3456 ordine
665 3405 845 3469 Epistolarssm
864 3408 897 3456 ad
916 3407 1045 3469 Quintum
1064 3406 1174 3456 irstsem
1201 3407 1313 3457 consule
1333 3406 1484 3455 llditionem

165 3471 282 3541 priorem
304 3487 364 3536 psg.
390 3473 443 3522 iiia
462 3487 520 3537 sqq.
