3256 5400
181 216 245 283 218
608 212 884 291 nalsaountnl
904 216 957 279 AD
978 216 1070 283 ΒΑΜ.

180 372 376 460 periculique
396 371 545 437 mcietate
565 368 622 437 sed
642 370 736 437 etiam
757 371 851 437 buius
872 371 1023 458 temporis
1037 369 1142 438 studio
1163 379 1196 438 et
1208 370 1334 437 virtute.
1376 371 1501 438 Primus

181 467 265 533 enim
297 485 358 550 ego
388 465 475 550 leges
502 464 651 531 Antonias
681 463 777 549 lregi3
813 464 935 551 primus
966 464 1138 551 equitatum
1170 464 1348 530 Dolabellae
1370 465 1409 530 ad
1431 487 1502 531 rem

180 559 337 646 publicam
364 557 491 624 traduxi
517 556 687 644 Cassioque
713 556 845 635 tradidi;
880 557 1002 644 primus
1030 557 1168 623 delectus
1196 556 1291 623 babni
1320 580 1379 644 pro
1401 559 1501 625 salute

182 652 321 721 omnium
343 659 452 718 oontm
473 649 722 717 coniurationem
743 651 1029 728 sceleratissimam
1051 650 1137 716 solus
1160 650 1266 716 Cassio
1288 660 1319 716 et
1337 652 1386 717 rei
1400 652 1504 740 publi·

158 760 235 812 ⁵oae
258 745 380 834 Syriam
401 744 638 830 exercitusque,
667 749 720 830 qui
742 743 787 810 ibi
809 752 913 819 erant,
945 743 1104 809 coniunxi.
1158 749 1253 819 Nam,
1274 745 1333 811 nisi
1355 766 1416 830 ego
1438 756 1505 811 tan-

154 849 243 906 .tam
271 843 433 926 pecuniam
460 846 605 922 tantaque
633 837 790 923 praesidia
816 846 848 903 et
875 846 937 902 tam
959 836 1104 901 celeriter
1125 837 1232 903 Cassio
1254 837 1428 915 dedissem,
1464 861 1503 905 ne

179 954 273 999 ausus
302 932 427 1019 quidem
457 942 539 997 esset
566 932 614 996 ire
640 931 673 997 in
702 931 843 1019 Syriam,
880 940 912 995 et
938 951 1020 994 nunc
1047 951 1111 996 non
1140 931 1262 996 minora
1283 931 1423 1017 pericula
1454 933 1503 997 rei

178 1025 322 1115 publicae
344 1049 362 1091 a
390 1025 551 1091 Dolabella
577 1026 728 1090 instarent
749 1046 842 1109 quam
863 1023 903 1088 ab
923 1023 1070 1089 Antonio.
1123 1028 1154 1089 7.
1175 1029 1276 1110 Atque
1297 1025 1374 1091 baec
1395 1027 1502 1092 omnia

179 1119 295 1194 isleci,
316 1120 371 1207 qui
391 1118 507 1185 sodalis
521 1129 552 1183 et
568 1118 827 1184 familiarissimus
841 1116 1022 1183 Dolabellae
1034 1138 1130 1192 eram,
1148 1118 1419 1185 coniunctissimus
1434 1140 1505 1184 san-

145 1230 170 1271 ¹⁰
179 1215 273 1302 guine
285 1215 447 1289 Antoniis,
463 1214 657 1301 provinciam
671 1233 798 1299 quoque
811 1211 936 1277 illorum
947 1209 1100 1276 beneficio
1110 1210 1278 1286 habebam,
1293 1211 1350 1276 sed
1357 1218 1502 1295 πατρίδα

178 1310 259 1394 ἐμὴν
277 1315 405 1392 μᾶλλον
426 1313 533 1389 φιλῶν
554 1306 699 1373 omnibus
713 1305 792 1371 meis
807 1304 923 1370 bobum
938 1305 1060 1391 primus
1074 1303 1184 1371 indixi.
1226 1308 1311 1370 Haec
1328 1311 1385 1371 etsi
1400 1305 1502 1371 adbuc

178 1424 243 1470 non
263 1422 376 1486 magno
398 1423 495 1488 opere
518 1400 594 1465 mibi
616 1400 723 1466 tulisse
744 1398 880 1465 fructum
902 1398 1134 1472 animadverto,
1156 1407 1259 1463 tamen
1281 1420 1345 1465 non
1367 1399 1502 1487 despero

178 1518 237 1562 nee
265 1495 461 1579 defetigabor
489 1515 675 1580 permanere
702 1514 766 1559 non
794 1493 895 1558 solum
917 1493 951 1558 in
971 1492 1078 1558 studio
1097 1490 1251 1557 libertatis
1272 1491 1329 1556 sed
1350 1497 1445 1558 etiam
1467 1493 1501 1559 in

179 1588 288 1656 labore
309 1598 340 1654 et
365 1588 522 1675 periculis.
563 1593 707 1653 Attamen
727 1591 754 1654 si
776 1592 868 1652 etiam
889 1587 993 1673 aliqua
1014 1586 1116 1672 gloria
1137 1586 1219 1652 iusta
1241 1594 1272 1650 et
1293 1585 1406 1650 merita
1427 1607 1503 1671 pro-

145 1698 171 1738 ¹⁸
179 1683 362 1750 vocabimur
389 1691 513 1747 senatus
540 1690 571 1746 et
600 1679 710 1767 optimi
738 1685 889 1766 cuiusque
915 1680 1041 1755 olbciis,
1078 1684 1198 1745 maiore
1224 1700 1295 1743 cunr
1317 1678 1502 1744 auctoritate

179 1777 261 1865 apud
283 1787 404 1841 ceteros
425 1780 542 1840 erimus
564 1781 596 1838 et
617 1794 656 1839 eo
672 1773 742 1858 plus
764 1774 914 1859 prodesse
936 1772 1148 1860 reipublicae
1170 1771 1354 1860 poterimus.
1399 1775 1429 1837 8.
1452 1773 1501 1838 Fi·

178 1870 254 1937 lium
276 1879 380 1944 tuum,
417 1868 457 1933 ad
477 1874 608 1933 Brubrm
628 1886 700 1931 cum
721 1867 810 1943 veni,
839 1866 947 1933 videre
969 1887 1032 1932 nou
1053 1867 1159 1953 potui,
1182 1865 1255 1931 ideo
1277 1863 1361 1950 quod
1383 1865 1503 1931 iamin

178 1963 308 2029 hiberna
329 1983 400 2028 cum
422 1959 580 2048 equitibus
602 1969 670 2026 erat
690 1960 863 2045 prolectns;
885 1960 941 2026 sed
963 1958 1179 2026 mediusfidius
1201 1980 1237 2024 ea
1260 1980 1329 2023 esse
1345 1980 1416 2024 eum
1433 1958 1503 2046 opi-

178 2057 273 2122 nione
294 2066 325 2121 et
347 2067 398 2123 tua
420 2066 451 2121 et
470 2055 570 2141 ipsius
591 2064 623 2119 et
643 2053 676 2119 in
696 2054 807 2140 primis
828 2075 898 2120 mea
918 2075 1010 2120 causa
1025 2053 1158 2140 gaudeo.
1200 2056 1317 2118 Fratris
1330 2053 1414 2118 enim
1428 2053 1501 2119 loco

140 2149 255 2215 tomibi
287 2158 347 2226 est,
376 2149 431 2236 qui
458 2171 500 2216 ex
528 2158 559 2212 te
580 2156 670 2213 natus
691 2156 785 2233 teque
806 2148 918 2234 dignus
939 2158 996 2216 est.
1038 2149 1124 2216 Vale.
1166 2153 1204 2214 D.
1227 2165 1295 2212 nn.
1316 2146 1385 2212 Kal.
1407 2151 1498 2224 lun..

178 2247 307 2329 Pergae.

646 2385 711 2448 xv.
755 2382 805 2462 (A.
831 2385 863 2448 a.
887 2386 919 2448 c.
940 2380 1027 2467 nr.)

176 2510 212 2573 P.
231 2509 431 2572 LENTULUS
452 2510 486 2571 P.
507 2509 540 2570 F.
562 2506 683 2581 PROQ.
705 2507 844 2570 PROPR.
867 2507 897 2568 S.
920 2509 957 2570 D.
980 2506 1066 2571 COS.
1087 2506 1147 2569 PR.
1165 2509 1226 2571 Ta.
1243 2505 1301 2568 PL.
1320 2511 1501 2587 SENATUI,

617 2598 772 2663 POPULO
802 2601 996 2676 PLEBIQUE
1022 2603 1058 2663 Β.

140 2733 170 2774 aa
263 2714 292 2776 1.
336 2713 367 2775 S.
388 2715 425 2776 V.
446 2713 482 2775 L.
503 2716 540 2777 V.
562 2715 601 2776 V.
623 2714 658 2775 Β.
678 2714 715 2775 E.
735 2714 773 2775 V.
823 2709 947 2775 Scelere
968 2708 1149 2775 Dolabellae
1171 2732 1322 2798 oppressa
1341 2714 1434 2790 Asia,
1467 2712 1502 2777 in

177 2804 355 2890 proximam
382 2803 575 2888 provinciam
603 2801 817 2868 Macedoniam
844 2801 1063 2888 praesidiaque
1085 2804 1313 2890 reipublicae,
1350 2828 1431 2894 quae
1458 2809 1501 2872 bl.

177 2905 292 2964 Brutus
320 2903 357 2963 V.
386 2901 420 2964 C.
448 2897 588 2972 tenebat,
625 2919 677 2962 me
705 2895 819 2961 contuli
849 2905 880 2960 et
907 2894 939 2960 id
963 2895 1029 2980 egi,
1065 2905 1118 2971 nt,
1153 2919 1212 2983 per
1234 2921 1313 2986 quos
1334 2901 1500 2967 celerrime

176 3000 319 3081 possent,
342 2991 415 3056 alsia
436 2991 596 3076 provincia
618 2989 842 3075 vectigaliaque
862 2988 895 3053 in
915 2997 1053 3054 vestram
1068 2999 1253 3075 potestatem
1270 2994 1499 3079 redigerentur.

178 3084 274 3164 Quod
294 3105 365 3148 cum
385 3084 596 3168 pertimuisset
617 3081 793 3157 Dolabella,
819 3090 937 3147 vastata
959 3083 1136 3169 provincia,
1165 3088 1320 3172 correptis
1342 3086 1500 3173 vectigali-

140 3176 252 3253 aobus,
289 3178 457 3263 praecipue
486 3175 607 3242 civibus
635 3176 782 3242 Romanis
805 3174 950 3242 omnibus
972 3174 1189 3242 crudelissime
1211 3178 1375 3247 denudatis
1396 3203 1433 3247 ac
1454 3180 1502 3246 di·

178 3272 327 3347 venditis,
349 3271 547 3358 celeriusque
568 3271 641 3337 Asia
659 3271 863 3345 excessisset,
884 3291 977 3356 quarn
994 3290 1033 3334 eo
1048 3272 1239 3356 praesidium
1255 3274 1366 3341 adduci
1382 3274 1502 3361 potuis-

177 3374 244 3442 set,
266 3365 383 3431 diutius
404 3365 523 3431 morari
544 3373 598 3430 aut
619 3375 802 3451 exspectare
817 3364 1009 3450 praesidium
1024 3385 1088 3430 non
1103 3387 1231 3431 necesse
1248 3368 1343 3436 habui
1358 3377 1389 3433 et
1399 3366 1501 3454 'quam

177 3459 313 3545 primum
335 3459 375 3525 ad
396 3481 502 3525 meum
523 3458 661 3525 officium
682 3457 904 3523 revertendum
926 3457 1004 3523 mihi
1027 3480 1095 3524 esse
1112 3460 1303 3537 existimavi,
1326 3472 1361 3527 ut
1382 3470 1413 3525 et
1427 3460 1502 3526 reli·

178 3573 240 3639 qua
260 3553 424 3638 vectigalia
445 3553 606 3638 exigerem
628 3563 660 3618 et
680 3573 774 3639 quam
796 3550 928 3638 deposui
949 3552 1114 3636 pecuniam
1130 3553 1325 3640 colligerem,
1349 3552 1503 3640 quidquid

140 3667 220 3712 »aex
251 3667 288 3710 ea
321 3657 500 3732 correptum
527 3656 610 3712 esset
640 3655 694 3712 aut
720 3665 857 3732 quorum
883 3644 915 3709 id
948 3645 1039 3731 culpa
1062 3646 1241 3724 accidisset,
1277 3668 1501 3732 cognoscerem

178 3761 271 3826 quam
292 3741 428 3826 primum
452 3750 483 3806 et
504 3763 560 3807 vos
583 3741 622 3806 de
643 3744 729 3804 omni
750 3761 786 3804 re
800 3738 936 3804 lacerem
951 3739 1113 3806 certiores.
1156 3746 1187 3807 2.
1209 3740 1338 3807 loterim
1355 3761 1426 3805 cnm
1443 3760 1502 3824 per

176 3832 295 3899 insulas
326 3833 357 3898 in
385 3833 490 3899 Asiam
519 3833 677 3919 naviganti
709 3833 786 3898 mibi
815 3837 990 3899 nuntiatum
1013 3844 1096 3898 esset
1117 3835 1246 3900 classem
1268 3831 1447 3899 Dolabellae
1468 3831 1502 3897 in

175 3926 271 4014 Lycia
298 3948 367 3992 esse
395 3926 597 4012 Rhodiosque
625 3948 720 3992 naves
747 3927 925 4013 complures
956 3928 1122 3994 instructas
1153 3939 1184 3994 et
1211 3937 1334 4015 paratas
1366 3926 1399 3991 in
1421 3947 1501 4013 aqua

177 4018 315 4097 babere,
337 4042 408 4085 cum
430 4021 468 4085 iis
490 4019 640 4097 navibus,
663 4042 739 4106 quas
761 4029 815 4085 aut
835 4041 959 4085 mecum
977 4020 1169 4087 adduxeram
1191 4032 1245 4087 aut
1266 4029 1502 4107 comparaverat

138 4112 314 4179 aoPatiscns
344 4134 453 4199 proq.,
489 4113 586 4179 bomo
614 4112 691 4178 mibi
718 4134 788 4179 curn
810 4113 1021 4180 familiaritate
1044 4124 1108 4181 tum
1130 4117 1223 4181 etiarn
1246 4114 1390 4181 sensibus
1410 4113 1444 4178 in
1465 4134 1502 4177 re

176 4204 302 4292 publica
329 4206 621 4280 coniunctissimus,
658 4206 802 4273 Rhodum
841 4210 979 4283 reverti,
1016 4210 1152 4275 confisus
1180 4210 1366 4275 auctoritate
1399 4216 1501 4272 vestra

175 4308 363 4386 senatusque
385 4301 548 4379 consulto,
586 4322 649 4388 quo
671 4300 793 4366 bostem
815 4300 1010 4367 Dolabellam
1031 4302 1230 4379 iudicaretis,
1269 4302 1399 4368 loedere
1422 4321 1500 4387 quo-

247 4508 290 4556 11.
317 4509 413 4558 induet
431 4509 468 4560 Μ.
497 4537 529 4547 -
566 4511 611 4561 13.
630 4511 791 4576 defatigabor
809 4511 855 4562 M:
886 4513 1052 4576 defatigabor
1072 4514 1101 4564 Β.
1127 4537 1157 4549 -
1194 4514 1239 4562 Do.
1270 4526 1327 4563 nar.
1354 4511 1421 4563 Nora.
1442 4513 1501 4561 lara.

177 4574 321 4628 strothius.
353 4603 384 4614 -
421 4579 466 4630 21.
485 4580 558 4630 Fort-
578 4581 672 4644 Pergo.
692 4582 744 4632 Oa.
777 4605 807 4616 -
843 4583 885 4632 25.
904 4582 930 4633 S.
954 4584 982 4632 V.
1002 4583 1033 4632 l..
1056 4584 1086 4633 V.
1107 4585 1138 4633 V.
1157 4583 1190 4633 Β.
1210 4584 1242 4632 Β.
1264 4585 1294 4633 V.
1315 4582 1361 4633 M:
1382 4583 1410 4632 Si
1428 4582 1502 4632 vole·

177 4647 212 4696 ra
229 4646 351 4711 liberique
377 4649 408 4698 V.
438 4650 468 4700 V.
487 4651 520 4700 Β.
539 4651 572 4700 Β.
594 4651 624 4700 V.
645 4651 683 4710 Β,
714 4651 743 4701 S.
765 4652 796 4701 V.
817 4651 847 4702 D.
870 4652 901 4716 Q.
926 4653 955 4703 V.
976 4652 1006 4702 V.
1025 4653 1058 4702 Β.
1078 4655 1110 4703 Β.
1130 4654 1163 4703 Β.
1184 4653 1215 4715 Q.
1240 4653 1268 4702 V.
1289 4648 1499 4702 Lambinus.'-

176 4714 223 4766 aa.
239 4725 345 4778 possem
362 4718 410 4770 al:
427 4726 513 4781 ponet
531 4719 565 4770 Β.
584 4746 612 4756 -
652 4721 696 4772 29.
716 4728 741 4771 et
759 4728 867 4772 costato
884 4747 896 4758 ·
913 4747 925 4759 ·
943 4749 953 4760 ·
970 4722 1077 4772 celerior
1094 4724 1157 4773 Aeto
1174 4723 1320 4779 Manutius,
1342 4723 1500 4779 Lambinus,

177 4784 329 4848 Madvigius
356 4788 378 4838 1.
406 4803 434 4852 p.
460 4789 521 4840 lar.
554 4812 585 4826 -
620 4789 665 4841 30.
685 4804 718 4841 oc
733 4792 864 4842 momoria
881 4792 1041 4843 Lambinus.
1074 4817 1105 4830 -
1140 4793 1185 4844 39.
1203 4795 1237 4844 to
1254 4794 1299 4846 lt:
1319 4795 1358 4842 lo'a
1376 4792 1436 4843 ΜΒ.
1466 4816 1501 4829 -

177 4854 222 4906 lt)-
239 4869 318 4923 proq-
337 4854 399 4923 (μυ
417 4857 628 4925 quaestorem:
644 4868 820 4926 proqaoartor
837 4861 869 4912 Β.
