3256 5400
642 217 716 280 Lto.
737 214 818 280 Vlll.
860 217 920 279 Er.
945 217 993 280 12.
1415 222 1477 283 oto

158 375 245 441 riliee
275 383 307 439 et
337 375 424 460 large
456 372 643 459 responderi
674 371 830 448 viderem,
863 373 940 439 duxi
969 394 1072 439 meam
1099 374 1269 456 rationem;
1305 397 1398 464 φιιιιι
1420 378 1478 444 tibi

158 468 247 533 lacile
269 488 319 532 me
340 466 545 553 probaturum
573 487 632 552 pro
661 476 716 532 tuo
745 467 778 532 in
798 487 849 533 me
870 466 1023 535 beneficio
1048 469 1233 536 arbitrabar.
1275 474 1476 539 Memineram

159 583 209 627 me
232 583 300 627 esse
322 583 436 637 unum,
471 560 525 646 qui
547 581 606 647 pro
627 561 706 626 meis
727 560 876 626 maximis
898 562 930 625 iu
951 582 1018 626 rem
1040 562 1197 648 publicam
1219 566 1339 632 meritis
1360 567 1478 652 suppli-

157 656 205 719 cia
226 655 402 720 miserrima
424 662 456 719 et
476 653 692 719 crudelissima
714 654 926 740 pertulissem
949 676 999 721 me
1021 677 1090 722 esse
1107 679 1221 733 uuum,
1244 659 1315 744 qui,
1338 660 1365 724 si
1379 660 1478 726 olien-

157 749 272 813 disscm
294 747 363 812 eius
384 746 538 822 animum,
561 747 627 819 cui,
651 768 721 812 cum
743 747 805 811 iam
827 751 859 812 iu
881 749 976 815 armis
998 770 1154 826 essemus,
1176 755 1354 818 consulatus
1373 762 1498 818 tamen*

157 843 236 906 alter
258 849 292 909 et
309 841 486 926 triumphus
507 841 716 927 amplissimus
746 839 964 917 deserebatur,
997 841 1172 908 subiicerer
1192 844 1310 910 eisdem
1332 847 1475 931 proeliis3

157 945 190 999 ut
212 956 280 999 mea
307 955 442 1021 persona
470 955 595 1021 semper
616 935 656 1000 ad
677 934 896 1021 improborum
917 935 1031 1001 civium
1054 937 1189 1024 impetus
1216 939 1334 1024 aliquid
1355 939 1478 1004 videre-

156 1026 347 1093 turbabere
369 1028 530 1114 populare.
573 1035 674 1115 Atque
695 1029 772 1094 baec
794 1049 857 1094 nou
878 1048 938 1113 ego
959 1030 1047 1114 prius
1069 1051 1138 1095 sum
1160 1033 1354 1118 suspicatus,
1384 1053 1475 1119 quam

156 1122 233 1187 mibi
255 1122 356 1209 palam
378 1122 556 1187 denuntiata
578 1132 669 1199 suut;
692 1143 795 1208 neque
817 1143 854 1187 ea
875 1132 937 1187 tam
956 1123 1119 1208 pertimui,
1142 1126 1170 1190 si
1184 1124 1346 1191 subeunda
1364 1138 1475 1202 essent,

156 1237 250 1304 quam
284 1215 467 1281 declinanda
494 1216 619 1301 putavi,
654 1216 681 1280 si
709 1215 839 1281 honeste
871 1216 969 1281 vitare
991 1236 1126 1302 possem.
1169 1221 1199 1283 8.
1223 1221 1324 1297 Quam
1348 1219 1474 1299 brevem
1486 1227 1512 1266 ¹⁰

155 1311 238 1376 illius
260 1310 430 1394 temporis,
463 1309 538 1374 dum
559 1309 591 1373 in
613 1329 668 1394 spe
689 1328 750 1393 pax
773 1307 848 1381 fuit,
889 1308 1044 1373 rationem
1065 1317 1204 1375 nostram
1226 1311 1331 1390 vides;
1361 1312 1475 1398 reliqui

155 1404 331 1470 facultatem
353 1424 405 1468 res
426 1401 552 1468 ademit.
595 1407 636 1466 lis
657 1412 780 1474 autem,
803 1400 916 1487 quibus
939 1422 1002 1467 nou
1023 1403 1200 1479 satisfacio,
1234 1404 1324 1469 iacile
1345 1425 1475 1490 respon-

155 1499 232 1564 deo:
262 1518 364 1582 neque
393 1496 476 1561 enim
509 1516 569 1580 ego
591 1494 722 1560 amicior
744 1498 777 1560 C.
801 1495 925 1560 Caesari
946 1516 1084 1580 unquam
1105 1495 1153 1562 sui
1175 1519 1268 1584 quam
1289 1498 1351 1574 iili;
1373 1518 1476 1585 neque

153 1593 198 1656 illi
219 1591 383 1656 amiciores
404 1589 453 1654 rei
474 1588 616 1675 publicae
645 1609 739 1674 quam
766 1608 835 1672 ego.
879 1592 947 1653 Hoc
972 1589 1054 1654 inter
1083 1612 1134 1655 me
1161 1602 1193 1657 et
1223 1592 1294 1657 iilos
1328 1591 1470 1664 interest,

153 1684 253 1769 quod,
276 1704 346 1748 cum
370 1692 401 1748 et
422 1682 466 1747 iili
488 1682 573 1747 cives
595 1680 706 1767 optimi
728 1681 791 1746 siut
812 1691 844 1746 et
864 1702 924 1766 ego
946 1680 985 1746 ab
1007 1683 1067 1748 ista
1088 1684 1180 1750 laude
1198 1706 1262 1750 non
1276 1684 1392 1760 absim,
1414 1698 1511 1769 ego¹³

153 1776 407 1852 condicionibus,
445 1777 530 1863 quod
560 1776 644 1843 idem
674 1789 704 1840 te
738 1775 953 1841 intellexeram
982 1778 1078 1853 velle,
1113 1779 1158 1844 illi
1187 1780 1281 1845 armis
1310 1779 1474 1866 disceptari

152 1871 339 1937 maluerunt
383 1874 472 1950 Quae
494 1872 642 1959 quoniam
664 1870 745 1936 ratio
768 1868 857 1942 vicit,
880 1868 1039 1955 perficiam
1061 1871 1220 1957 proieclo,
1242 1883 1277 1938 ut
1298 1895 1400 1961 neque
1421 1895 1474 1939 res

105 2039 108 2049 ,
153 1964 277 2050 publica
298 1965 375 2031 civis
397 1988 415 2031 a
437 1987 489 2031 me
510 1965 649 2031 animum
670 1985 773 2051 neque
795 1973 830 2029 tu
849 1964 940 2030 amici
961 1964 1132 2032 desideres.

622 2109 693 2171 ru.
735 2106 786 2188 (A.
813 2108 845 2170 n
867 2107 899 2171 c.
921 2105 1006 2192 ros.)

630 2229 773 2295 ClCEilO
794 2228 938 2293 ATTICO
963 2228 995 2292 S.
1480 2253 1509 2296 au

237 2348 265 2408 1.
287 2342 363 2408 Mihi
385 2341 548 2407 molestior
570 2338 723 2426 lippitudo
752 2338 950 2410 meletiam,
980 2359 1073 2423 quam
1094 2348 1165 2405 ante
1187 2339 1300 2408 iuerat.
1343 2345 1471 2413 Dictare

150 2448 254 2502 tamen
275 2437 354 2502 banc
374 2435 537 2522 epistolam
566 2433 662 2498 malui
694 2453 786 2519 quam
818 2432 907 2498 Gallo
927 2432 1043 2505 Fadio,
1073 2435 1286 2501 amantissimo
1308 2436 1471 2524 utriusque

150 2537 311 2602 nostrum,
333 2530 410 2595 nibil
431 2528 470 2594 ad
492 2537 522 2592 te
544 2528 717 2593 litterarum
740 2525 826 2590 dare.
868 2530 944 2589 Nam
965 2525 1068 2610 pridie
1090 2526 1216 2613 quidem
1232 2549 1361 2615 quoquo
1375 2531 1470 2596 modo

148 2633 328 2708 potueram,
361 2622 548 2708 scripseram
581 2620 647 2704 ipse
676 2640 728 2684 eas
758 2618 892 2693 litteras,
926 2640 1060 2705 quarum
1089 2621 1338 2687 vaticinationem
1361 2623 1468 2688 salsam

149 2737 217 2780 esse
245 2715 347 2800 cupio.
391 2715 492 2779 liuius
516 2723 619 2777 autem
642 2712 792 2799 epistolae
814 2732 877 2776 nou
899 2712 1001 2778 solum
1023 2733 1060 2777 ea
1081 2734 1173 2780 causa
1195 2723 1258 2787 est,
1280 2723 1315 2780 ut
1337 2736 1376 2779 ne
1398 2717 1508 2801 quisae

149 2830 165 2871 a
188 2830 238 2873 me
261 2808 328 2873 dies
349 2808 587 2880 intermittatur,
610 2805 687 2891 quin
709 2805 779 2870 dem
801 2805 841 2870 ad
863 2817 894 2872 te
915 2805 1050 2881 litteras,
1072 2806 1128 2873 sed
1146 2808 1240 2872 ctiam
1254 2807 1331 2872 baec
1345 2809 1467 2885 iustior,

93 2981 97 2984 ,
148 2911 183 2966 ut
205 2923 221 2966 a
244 2913 275 2966 te
296 2902 511 2988 impetrarem,
535 2908 569 2963 ut
590 2920 732 2964 sumeres
753 2898 870 2985 aliquid
894 2905 1062 2984 temporis;
1085 2922 1149 2989 quo
1170 2902 1243 2989 quia
1264 2900 1320 2966 tibi
1342 2904 1469 2988 perexi-

147 3017 211 3081 guo
233 3016 313 3083 opus
334 3001 395 3066 est,
431 2993 580 3079 explicari
604 2991 678 3057 mibi
701 3001 789 3058 tuum
811 2992 975 3058 consilium
997 2993 1088 3080 plane
1109 2995 1198 3070 volo,
1220 3007 1255 3063 ut
1276 2996 1399 3082 penitus
1420 2997 1468 3062 in·

147 3089 293 3174 telligam.
335 3093 365 3153 2.
389 3089 501 3152 Omnia
522 3095 595 3150 suut
616 3085 736 3171 integra
764 3085 866 3151 nobis.
908 3086 990 3151 Nibil
1018 3089 1272 3174 praetermissum
1294 3099 1358 3164 est,
1381 3088 1467 3175 quod

147 3205 210 3249 non
232 3182 345 3248 babeat
364 3181 536 3268 sapientem
558 3179 813 3253 excusationem,
835 3199 899 3244 nou
920 3179 1016 3245 modo
1036 3181 1240 3267 probabilem.
1283 3189 1359 3249 Nam
1381 3193 1505 3249 certem

146 3298 249 3362 neque
270 3286 335 3342 tum
358 3275 500 3362 peccavi,
530 3295 601 3338 cum
623 3273 805 3359 imparatam
834 3275 988 3358 Capuam,
1017 3296 1081 3340 non
1109 3276 1210 3341 solum
1241 3277 1383 3362 ignaviae
1411 3276 1466 3342 de-

147 3369 259 3444 decus,
295 3369 351 3436 sed
373 3370 466 3436 etiam
487 3366 638 3453 perfidiae
660 3367 868 3452 suspicionem
890 3365 1030 3450 lugiens,
1063 3369 1204 3454 accipere
1225 3370 1328 3448 nolui;
1361 3390 1465 3456 neque

146 3486 216 3529 cum
238 3474 310 3550 post
330 3463 529 3530 condiciones
551 3461 635 3546 pacis
656 3480 714 3546 per
735 3465 771 3525 L.
793 3464 958 3526 Caesarem
980 3470 1011 3525 et
1031 3460 1179 3527 Fabatum
1194 3462 1299 3527 allatas
1314 3464 1396 3539 cavi,
1423 3485 1463 3528 ne

146 3557 285 3622 animum
307 3557 375 3622 eius
397 3555 608 3630 olienderem,
631 3554 681 3620 cui
702 3552 869 3638 Pompeius
890 3552 952 3646 iam
974 3562 1111 3621 armatus
1132 3564 1253 3621 armalo
1268 3557 1462 3623 consulatum

144 3652 400 3738 triumphumque
432 3649 579 3714 deierret.
636 3651 666 3712 3.
694 3651 757 3711 Nec
785 3666 863 3711 vero
895 3646 972 3711 baec
1000 3657 1141 3714 extrema
1162 3650 1329 3735 quisquam
1361 3660 1502 3737 potestas

144 3747 213 3810 iure
235 3743 484 3830 reprehendere,
507 3740 593 3829 quod
614 3761 701 3806 mare
723 3759 785 3804 non
807 3738 995 3805 transierim.
1036 3740 1072 3807 ld
1094 3741 1193 3818 euim,
1217 3744 1274 3807 etsi
1290 3754 1357 3809 erat
1378 3744 1462 3825 †de·

145 3838 354 3914 liberationis,
376 3849 480 3902 tamen
503 3835 592 3902 obire
614 3857 677 3900 non
699 3832 795 3919 potui.
838 3837 945 3918 Neque
967 3833 1049 3899 enim
1065 3835 1217 3920 suspicari
1232 3833 1347 3910 debui,
1371 3857 1462 3923 prae-

145 3936 251 3996 sertim
273 3954 344 3997 cum
366 3952 406 3996 ex
429 3930 527 4016 ipsius
550 3928 688 4014 Pompeii
709 3926 838 4002 litteris,
871 3925 954 3991 idem
977 3927 1062 4012 quod
1084 3928 1176 3993 video
1199 3937 1228 3994 te
1250 3931 1460 4009 existimasse,

215 4123 239 4171 1.
266 4118 348 4187 torpe]
375 4123 451 4172 tarde
481 4121 527 4171 ltl.
555 4145 583 4156 -
621 4131 705 4167 mecm
722 4123 804 4167 tecam
829 4118 960 4166 rationem
987 4117 1010 4166 1.
1040 4143 1069 4154 -
1106 4117 1133 4168 8.
1158 4120 1187 4167 in
1204 4121 1354 4182 republica
1373 4123 1404 4172 lt.
1428 4147 1456 4158 -

144 4192 170 4242 5.
190 4194 248 4251 eui,
266 4207 323 4241 cum
340 4206 411 4243 corr.
431 4191 473 4242 bl:
505 4192 547 4240 eni
565 4196 594 4238 ιιι
612 4202 669 4237 eum
687 4201 728 4250 pr.
748 4186 792 4247 Μ,
816 4189 858 4237 cui
876 4194 949 4248 tum,
974 4200 1032 4236 mm
1049 4187 1117 4238 ttltt.
1139 4214 1168 4224 -
1206 4189 1233 4239 d.
1255 4187 1374 4253 proeliis]
1396 4206 1459 4255 pro-

144 4262 213 4312 cellis
231 4262 347 4312 malebat
364 4263 457 4313 nescio
476 4262 536 4325 quis
555 4259 625 4321 apud
644 4256 803 4309 Corradum.
825 4280 857 4292 -
894 4258 938 4306 12.
957 4258 1117 4319 respondebo
1135 4258 1168 4307 11.
1189 4284 1217 4295 -
1258 4260 1299 4309 13.
1319 4263 1457 4312 salmom.

144 4346 184 4394 pr.
204 4333 240 4382 Μ.
262 4354 293 4366 -
329 4332 373 4383 15.
393 4333 483 4382 obsum
500 4343 541 4394 pr.
560 4330 599 4380 Μ.
619 4350 650 4364 -·
687 4326 731 4378 to.
749 4327 929 4377 intellexeram
947 4334 971 4377 ts
988 4328 1021 4375 11.
1043 4352 1070 4363 -
1110 4328 1153 4378 17.
1172 4325 1244 4392 eicit]
1263 4332 1334 4380 misit
1353 4331 1399 4392 bl,
1418 4334 1458 4380 in·

142 4404 177 4451 sit
196 4402 226 4462 1,
251 4405 346 4452 omma
364 4410 400 4453 cat
418 4403 450 4452 tt.
498 4400 667 4459 (Correetum
685 4409 718 4448 er
736 4410 792 4461 mg.
811 4397 839 4447 Μ
856 4402 884 4447 et
901 4410 956 4458 mg.
975 4397 1140 4456 Cratandri.)
1160 4423 1188 4434 -
1229 4398 1272 4450 18.
1293 4397 1366 4462 οιυίι]
1386 4403 1457 4450 cuius

144 4486 184 4535 pr.
203 4472 240 4521 Μ.
260 4493 293 4506 -
311 4473 355 4522 31.
375 4471 504 4534 tippitndo
522 4483 578 4519 om.
598 4467 649 4518 Μ1.
668 4468 754 4525 (Fert.
774 4467 832 4517 eius
851 4465 911 4516 ioco
930 4473 988 4516 erat
1005 4467 1139 4516 Graecum
1158 4480 1216 4517 voc.
1235 4468 1325 4534 λήμη.
1345 4468 1409 4533 Oa.)
1425 4493 1454 4504 —

141 4545 186 4591 22.
207 4541 290 4591 Fadio
308 4542 443 4593 Orellius:
473 4541 556 4591 Fabio
574 4537 670 4590 Μ11111.
700 4561 729 4574 -
767 4535 812 4587 88.
831 4533 903 4599 boec]
922 4537 969 4585 boc
987 4550 1028 4600 pr.
1049 4537 1086 4587 Μ.
1117 4560 1147 4573 -
1183 4538 1227 4586 27.
1247 4541 1298 4601 quo
1316 4542 1378 4602 puin
1397 4540 1455 4600 tibi]

141 4614 210 4676 quod
229 4613 276 4662 tibi
294 4620 318 4661 et
334 4613 396 4675 puio
415 4623 455 4674 pr.
476 4611 513 4660 Μ.
533 4611 604 4660 Fort.
623 4620 676 4672 quo
692 4606 826 4670 ttttquic.
845 4607 925 4657 Bam.
946 4630 976 4642 -·
1010 4609 1152 4672 perscipue
1172 4614 1284 4669 tempore
1303 4623 1366 4671 opus
1380 4609 1402 4659 1.
1424 4633 1453 4647 ·-

141 4683 185 4732 31.
205 4684 367 4744 imparatum
384 4681 413 4731 1:
432 4683 589 4743 imperatam
607 4677 667 4736 le,
685 4678 848 4738 imparatam
864 4679 919 4726 iom
938 4676 968 4726 11.
1005 4676 1056 4733 (De
1074 4677 1101 4726 Μ
1119 4689 1174 4726 nou
1193 4678 1257 4727 satis
1276 4675 1402 4742 constat.)
1424 4702 1452 4712 -

141 4753 247 4802 dedeem
265 4752 401 4802 Orelllas:
420 4749 530 4799 deiectus
547 4747 636 4804 Μ1111.
655 4747 765 4796 ddecus
783 4745 804 4794 1.
823 4769 858 4780 -
893 4745 938 4797 33.
958 4745 1067 4796 Fabium
1085 4747 1120 4796 111
1138 4752 1165 4796 et
1183 4761 1238 4809 mg.
1259 4748 1296 4797 Μ.
1333 4748 1376 4803 (Ut
1394 4762 1453 4806 nos,

141 4823 210 4881 ΖΜ.)
220 4848 251 4858 -
272 4823 316 4873 38.
329 4814 535 4880 dctiberctioots]
544 4819 617 4868 Fert.
629 4815 781 4868 delibantis
791 4817 884 4878 moia,
895 4822 924 4868 ut
936 4815 994 4868 bib.
1005 4817 1032 4878 8,
1046 4817 1072 4876 3,
1085 4818 1111 4869 1.
1130 4816 1182 4869 On.
1198 4843 1227 4854 -
1247 4817 1292 4868 38.
1312 4824 1337 4869 te
1347 4819 1422 4870 uideo
1433 4819 1457 4868 1.
