3216 5408
191 237 253 300 580
674 235 735 298 ΕΡ.
756 233 809 299 M)
831 235 1004 301 ATTICUM

190 397 304 470 locum,
325 393 380 459 ubi
402 393 510 458 bortos
532 389 723 467 aedificaret,
746 391 848 464 dedit,
871 415 965 479 quern
987 393 1039 460 cui
1060 397 1202 458 nostrum
1223 413 1288 459 non
1309 414 1413 481 saepe
1427 417 1531 482 prae·

191 490 276 555 tulitt
313 495 419 573 ltaque
448 487 544 551 miser
572 496 747 574 torquetur.
791 487 865 559 Sed,
897 510 935 552 nc
957 488 1006 553 bis
1027 488 1136 552 eadem
1162 487 1261 573 legas,
1294 490 1333 554 ad
1357 492 1471 576 ipsam
1496 501 1529 557 te

191 583 353 669 epistolam
375 581 494 645 reiieio.
537 585 630 665 Spem
652 592 756 645 autem
780 581 863 666 pacis
885 581 986 647 babeo
1008 583 1133 647 nullam.
1177 581 1338 648 Dolabella
1368 586 1441 650 suis
1474 587 1529 651 lit-

191 679 267 744 teris
288 675 393 741 ldibus
414 680 503 740 Mart.
526 674 605 739 datis
627 696 748 739 merum
772 674 886 740 bellum
909 676 1058 762 loquitur.
1102 682 1281 742 Maneamus
1304 697 1386 762 ergo
1411 680 1446 744 in
1470 679 1527 745 illa

172 771 300 836 aeadem
335 769 487 835 sententia
519 773 632 833 misera
661 780 692 833 et
720 768 898 855 desperata,
934 770 1059 856 quando
1093 772 1153 837 boc
1173 771 1318 836 miserius
1341 793 1418 837 esse
1441 773 1526 838 nihil

191 875 302 950 potest.

827 1009 852 1069 A

592 1129 740 1191 BALBUS
764 1128 947 1191 ClCERONl
971 1127 1051 1192 ΙΜΡ.
1075 1131 1106 1192 S.

274 1244 301 1306 1.
325 1243 437 1305 Caesar
460 1236 550 1302 nobis
579 1237 695 1301 litteras
722 1236 892 1322 perbreves
923 1237 1021 1312 misit,
1059 1261 1189 1324 quarum
1225 1240 1410 1326 exemplum
1441 1241 1523 1309 sub-

153 1353 179 1396 ra
189 1335 309 1420 scripsi.
352 1332 507 1398 Brevitate
529 1333 677 1416 epistolae
699 1333 781 1396 scire
795 1332 921 1416 poteris
943 1354 1014 1397 eum
1038 1333 1126 1397 valde
1147 1355 1215 1398 esse
1238 1333 1428 1409 distentum,
1463 1338 1523 1421 qni

187 1437 270 1492 tanta
294 1427 332 1491 dc
355 1448 389 1490 re
412 1438 473 1493 tam
496 1425 634 1490 breviter
655 1425 824 1512 scripserit.
875 1426 908 1490 Si
930 1427 1005 1513 quid
1026 1437 1189 1512 praeterea
1212 1428 1286 1493 novi
1306 1427 1421 1504 fuerit,
1456 1440 1522 1496 sta·

187 1521 243 1586 tim
266 1520 322 1586 tibi
343 1520 487 1585 scribam.

534 1663 712 1736 ..clusin
735 1661 868 1734 OPPIO,
892 1663 1089 1725 CORNELIO
1113 1665 1162 1726 S.”

273 1787 333 1856 „M
363 1782 393 1847 d.
422 1802 497 1846 vrr.
519 1781 571 1846 ld.
593 1786 701 1846 Mart.
723 1781 978 1845 Brundisium
1000 1783 1109 1860 veni;
1141 1783 1187 1848 ad
1207 1804 1354 1850 murum
1380 1796 1523 1855 castra

153 1877 312 1963 reposui.
354 1874 570 1960 Pompeius
603 1884 661 1938 est
689 1874 910 1942 Brundisii.
964 1875 1073 1940 Misit
1110 1877 1155 1942 ad
1182 1898 1239 1942 me
1271 1883 1306 1943 N.
1342 1883 1522 1965 Magium

187 1969 233 2035 de
254 1990 363 2054 pace.
408 1974 519 2047 Quae
551 1969 633 2033 visa
663 1977 770 2041 sunt,
807 1968 1012 2052 respondi.
1055 1973 1135 2034 Hoc
1157 1991 1225 2035 vos
1247 1977 1380 2038 statim
1404 1977 1523 2043 seire

186 2065 306 2130 volui.
361 2067 446 2130 Cum
478 2063 515 2127 in
548 2083 656 2147 spem
689 2082 836 2126 venero
867 2062 911 2126 de
940 2063 1237 2148 compositione
1269 2055 1437 2152 aliquid
1459 2091 1523 2136 me

158 2159 411 2231 conficere,
434 2157 564 2221 statim
586 2176 657 2221 vos
679 2155 885 2220 certiores
906 2155 1084 2221 faciam.”

268 2260 299 2321 2.
324 2250 493 2330 Quomodo
516 2271 565 2314 me
587 2270 669 2314 nune
690 2259 796 2334 putas,
831 2250 875 2314 mi
897 2250 1022 2325 Cicero,
1059 2251 1216 2337 torqueri,
1245 2261 1418 2338 postquam
1442 2280 1522 2325 rur-

145 2361 237 2413 tosus
267 2348 299 2411 in
328 2368 414 2431 spem
445 2343 529 2429 pacis
561 2344 648 2418 veui,
685 2365 724 2407 ne
747 2365 808 2427 qua
836 2365 889 2407 res
912 2365 1022 2409 eorum
1051 2346 1309 2430 compositionem
1331 2347 1522 2434 impediatt

183 2446 343 2525 Namque,
366 2439 451 2524 quod
473 2437 584 2502 absens
605 2437 709 2502 iacere
730 2458 880 2522 possum,
902 2448 988 2522 opto.
1034 2439 1155 2516 Quodsi
1170 2461 1232 2505 una
1247 2461 1365 2516 essem,
1391 2444 1522 2530 aliquid

184 2534 317 2599 sortasse
339 2532 492 2618 prolicere
514 2552 638 2616 possem
660 2530 772 2595 videri.
815 2537 902 2595 Nunc
925 2538 1156 2618 exspectatione
1178 2534 1313 2599 crucior.

637 2691 718 2753 mr.
761 2690 818 2770 (A.
846 2692 877 2753 o.
902 2692 933 2753 c.
956 2691 1053 2770 705.)

645 2812 788 2876 CICERO
810 2812 953 2875 ATTlCO
977 2815 1008 2876 S.

146 2946 175 2991 aa
270 2929 298 2989 t.
328 2924 472 2988 Miseram
502 2921 541 2986 ad
571 2930 600 2986 te
633 2941 724 2986 vnn.
758 2921 824 2986 Kal.
857 2922 1035 3006 exemplum
1059 2923 1208 3009 epistolae
1230 2925 1318 2990 Balbi
1339 2927 1379 2992 ad
1405 2941 1518 2998 meet

185 3018 325 3083 Caesaris
355 3017 394 3081 ad
426 3038 514 3093 eum;
551 3026 581 3079 et
610 3037 628 3079 a
657 3025 687 3078 te
714 3014 758 3078 ibi
787 3015 898 3079 eodem
929 3015 979 3079 die
1002 3021 1105 3102 Capua
1135 3018 1251 3083 litteras
1273 3021 1378 3105 accepi
1404 3023 1446 3088 ab
1472 3029 1515 3104 Q.

183 3111 297 3183 Pedio,
332 3115 494 3176 Caesarem
517 3109 553 3173 ad
577 3131 609 3174 se
631 3109 732 3195 pridie
754 3109 798 3173 ld.
822 3116 909 3174 Mart.
932 3111 1053 3174 misisse
1080 3112 1139 3176 boc
1165 3113 1323 3197 exemplo:
1362 3120 1517 3188 „Pom-

183 3207 297 3292 peius
334 3228 373 3271 se
410 3204 558 3290 oppido
597 3213 713 3270 tenet.
763 3208 838 3268 Nos
878 3202 923 3268 ad
959 3216 1096 3289 portas
1137 3218 1267 3271 castra
1302 3207 1513 3276 babemus.

184 3306 376 3366 Conamur
406 3320 504 3384 opus
532 3319 711 3382 magnum
744 3309 781 3362 et
811 3298 1023 3362 multorum
1049 3298 1228 3373 dierum,
1264 3312 1436 3386 propter
1457 3305 1515 3369 al·

145 3394 399 3458 sotitudinem
429 3394 557 3457 maris.
616 3392 1066 3464 Sedtamcnnibilcst,
1103 3395 1365 3480 quodpotius
1389 3396 1514 3463 lacia-

155 3488 276 3550 'mus.
334 3486 385 3553 db
422 3498 597 3570 utroque
628 3495 768 3571 portus
804 3506 927 3549 cornu
963 3485 1090 3549 moles
1128 3487 1317 3562 iacimus,
1361 3501 1405 3554 ut
1442 3504 1514 3557 aut

183 3580 295 3643 illum
326 3602 436 3665 quam
467 3581 634 3666 primum
667 3579 878 3651 traiicere,
916 3578 1023 3663 quod
1054 3579 1173 3643 babet
1202 3582 1415 3648 Brundisii
1446 3607 1513 3650 co-

183 3672 351 3758 piarum,
375 3695 563 3758 cogamus
585 3680 652 3736 aut
674 3672 787 3734 exitu
809 3671 1118 3756 prohibeamus.''
1161 3679 1191 3738 2.
1215 3674 1270 3740 Ubi
1293 3686 1338 3740 est
1361 3677 1415 3741 illa
1431 3699 1511 3764 pax,

187 3763 226 3829 de
249 3786 309 3849 qua
332 3764 445 3830 Balbus
466 3766 634 3850 scripserat
661 3765 802 3848 torqueri
833 3770 886 3827 set
923 3765 1034 3851 ecquid
1056 3765 1221 3833 acerbius?
1258 3770 1369 3856 ecquid
1391 3771 1513 3837 crude-

147 3880 175 3924 ss
193 3859 277 3924 lius?
307 3866 407 3942 Atque
429 3880 500 3923 eum
522 3858 609 3943 loqui
631 3856 756 3943 quidam
786 3861 979 3933 cibaremur
1001 3858 1164 3926 narrabat:
1193 3867 1247 3928 Cn.
1270 3863 1440 3938 Carbonis,
1463 3871 1510 3931 M.

254 4079 280 4125 1.
299 4076 383 4124 tectim
406 4076 453 4124 ube
478 4076 566 4124 hortos
591 4075 709 4137 edificare
733 4076 780 4134 M,
813 4075 896 4124 locum
921 4077 1037 4139 uberem,
1064 4084 1095 4127 ut
1120 4080 1209 4128 bortoa
1226 4081 1374 4144 aedificaret
1399 4081 1422 4132 1.
1461 4083 1511 4137 (Ut

185 4160 250 4202 nos,
270 4148 291 4196 B
313 4153 338 4195 et
354 4143 510 4208 Victorius.)
530 4169 560 4179 -
580 4146 606 4193 2.
626 4143 674 4206 bist
694 4146 748 4193 etus
767 4160 805 4207 pr.
826 4146 863 4195 Μ.
887 4169 914 4179 -
934 4147 961 4196 lt.
981 4149 1043 4196 ides
1060 4149 1135 4198 Mill.
1166 4175 1195 4184 -
1213 4153 1327 4199 murciae
1345 4151 1380 4199 M.
1403 4175 1435 4186 -
1454 4167 1511 4203 mc·

185 4212 255 4278 rum]
274 4230 370 4264 mecum
388 4215 448 4265 ΜΒ.
469 4240 500 4250 -
536 4216 561 4265 5.
580 4210 696 4278 quando]
722 4216 793 4264 Fort.
813 4218 947 4279 quoniam.
968 4217 1018 4268 On.
1041 4245 1069 4253 -
1090 4222 1133 4269 io.
1152 4219 1226 4282 scire]
1245 4222 1337 4282 scripsi
1356 4235 1395 4282 pr.
1416 4222 1454 4270 M.
1476 4246 1511 4258 -

186 4287 229 4337 13.
252 4286 439 4344 Com-auoque
468 4287 624 4335 Schuetzius
650 4299 711 4334 curn
740 4287 774 4335 Bl
806 4284 832 4335 et
856 4287 1001 4336 Petrarcba
1020 4288 1072 4337 Vit.
1092 4289 1168 4338 Caes.
1190 4305 1215 4353 p.
1243 4292 1304 4339 226.
1331 4315 1364 4323 -
1401 4292 1446 4340 15.
1466 4308 1511 4343 me

186 4357 233 4407 Cn.
253 4357 372 4420 dippium
391 4358 429 4412 B,
448 4371 487 4405 me
504 4358 622 4421 Meqium
641 4357 662 4405 1.
686 4382 714 4392 -
753 4358 795 4406 17.
815 4354 890 4418 Cum]
908 4360 953 4421 qui
973 4373 1012 4419 pr.
1032 4359 1067 4407 M.
1090 4385 1118 4394 -
1139 4375 1178 4408 me
1194 4374 1268 4421 posse
1287 4362 1407 4425 conficere
1428 4363 1511 4412 Lam·

186 4427 274 4477 binus.
312 4427 405 4475 Deleta
437 4442 479 4477 vv.
506 4429 607 4491 aliquid
636 4441 675 4476 mc
702 4430 826 4492 conficere
857 4428 975 4477 malebat
999 4428 1119 4477 Ursinus.
1151 4456 1178 4468 -
1219 4432 1262 4480 12.
1291 4446 1361 4479 nunc
1379 4446 1419 4480 me
1438 4435 1461 4482 B
1480 4440 1511 4484 et

163 4497 352 4549 'Sohaemus
378 4520 410 4531 ’-
448 4498 490 4546 20.
510 4499 719 4558 compositionem
739 4513 827 4548 corum
847 4499 867 4546 l.
890 4525 919 4534 -
957 4499 1001 4546 22.
1020 4501 1102 4548 videri
1121 4514 1174 4548 om.
1196 4500 1240 4548 Bt.
1271 4523 1302 4532 -
1338 4501 1382 4552 26.
1402 4508 1511 4554 etate

185 4568 222 4617 tbi
241 4582 280 4630 pr.
300 4568 345 4626 Μ,
365 4582 418 4617 ecce
436 4569 482 4616 tibi
500 4568 557 4617 RlE
576 4575 601 4616 et
618 4583 689 4616 corr.
710 4569 747 4617 Μ.
785 4568 895 4617 Malim:
914 4570 950 4617 ad
967 4584 1024 4617 cem
1042 4577 1065 4617 et
1084 4571 1120 4617 ed
1139 4571 1273 4631 0pptcm;
1291 4572 1388 4621 eodem.
1408 4574 1460 4624 Oa.
1477 4597 1506 4608 —

186 4641 273 4700 accepi
292 4639 318 4686 in
339 4638 400 4687 lect.
420 4651 489 4685 corr.
511 4637 537 4687 M
557 4640 709 4686 necessario
728 4640 838 4688 seclusit
858 4639 1008 4697 Ernestius,
1041 4639 1140 4687 delevit
1159 4641 1327 4690 Selmetzius.
1350 4666 1380 4677 -
1412 4644 1458 4692 31.
1477 4653 1510 4695 att

188 4707 572 4771 autloututlt.mctl.—
609 4708 861 4757 33.cattrthBl.
901 4707 1113 4769 (Utnos,bsc.
1136 4714 1237 4771 pr.)-
1276 4713 1321 4760 aa?
1341 4713 1443 4777 ecquid]
1463 4729 1512 4765 sax

187 4793 220 4828 ee
246 4780 307 4842 quid
332 4792 371 4840 pr.
399 4778 442 4835 M,
469 4792 494 4825 se
513 4782 536 4826 et
554 4779 616 4842 quid
634 4778 668 4826 Bl
685 4784 713 4826 et
731 4792 800 4827 corr.
820 4778 857 4827 Μ.
879 4801 907 4813 -
952 4787 975 4827 et
994 4780 1056 4842 quid
1075 4780 1148 4830 ΜΙΜ.
1178 4805 1202 4815 -·
1240 4781 1283 4831 35.
1303 4782 1447 4848 θεντικως
1468 4786 1509 4840 Μ.

188 4843 377 4912 (αιῖῗενιικώς
397 4862 450 4911 mg.
471 4849 519 4904 Μ.)
538 4871 571 4885 ·-
592 4854 688 4898 namet
707 4847 769 4896 1.-
810 4847 856 4897 Ca.
877 4847 1003 4898 Curbotus
1022 4850 1041 4896 l.
