3216 5408
169 237 231 301 636
654 229 715 293 EP.
735 229 789 293 ΔΙ)
811 227 986 292 ATTICUII

168 392 253 457 enim
283 387 497 455 intellexeram
525 406 588 450 non
616 384 708 450 nimis
730 384 906 471 displicere.
963 387 1032 468 Ego
1059 383 1155 448 etiam
1178 393 1286 472 atque
1312 385 1416 451 etiam
1437 389 1525 474 eogi-

169 484 242 549 tabo
265 494 371 570 teque,
394 491 429 547 ut
448 480 532 546 idem
555 477 665 553 iacias,
686 498 777 564 rogo.
834 483 945 562 Magna
972 497 1038 543 res:
1064 488 1095 542 et
1116 479 1261 566 simplex
1288 492 1345 546 est
1369 502 1522 560 manere;

168 577 246 644 illud
274 597 395 663 anceps.
448 581 566 640 Verum
588 571 774 638 videbimus.
817 575 847 638 2.
869 578 915 637 De
937 571 1051 647 Balbo,
1074 582 1105 639 et
1125 574 1159 638 in
1183 573 1359 640 codicillis
1383 577 1522 662 scripse·

169 693 237 737 ram
258 681 290 737 et
309 672 350 736 ita
371 669 491 753 cogito,
527 667 618 738 simul
640 688 676 732 ae
696 665 836 732 redierit.
890 666 944 730 Sin
967 667 1020 731 ille
1049 667 1185 745 tardius,
1226 688 1297 754 ego
1330 677 1446 735 tamen
1467 674 1521 736 tri·

147 764 281 844 aduum;
304 773 350 841 et,
372 763 458 850 quod
479 762 645 850 praeterii,
667 759 829 827 Dolabella
852 760 946 825 etiam
968 781 1102 825 mecum.

623 900 1033 984 mamuww

652 1024 796 1090 CICERO
818 1024 963 1089 ATTICO
985 1026 1017 1088 S.

250 1143 297 1202 De
319 1137 487 1211 Cicerone,
514 1135 620 1202 multis
640 1156 693 1201 res
714 1136 829 1221 plaeet;
859 1154 967 1198 comes
987 1145 1035 1200 est
1055 1134 1201 1201 idoneus.
1248 1138 1321 1203 Sed
1346 1139 1391 1206 de
1414 1143 1516 1229 prima

167 1232 317 1318 pensione
338 1241 410 1297 ante
431 1231 602 1296 videamus.
646 1228 740 1294 Adest
760 1228 843 1292 enim
866 1227 949 1302 dies,
972 1237 1004 1293 et
1025 1228 1078 1293 ille
1092 1231 1205 1296 currit.
1251 1232 1402 1309 Scribe,
1419 1257 1514 1323 quae·

131 1345 220 1399 iaso,
256 1325 332 1412 quid
352 1324 470 1389 reserat
491 1323 581 1390 Celer
602 1323 702 1407 egisse
724 1325 888 1389 Caesarem
921 1342 992 1387 aum
1015 1321 1204 1401 candidatIs3
1240 1335 1365 1392 utrum
1390 1330 1515 1416 ipsein

166 1418 432 1491 Foenicularium,
461 1439 500 1482 an
529 1417 561 1481 in
589 1417 734 1483 Martium
763 1436 906 1502 campum
936 1415 1060 1500 cogitet.
1110 1421 1148 1481 Et
1174 1419 1264 1484 scire
1292 1441 1380 1488 sane
1402 1427 1513 1499 velim,

167 1511 318 1596 numquid
340 1532 466 1577 necesse
488 1511 528 1576 sit
549 1510 682 1576 comitiis
705 1530 773 1574 esse
795 1514 923 1575 Romae.
964 1513 1041 1574 Nam
1063 1520 1095 1576 et
1116 1510 1215 1577 Piliae
1238 1515 1514 1585 satisfaciendum

167 1615 215 1671 est
236 1614 267 1671 et
287 1605 394 1692 utique
416 1606 544 1671 Atticae.

643 1726 1026 1805 mmmmm)

131 1865 157 1909 rs
642 1849 785 1914 CICERO
810 1850 954 1914 ATTICO
981 1851 1013 1914 S.

196 2033 198 2038 ,
248 1966 311 2026 Nae
339 1981 399 2046 ego
430 1981 530 2026 essem
560 1960 609 2026 btc
630 1961 765 2026 libenter
791 1968 885 2046 atque
912 1958 945 2024 id
974 1959 1113 2046 quotidie
1141 1962 1261 2047 magis,
1301 1966 1342 2032 ni
1366 1981 1457 2036 esset
1477 1994 1512 2038 ρ.

164 2077 272 2132 causa,
306 2077 400 2144 quam
426 2055 482 2120 tibi
516 2053 732 2141 superioribus
760 2055 871 2120 litteris
901 2055 1021 2141 scripsi.
1064 2055 1143 2120 Nihil
1166 2055 1227 2121 bac
1249 2060 1443 2131 solitudine
1464 2067 1513 2133 iu·

163 2150 309 2224 cundius,
346 2150 405 2215 nisi
426 2150 562 2236 paullum
586 2150 812 2236 interpellasset
831 2154 980 2237 Amyntae
1002 2149 1093 2214 lilius.
1133 2152 1181 2215 Ὢ
1204 2154 1513 2245 ἀπεραντολογίας

164 2247 301 2323 sindonis!
325 2246 435 2310 Cetera
457 2244 520 2308 noll
543 2254 653 2330 putare
675 2242 857 2308 amabiliora
876 2242 944 2308 lieri
964 2263 1056 2328 posse
1071 2242 1159 2319 villa,
1182 2244 1304 2322 litore,
1331 2267 1513 2340 prospectu

127 2337 275 2411 camaris,
304 2347 368 2401 tum
399 2337 446 2403 bis
474 2337 569 2402 rebus
592 2334 746 2402 omnibus.
789 2338 851 2403 Sed
873 2359 974 2423 neque
997 2336 1074 2401 baec
1095 2337 1187 2421 digna
1210 2338 1434 2428 longioribus
1464 2349 1513 2415 lit-

166 2431 257 2511 teris;
279 2451 337 2495 nec
358 2440 440 2507 erat,
463 2429 549 2517 quod
571 2429 758 2507 scriberem,
781 2441 813 2496 et
834 2453 962 2496 somnus
984 2429 1126 2517 urgebat.

644 2573 1011 2653 racemo

640 2686 1004 2751 mmmmms

248 2796 328 2861 Male
349 2768 528 2860 mehercule
550 2794 589 2859 de
610 2794 803 2861 Athamante.
846 2800 930 2861 Tuus
951 2805 1056 2862 autem
1078 2796 1170 2863 dolor
1191 2796 1362 2872 humanus
1384 2808 1417 2875 is
1438 2811 1510 2898 qni-

127 2889 234 2956 asdem
257 2890 312 2956 sed
333 2910 446 2973 magno
468 2910 566 2974 opere
588 2888 806 2954 moderandus.
860 2891 1114 2956 Consolationum
1135 2901 1242 2957 autem
1274 2899 1409 2967 multae
1438 2905 1508 2969 viae

163 2984 218 3049 sed
241 2985 291 3049 illa
311 2985 499 3049 rectissima:
536 2984 682 3069 impetret
703 2984 801 3058 ratio,
839 2984 923 3069 quod
946 2985 1011 3050 dies
1033 2985 1238 3071 impetratura
1261 3002 1327 3057 est
1386 2997 1507 3063 Alexin

163 3097 239 3142 vero
261 3097 422 3151 curemus,
453 3078 620 3161 imaginem
643 3078 785 3154 Tironis;
813 3098 905 3163 quem
928 3099 1056 3162 aegrum
1079 3086 1208 3144 Romam
1231 3086 1368 3166 remisi;
1400 3094 1506 3167 et,si

161 3170 237 3258 quid
258 3170 353 3236 babet
374 3173 461 3238 collis
482 3173 672 3256 ἐπιδήμιον,
704 3171 743 3236 ad
767 3192 816 3235 me
838 3192 908 3236 cum
931 3173 1096 3239 Tisameno
1116 3174 1366 3247 transferamus.
1425 3191 1506 3251 Tota

161 3264 273 3332 domus
295 3277 383 3332 vacat
403 3267 565 3353 superior,
588 3275 622 3332 ut
644 3265 715 3330 scis.
757 3269 825 3330 Hoc
845 3275 922 3351 puto
945 3266 1033 3331 valde
1055 3267 1183 3332 adrem
1205 3271 1392 3355 pertinere.

124 3438 151 3478 w
634 3404 1005 3490 munem)

640 3530 783 3593 CICERO
805 3531 949 3594 ATTICO
973 3533 1005 3594 S.

245 3640 324 3705 Itale
345 3640 384 3706 de
405 3642 488 3706 Seio.
541 3638 602 3706 Sed
626 3640 730 3704 omnia
753 3640 885 3704 humana
908 3640 1082 3707 tolerabilia
1105 3641 1256 3707 ducenda.
1315 3650 1386 3734 Ipsi
1411 3655 1501 3719 enim

160 3731 234 3816 quid
256 3742 382 3799 sumust
416 3744 469 3798 aut
497 3756 591 3820 quam
621 3734 674 3799 diu
696 3733 772 3799 baec
794 3736 931 3800 curaturi
960 3742 1088 3801 sumus?
1120 3740 1163 3800 Ea
1186 3736 1374 3818 videamus,
1415 3768 1500 3832 quae

159 3824 198 3889 ad
220 3847 276 3890 nos
298 3828 395 3910 magis
417 3827 589 3912 pertinent,
612 3850 669 3895 nec
692 3837 794 3892 tamen
816 3828 931 3893 multo:
955 3829 1029 3913 quid
1052 3849 1179 3914 agamus
1200 3828 1240 3893 de
1262 3846 1395 3902 senatu.
1444 3845 1498 3911 Et,

121 3928 194 3983 ⁸⁵ut
221 3941 260 3983 ne
289 3920 363 4006 quid
391 3921 651 4006 praetermittam,
686 3922 856 3988 Caesonius
877 3922 916 3987 nd
937 3943 988 3986 me
1010 3924 1127 3988 litteras
1155 3923 1255 4000 misit,
1287 3929 1498 3997 Postumiam

226 4140 252 4187 1.
272 4139 450 4190 intellexeram
466 4155 520 4190 nan
537 4143 624 4190 minue
642 4141 684 4200 Μ,
702 4156 756 4190 non
773 4143 860 4191 minus
877 4143 1056 4193 intellexeram
1069 4144 1101 4193 R·
1125 4167 1153 4179 -
1173 4143 1200 4191 2.
1214 4140 1300 4207 teque]
1321 4155 1410 4212 atque
1430 4166 1495 4202 cu·

157 4205 265 4256 Gruterl
286 4211 375 4272 aperis
394 4211 424 4259 ll.
459 4235 488 4246 -
524 4226 589 4276 rapa
608 4211 691 4273 [aciae
711 4212 731 4262 Ι.
765 4235 792 4246 -
833 4218 857 4260 et
876 4221 937 4262 ante
956 4214 1066 4276 simplex
1084 4220 1269 4277 expunxerunt
1294 4216 1448 4270 Manutius
1469 4229 1495 4272 et

157 4276 314 4328 Lambinus.
351 4280 422 4329 Fert.
454 4295 496 4331 rea
521 4288 572 4331 eat:
599 4283 710 4344 simplex
736 4289 782 4331 est.
811 4282 861 4332 On.
889 4307 921 4319 -
956 4284 982 4332 ’1.
1003 4298 1053 4333 om.
1074 4285 1111 4334 m.
1134 4306 1162 4316 -
1201 4285 1245 4333 11.
1264 4298 1397 4348 eampum
1416 4291 1495 4341 Mar

155 4349 222 4397 uam
251 4348 273 4398 I.
299 4374 327 4385 -
367 4352 469 4413 copitar.
505 4352 541 4400 Et
564 4354 630 4401 seire
654 4365 717 4402 rane
735 4352 812 4401 celim
839 4354 906 4403 Ret
924 4365 994 4403 corr.
1014 4355 1057 4403 at:
1084 4354 1178 4417 sopiret
1195 4367 1258 4403 sane
1274 4356 1358 4406 celim
1378 4374 1426 4422 pr.
1447 4363 1492 4423 id,

155 4420 248 4482 eapitet
260 4425 283 4468 et
296 4419 361 4469 seire
369 4421 446 4468 velim
458 4421 478 4481 l,
494 4424 588 4485 sopitat
597 4427 621 4469 et
632 4423 767 4471 ranescire
775 4422 852 4472 celim
862 4437 923 4471 cum
935 4422 1132 4473 112011011-
1153 4424 1194 4472 12.
1208 4438 1273 4473 nam
1283 4429 1451 4489 cepitiaebl·
1462 4454 1493 4468 ·-·

155 4489 197 4538 15.
219 4502 273 4538 om·
288 4489 326 4540 11.
338 4511 370 4523 -
389 4489 431 4539 ro.
452 4492 481 4538 ni
498 4492 569 4553 erret]
587 4495 680 4542 inerret
689 4492 721 4541 R.
738 4516 766 4528 ·-
789 4491 830 4542 18.
851 4493 935 4557 fillum
948 4493 970 4544 1.
991 4518 1020 4530 -
1042 4511 1065 4542 ω
1077 4493 1412 4563 απεραντολογιανδους
1427 4502 1492 4553 HR.

154 4558 243 4616 (Corr.
269 4573 300 4609 ex
329 4555 373 4621 Y.)
403 4583 433 4595 -
470 4561 512 4610 te.
532 4565 686 4612 amoeniora
716 4563 834 4612 malebat
852 4564 1019 4613 Schuetzius.
1052 4587 1082 4599 -
1119 4560 1193 4626 eitta]
1211 4563 1269 4613 utto
1287 4565 1368 4619 mal.
1410 4571 1493 4628 (Cor-

155 4630 222 4679 rexit
240 4628 399 4688 Corradus.)
428 4652 459 4666 -
496 4630 669 4682 2111111ῑί.
698 4656 727 4669 -
765 4632 808 4680 21.
829 4635 879 4682 erit
896 4633 934 4683 11.
966 4659 992 4670 -
1032 4633 1135 4698 auidi.
1166 4655 1197 4668 -
1233 4634 1279 4684 23.
1308 4650 1368 4688 om.
1390 4639 1434 4690 m.
1457 4667 1493 4679 -

154 4698 283 4750 Smilla
308 4714 363 4749 om.
392 4698 415 4748 I.
445 4725 473 4735 -
512 4699 607 4749 ,tleain
624 4701 692 4751 MR:
723 4700 825 4752 Alexim
844 4702 888 4752 Ili.
918 4729 949 4739 -
985 4701 1029 4752 211.
1052 4698 1197 4764 Tisameno]
1228 4711 1391 4759 testamenta
1412 4712 1490 4764 1111.

155 4768 242 4823 sectr.
262 4784 294 4820 ex
314 4770 402 4825 XTZ.)
422 4795 454 4805 -
472 4769 516 4819 29.
535 4775 613 4818 vacat
631 4773 750 4833 superior
768 4771 803 4820 RI
822 4778 848 4822 et
866 4787 907 4836 pr·
927 4773 974 4825 bl:
992 4778 1208 4836 supercrescat
1226 4774 1247 4825 E
1265 4782 1384 4831 etaorr.
1398 4781 1441 4833 u.
1458 4806 1491 4820 -

154 4838 189 4887 ris
208 4839 230 4889 l.
252 4864 279 4876 -·
319 4841 363 4889 31.
383 4853 436 4890 om.
457 4839 495 4891 11.
518 4860 545 4873 ·-
583 4839 626 4890 (lb.
645 4847 745 4892 utam
766 4842 797 4892 R.
