3256 5400
504 231 580 296 mu
600 230 667 297 uu.
709 232 769 296 nr.
790 232 843 296 so.
863 232 917 296 sa.
936 189 990 297 ss.
1009 233 1062 296 sa.

563 389 681 453 surr.
723 388 826 468 (aaa
848 386 983 471 meto.)

462 501 605 566 arcano
628 501 658 565 s.
680 502 718 565 u.
739 503 781 565 u.
802 501 922 566 sacro
946 501 1088 566 cuno.

198 624 227 690 1.
248 624 383 688 Tantum
403 619 490 708 quod
510 640 551 684 ex
572 619 713 707 Arpinati
734 640 899 695 veneram,
927 640 999 685 cum
1020 619 1097 686 mihi
1125 641 1143 686 a
1165 629 1195 686 te
1216 620 1339 686 litterae
1360 620 1431 686 red·

115 715 197 784 ditae
223 723 312 793 sunt3
344 713 384 779 ab
413 711 588 800 eodemque
615 712 720 798 accepi
741 711 862 779 Avianii
889 713 1021 787 litteras,
1058 713 1090 778 in
1112 714 1227 800 quihus
1248 716 1309 782 hoc
1330 716 1431 781 inerat

114 808 382 883 liberalissimum,
404 806 532 873 nomina
553 828 587 871 se
609 806 781 880 facturum,
803 826 875 872 eum
897 805 1046 880 venisset,
1069 828 1130 893 qua
1153 829 1212 893 ego
1234 809 1347 874 vellem
1368 809 1453 875 dies

113 908 185 979 Fac,
224 922 361 991 quaeso,
395 901 450 988 qui
472 920 532 985 ego
553 921 638 975 sum,
660 921 729 965 esse
750 911 801 966 te:
835 909 922 965 estne
943 908 997 965 aut
1017 901 1063 964 tui
1084 900 1213 985 pudoris
1235 912 1288 967 ant
1310 901 1428 975 nostri,

113 996 249 1084 primum
270 1014 385 1080 rogare
407 994 446 1059 de
474 993 546 1067 die,
582 992 693 1058 deinde
721 993 791 1079 plus
818 1014 920 1058 annua
941 993 1122 1079 postularet
1158 994 1219 1059 Sed
1240 1005 1356 1070 essent,
1386 995 1429 1060 mi

115 1090 216 1165 Galle,
245 1089 350 1156 omnia
371 1089 491 1163 facilia,
528 1088 555 1153 si
576 1095 607 1153 et
638 1108 676 1152 ea
697 1096 851 1152 mercatus
874 1108 975 1162 esses,
1008 1108 1088 1173 quae
1110 1107 1169 1172 ego
1191 1086 1427 1164 desiderabam,

113 1192 145 1250 et
165 1184 204 1250 ad
218 1205 288 1250 eam
303 1204 469 1257 summam,
492 1202 586 1268 quam
599 1178 771 1247 volueram.
814 1183 858 1245 hc
873 1191 977 1246 tamen
990 1180 1049 1245 ista
1065 1179 1152 1265 ipsa,
1174 1202 1255 1267 quae
1269 1193 1299 1265 te
1315 1184 1428 1249 emisse

112 1275 239 1352 scribis,
262 1298 325 1342 uon
346 1276 448 1342 solum
469 1284 537 1340 rata
558 1273 635 1339 mihi
657 1283 751 1339 eruut
770 1272 827 1339 sed
848 1274 941 1339 etiam
959 1284 1065 1359 grata;
1087 1273 1178 1358 plane
1193 1275 1275 1339 enim
1289 1276 1428 1362 intelligo
1441 1293 1466 1331 ¹⁰

113 1377 144 1435 te
163 1390 228 1435 non
248 1368 344 1436 modo
365 1368 469 1435 studio
490 1367 546 1434 sed
573 1369 668 1443 etiam
689 1388 798 1433 amore
821 1388 931 1442 usum,
953 1389 1034 1454 quae
1055 1376 1086 1431 te
1108 1366 1305 1441 delectarint,
1328 1369 1430 1435 homi-

112 1485 199 1539 nem,
220 1470 257 1528 ut
277 1484 337 1548 ego
359 1483 484 1548 semper
503 1461 657 1537 iudicavi,
679 1461 820 1526 inomni
842 1461 958 1527 iudicio
980 1460 1258 1545 elegantissimum,
1281 1480 1362 1547 quae
1378 1484 1428 1527 mc

112 1550 205 1641 digna
224 1556 362 1643 putaris,
384 1555 546 1622 coemisse.
589 1559 619 1621 2.
643 1553 704 1621 Sed
724 1554 819 1619 velim
841 1565 965 1620 maneat
985 1552 1191 1640 Damasippus
1212 1553 1246 1617 in
1260 1554 1428 1632 sententia;

110 1670 242 1736 prorsus
270 1649 355 1715 enim
376 1670 417 1714 ex
438 1648 505 1714 istis
526 1648 737 1736 emptionibus
759 1648 874 1714 nullam
897 1647 1052 1713 desidero.
1107 1653 1154 1712 Tu
1175 1656 1279 1713 autem
1299 1647 1429 1733 ignarus

111 1740 241 1808 instituti
262 1740 340 1817 mei,
368 1741 477 1829 quami
497 1762 558 1827 ego
579 1762 678 1826 genus
699 1741 828 1807 omnino
850 1741 1010 1829 signorum
1032 1741 1172 1806 omnium
1192 1762 1256 1806 non
1277 1741 1466 1816 aestiment

110 1834 187 1901 tanti
207 1832 265 1899 ista
287 1843 435 1921 quattuor
455 1840 510 1900 aut
530 1835 668 1922 quinque
690 1835 858 1922 sumpsisti.
901 1835 1035 1900 Bacchas
1057 1835 1131 1899 istas
1152 1855 1223 1898 cum
1244 1834 1341 1900 hfusis
1363 1840 1429 1900 Me-

112 1926 176 1992 telli
204 1922 379 2014 comparas.
436 1926 521 2006 Quid
542 1928 665 1994 similet
694 1929 833 1994 Primum
860 1928 943 2015 ipsas
965 1949 1024 2013 ego
1046 1933 1150 1993 Musas
1171 1949 1329 2014 nunquam
1351 1927 1427 1993 tanfi

110 2028 284 2109 putassem,
317 2031 409 2107 atque
437 2020 470 2086 id
496 2020 639 2086 fecissem
668 2022 763 2087 Musis
785 2020 930 2087 omnibus
952 2019 1213 2107 approbantibus,
1246 2018 1302 2085 sed
1323 2027 1427 2084 tamen

110 2124 179 2180 erat
199 2122 305 2200 aptum
325 2111 531 2179 bibliothecae
552 2114 726 2202 studiisque
748 2115 863 2180 uostris
883 2134 1069 2199 congruens.
1112 2112 1240 2179 Bacchis
1266 2133 1344 2177 vero
1371 2111 1426 2177 uhi

110 2217 159 2274 est
177 2205 263 2293 apud
282 2227 334 2272 me
355 2207 465 2272 locus?
486 2243 527 2254 —
548 2212 587 2273 ht
607 2208 779 2293 pulchellae
801 2218 881 2274 sunt·
904 2244 946 2254 -
967 2207 1046 2273 Novi
1065 2207 1183 2293 optime
1198 2213 1229 2271 et
1243 2227 1336 2291 saepe
1351 2205 1464 2270 vidia

109 2299 297 2368 Nominatim
327 2298 382 2365 tibi
410 2300 498 2385 signa
525 2300 602 2366 mihi
630 2311 703 2366 nota
731 2300 942 2375 mandassem,
978 2301 1004 2366 si
1030 2300 1223 2389 probassem.
1276 2302 1321 2362 Ea
1343 2297 1426 2362 enim

110 2395 198 2481 signa
217 2414 277 2478 ego
291 2414 396 2458 emere
411 2393 514 2469 soleo,
536 2415 617 2481 quae
632 2394 671 2459 ad
686 2393 920 2459 similitudinem
933 2396 1167 2484 gymnasiorum
1180 2399 1334 2458 exornent
1351 2391 1427 2456 mihi

109 2486 143 2553 in
163 2486 317 2574 palaestra
339 2486 452 2551 locum.
501 2486 610 2551 Martis
631 2508 708 2552 vero
730 2489 853 2572 signum
874 2508 938 2574 quo
960 2487 1036 2553 mihi
1057 2487 1143 2574 pacis
1164 2484 1307 2551 auctorit
1344 2489 1426 2550 Gau·

109 2580 171 2646 deo
192 2580 312 2645 nullum
333 2578 459 2646 Saturni
492 2579 617 2665 signum
638 2578 754 2657 fuisse;
787 2579 865 2645 haec
886 2580 969 2644 enim
991 2579 1165 2664 duosigna
1184 2587 1327 2664 putarem
1349 2576 1426 2642 mihi

109 2695 164 2740 aes
184 2672 319 2738 alienum
339 2672 488 2739 attulisse.
531 2673 680 2739 Mercurii
712 2673 837 2739 mallem
858 2672 987 2761 aliquod
1010 2673 1139 2738 fuisset:
1171 2671 1310 2747 facilius,
1333 2680 1464 2757 puto,t⁵

109 2788 193 2834 cum·
202 2765 333 2832 Avianio
348 2765 520 2851 transigere
534 2786 707 2853 possemus.
750 2771 780 2832 3.
803 2766 897 2844 Quod
912 2765 968 2831 tihi
983 2766 1155 2831 destinaras
1169 2764 1425 2852 τραπεζοφόρον,

109 2859 190 2927 site
212 2858 355 2934 delectat,
384 2857 528 2939 hahebis;
559 2859 731 2926 sinautem
753 2860 937 2926 sententiam
959 2860 1096 2933 mutasti,
1119 2880 1179 2945 ego
1199 2855 1323 2923 habebo
1345 2855 1425 2922 scili-

109 2961 170 3019 cet.
218 2957 280 3018 Ista
307 2951 434 3039 quidem
463 2975 585 3019 summa
605 2975 663 3018 nae
685 2973 744 3037 ego
766 2951 864 3018 multo
886 2951 1033 3017 libentius
1054 2952 1185 3017 emerim
1207 2951 1425 3017 deversorium

110 3047 315 3121 Tarracinae,
337 3068 377 3111 ne
399 3068 524 3132 semper
545 3047 661 3133 hospiti
681 3046 831 3110 molestus
853 3045 921 3110 sim.
967 3046 1102 3110 Omnino
1122 3043 1227 3110 liberti
1249 3044 1310 3107 mei
1332 3043 1426 3108 video

111 3161 180 3206 esse
201 3140 341 3225 culpam,
362 3139 413 3205 cui
434 3141 524 3227 plane
545 3162 597 3205 res
618 3150 719 3205 certas
736 3138 933 3216 mandaram
955 3138 1092 3224 itemque
1114 3138 1210 3211 lonii,
1233 3158 1326 3222 quem
1349 3145 1463 3222 puto*

111 3233 168 3300 tihi
189 3244 298 3299 notum
320 3255 405 3309 esse,
426 3234 549 3300 Avianii
569 3233 765 3298 familiarem.
807 3230 964 3296 Exhedria
985 3231 1139 3317 quaedam
1160 3229 1238 3294 mihi
1261 3252 1341 3296 nova
1355 3238 1427 3296 sunt

111 3328 249 3394 instituta
270 3328 301 3392 in
322 3327 478 3414 porticula
498 3326 673 3393 Tusculani.
723 3330 767 3389 Ea
787 3322 931 3390 volebam
952 3323 1074 3390 tabellis
1095 3343 1223 3399 ornare;
1246 3327 1376 3399 etenim,
1399 3323 1427 3388 si

111 3421 189 3510 qnid
208 3421 333 3506 generis
361 3419 539 3485 istiusmodi
570 3440 621 3484 me
643 3418 791 3491 delectat,
827 3417 948 3504 pictura
969 3418 1110 3485 delectat
1168 3417 1230 3483 Sed
1251 3424 1371 3491 tamem
1400 3415 1427 3480 si

111 3515 171 3581 ista
198 3514 275 3579 mihi
301 3523 374 3580 sunt
401 3511 561 3587 habenda,
593 3512 760 3578 certiorem
781 3511 876 3577 velim
898 3533 948 3577 me
969 3512 1079 3587 facias,
1115 3510 1170 3578 nbi
1192 3512 1269 3585 sint,
1301 3506 1427 3595 quando

111 3615 326 3695 arcessantur,
358 3627 423 3693 quo
451 3626 567 3691 genere
598 3613 756 3670 vecturae.
809 3605 841 3670 Si
872 3605 955 3669 enim
980 3604 1184 3691 Damasippus
1214 3603 1245 3668 in
1275 3602 1465 3668 sententiaa

112 3720 175 3767 nou
195 3699 347 3776 manebit,
380 3699 518 3785 aliquem
545 3697 884 3784 Pseudodamasippum
911 3698 961 3763 vel
990 3718 1060 3762 cum
1083 3697 1200 3763 iactura
1221 3697 1427 3783 reperiemus.

111 3794 142 3860 d.
164 3793 259 3871 Quod
286 3793 397 3859 adme
430 3792 470 3857 de
492 3791 587 3858 domo
608 3790 718 3856 scribis
740 3790 869 3867 iterum,
902 3791 965 3856 iam
985 3791 1017 3856 id
1039 3811 1098 3876 ego
1120 3789 1321 3877 proficiscens
1342 3809 1429 3853 mau-

112 3886 224 3953 daham
246 3907 334 3952 meae
361 3886 498 3962 lhrlliae;
535 3907 572 3950 ea
593 3885 676 3949 enim
698 3884 765 3970 ipsa
786 3885 865 3950 hora
887 3905 1068 3971 acceperam
1089 3893 1158 3949 tuas
1179 3883 1306 3949 litteras.
1348 3887 1426 3967 Ege-

112 4002 179 4046 ram
200 3980 293 4046 etiam
319 4001 391 4046 cum
411 3988 467 4046 tuo
488 3979 587 4054 Nicia,
621 3977 706 4066 quod
728 3979 754 4043 is
775 3979 889 4054 utitur,
925 3986 961 4044 ut
981 3978 1057 4055 scis,
1094 3978 1289 4043 familiariter
1311 3974 1427 4041 Cassio.

113 4077 151 4140 ut
169 4072 250 4138 redii
272 4082 393 4149 autem,
415 4072 505 4159 prius
526 4092 621 4159 quam
642 4080 710 4135 tuas
732 4071 794 4156 legi
814 4072 870 4138 has
891 4073 1052 4159 proximas
1069 4072 1202 4147 litteras,
1226 4068 1367 4157 quaesivi
1387 4067 1465 4132 deso

113 4186 181 4232 mea
208 4166 326 4242 Tullia,
356 4165 432 4253 quid
456 4165 580 4251 egisset.
632 4168 693 4228 Per
713 4163 862 4231 Liciniam
884 4186 918 4230 sc
949 4166 1048 4250 egisse
1070 4164 1207 4244 dicebat;
1237 4164 1293 4230 sed
1314 4163 1428 4251 opinor

114 4259 251 4326 &asiam
272 4259 319 4326 uti
340 4280 404 4324 non
425 4258 469 4324 ita
490 4258 621 4323 multum
642 4276 768 4334 sorore;
799 4278 868 4322 eam
889 4278 987 4343 porro
1008 4280 1123 4343 negare
1145 4279 1178 4324 se
1200 4258 1333 4330 audere,
1356 4277 1427 4321 cum

113 4352 162 4418 vir
181 4350 365 4419 abesset-
388 4360 435 4418 est
455 4352 539 4417 enim
560 4348 718 4437 profectus
739 4348 772 4413 iu
792 4349 972 4435 Hispaniam
993 4351 1141 4431 †Dexius
1162 4384 1217 4426 -·,
1245 4351 1300 4416 illo
1323 4358 1354 4414 et
1374 4348 1430 4414 ah-

180 4513 208 4564 2.
227 4513 312 4564 Fods'c
330 4514 458 4576 Pighiusa
483 4513 567 4563 Fcbto
584 4511 645 4560 hill.
675 4533 704 4545 -
740 4509 767 4560 4.
786 4511 893 4559 dotano·
909 4511 950 4561 lt:
979 4511 1074 4560 dotent
1092 4511 1123 4561 B.
1152 4537 1182 4549 -
1218 4511 1428 4573 ·1.po·ratarnc

113 4582 152 4633 11.
172 4606 204 4620 -
239 4585 267 4635 t).
285 4584 322 4634 dc
339 4591 427 4634 tamen
445 4582 492 4634 hf:
518 4583 641 4633 Attamen
658 4581 688 4630 ll·
716 4605 744 4617 -
782 4581 826 4630 ts.
845 4581 917 4630 l'crt.
936 4582 999 4644 qutu
1015 4595 1065 4631 nac.
1085 4580 1136 4631 On.
1161 4604 1193 4617 -
1230 4581 1273 4631 ld.
1291 4581 1428 4642 nomem

113 4652 152 4702 Η.
183 4676 214 4689 -
252 4653 296 4703 19.
314 4660 390 4705 erant
412 4653 450 4703 Μ.
486 4653 559 4702 Fert.
578 4656 655 4701 mant
672 4641 792 4715 ἄγαλμα
815 4656 917 4711 aptum.
941 4649 993 4701 Oa.
1025 4675 1057 4687 ·-
1092 4651 1137 4701 25.
1155 4651 1258 4713 [umbus
1276 4649 1427 4700 Victorius:

112 4722 212 4787 {alm
228 4723 289 4773 ΜΕ.
319 4747 350 4760 -
386 4722 431 4773 hb.
451 4722 655 4785 trapauphoron
672 4720 714 4778 tt,
739 4719 949 4781 trapezophoren
967 4719 996 4769 tt.
1018 4743 1048 4756 ·-
1084 4721 1128 4770 27.
1147 4720 1229 4770 hobae
1246 4719 1284 4769 hl.
1303 4745 1334 4756 ·-
1353 4720 1428 4769 Fert.

114 4792 227 4844 habebo:
247 4793 304 4844 licat
322 4795 376 4843 tata
393 4798 445 4842 cet.
466 4793 547 4844 hair.
568 4814 599 4828 -
635 4790 679 4839 ³1.
698 4790 827 4840 mouens
843 4788 880 4840 lt.
901 4813 934 4825 -
969 4788 1013 4839 ³7.
1031 4789 1192 4840 madabena
1209 4790 1252 4840 lt:
1270 4789 1430 4839 wadum

114 4860 145 4912 tt.
165 4886 196 4900 -
232 4861 278 4914 ts.
296 4875 412 4915 sormam
432 4861 471 4914 lt.
491 4888 521 4901 -
558 4861 604 4913 dd.
622 4860 740 4912 unone
758 4859 915 4912 Lambinus.
938 4855 1021 4924 (Sana
1039 4860 1103 4912 latet
1120 4860 1166 4911 htc
1183 4853 1359 4922 corruptela.)
