<?xml version="1.0" encoding="UTF-8"?>
<!DOCTYPE html PUBLIC "-//W3C//DTD XHTML 1.0 Transitional//EN"
    "http://www.w3.org/TR/xhtml1/DTD/xhtml1-transitional.dtd">
<html xmlns="http://www.w3.org/1999/xhtml" xml:lang="en" lang="en">
 <head>
  <title>
</title>
<meta http-equiv="Content-Type" content="text/html;charset=utf-8" />
  <meta name='ocr-system' content='tesseract 3.04.00' />
  <meta name='ocr-capabilities' content='ocr_page ocr_carea ocr_par ocr_line ocrx_word'/>
</head>
<body>
  <div class='ocr_page' id='page_1' title='image "./operaquaesupers06halmgoog_0368.png"; bbox 0 0 3256 5400; ppageno 0'>
   <div class='ocr_carea' id='block_1_1' title="bbox 168 224 1582 472">
    <p class='ocr_par' dir='ltr' id='par_1_1' title="bbox 168 224 1582 472">
     <span class='ocr_line' id='line_1_1' title="bbox 169 224 1057 296; baseline -0.008 0"><span class='ocrx_word' id='word_1_1' title='bbox 169 232 235 296; x_wconf 70' lang='lat'><strong>298</strong></span> <span class='ocrx_word' id='word_1_2' title='bbox 597 224 872 293; x_wconf 73' lang='lat' dir='ltr'><strong>zetsrotnntnt</strong></span> <span class='ocrx_word' id='word_1_3' title='bbox 892 229 945 291; x_wconf 78' lang='lat' dir='ltr'><strong>AD</strong></span> <span class='ocrx_word' id='word_1_4' title='bbox 966 228 1057 290; x_wconf 65' lang='lat' dir='ltr'><strong>rs!</strong></span> 
     </span>
     <span class='ocr_line' id='line_1_2' title="bbox 168 368 1582 472; baseline -0.004 -15"><span class='ocrx_word' id='word_1_5' title='bbox 168 391 293 457; x_wconf 75' lang='lat' dir='ltr'>Petreio</span> <span class='ocrx_word' id='word_1_6' title='bbox 320 385 450 453; x_wconf 79' lang='lat' dir='ltr'><strong>ducibus</strong></span> <span class='ocrx_word' id='word_1_7' title='bbox 478 383 571 449; x_wconf 88' lang='lat' dir='ltr'><strong>habet</strong></span> <span class='ocrx_word' id='word_1_8' title='bbox 599 405 619 448; x_wconf 90' lang='lat' dir='ltr'><strong>a</strong></span> <span class='ocrx_word' id='word_1_9' title='bbox 645 397 744 468; x_wconf 89' lang='lat' dir='ltr'><strong>tergo.</strong></span> <span class='ocrx_word' id='word_1_10' title='bbox 787 383 933 456; x_wconf 78' lang='lat' dir='ltr'><strong>Videtur,</strong></span> <span class='ocrx_word' id='word_1_11' title='bbox 967 385 994 448; x_wconf 92' lang='lat' dir='ltr'><strong>si</strong></span> <span class='ocrx_word' id='word_1_12' title='bbox 1022 385 1169 456; x_wconf 85' lang='lat' dir='ltr'><strong>insaniet,</strong></span> <span class='ocrx_word' id='word_1_13' title='bbox 1211 405 1304 470; x_wconf 87' lang='lat' dir='ltr'><strong>posse</strong></span> <span class='ocrx_word' id='word_1_14' title='bbox 1327 387 1488 472; x_wconf 92' lang='lat' dir='ltr'><strong>opprtmi,</strong></span> <span class='ocrx_word' id='word_1_15' title='bbox 1579 368 1582 372; x_wconf 35' lang='grc'>’</span> 
     </span>
    </p>
   </div>
   <div class='ocr_carea' id='block_1_2' title="bbox 132 478 1490 2435">
    <p class='ocr_par' dir='ltr' id='par_1_2' title="bbox 132 478 1490 2435">
     <span class='ocr_line' id='line_1_3' title="bbox 170 478 1489 567; baseline -0.005 -17"><span class='ocrx_word' id='word_1_16' title='bbox 170 484 265 551; x_wconf 93' lang='lat' dir='ltr'><strong>modo</strong></span> <span class='ocrx_word' id='word_1_17' title='bbox 291 495 325 548; x_wconf 90' lang='lat' dir='ltr'><strong>ut</strong></span> <span class='ocrx_word' id='word_1_18' title='bbox 352 479 431 545; x_wconf 88' lang='lat' dir='ltr'><strong>urbe</strong></span> <span class='ocrx_word' id='word_1_19' title='bbox 457 479 551 544; x_wconf 82' lang='lat' dir='ltr'><strong>salva</strong></span> <span class='ocrx_word' id='word_1_20' title='bbox 592 480 760 544; x_wconf 80' lang='lat' dir='ltr'><strong>llaximam</strong></span> <span class='ocrx_word' id='word_1_21' title='bbox 788 488 891 542; x_wconf 87' lang='lat' dir='ltr'><strong>autem</strong></span> <span class='ocrx_word' id='word_1_22' title='bbox 919 479 1041 563; x_wconf 82' lang='lat' dir='ltr'><strong>plagam</strong></span> <span class='ocrx_word' id='word_1_23' title='bbox 1072 478 1208 563; x_wconf 85' lang='lat' dir='ltr'><strong>aceepit,</strong></span> <span class='ocrx_word' id='word_1_24' title='bbox 1240 478 1326 563; x_wconf 94' lang='lat' dir='ltr'><strong>quod</strong></span> <span class='ocrx_word' id='word_1_25' title='bbox 1352 480 1396 554; x_wconf 88' lang='lat' dir='ltr'><strong>is,</strong></span> <span class='ocrx_word' id='word_1_26' title='bbox 1431 482 1489 567; x_wconf 93' lang='lat' dir='ltr'><strong>qui</strong></span> 
     </span>
     <span class='ocr_line' id='line_1_4' title="bbox 169 570 1485 645; baseline -0.005 -1"><span class='ocrx_word' id='word_1_27' title='bbox 169 597 320 645; x_wconf 84' lang='lat' dir='ltr'><strong>summam</strong></span> <span class='ocrx_word' id='word_1_28' title='bbox 340 573 555 638; x_wconf 83' lang='lat' dir='ltr'><strong>auctoritatem</strong></span> <span class='ocrx_word' id='word_1_29' title='bbox 582 572 615 636; x_wconf 93' lang='lat' dir='ltr'><strong>in</strong></span> <span class='ocrx_word' id='word_1_30' title='bbox 646 571 730 636; x_wconf 88' lang='lat' dir='ltr'><strong>illins</strong></span> <span class='ocrx_word' id='word_1_31' title='bbox 750 572 891 637; x_wconf 84' lang='lat' dir='ltr'><strong>exercitu</strong></span> <span class='ocrx_word' id='word_1_32' title='bbox 912 570 1061 644; x_wconf 84' lang='lat' dir='ltr'><strong>babebat,</strong></span> <span class='ocrx_word' id='word_1_33' title='bbox 1096 577 1132 636; x_wconf 88' lang='grc' dir='ltr'><strong>Τ.</strong></span> <span class='ocrx_word' id='word_1_34' title='bbox 1164 570 1341 644; x_wconf 73' lang='lat' dir='ltr'><strong>Labienus,</strong></span> <span class='ocrx_word' id='word_1_35' title='bbox 1378 575 1485 639; x_wconf 84' lang='lat' dir='ltr'><strong>socius</strong></span> 
     </span>
     <span class='ocr_line' id='line_1_5' title="bbox 168 663 1487 752; baseline -0.003 -15"><span class='ocrx_word' id='word_1_36' title='bbox 168 670 296 738; x_wconf 88' lang='lat' dir='ltr'><strong>sceleris</strong></span> <span class='ocrx_word' id='word_1_37' title='bbox 317 688 386 731; x_wconf 84' lang='lat' dir='ltr'><strong>esse</strong></span> <span class='ocrx_word' id='word_1_38' title='bbox 399 666 514 731; x_wconf 92' lang='lat' dir='ltr'><strong>noluit:</strong></span> <span class='ocrx_word' id='word_1_39' title='bbox 539 666 668 752; x_wconf 90' lang='lat' dir='ltr'><strong>reliquit</strong></span> <span class='ocrx_word' id='word_1_40' title='bbox 686 666 775 730; x_wconf 91' lang='lat' dir='ltr'><strong>illum</strong></span> <span class='ocrx_word' id='word_1_41' title='bbox 790 674 821 730; x_wconf 89' lang='lat' dir='ltr'><strong>et</strong></span> <span class='ocrx_word' id='word_1_42' title='bbox 835 663 996 730; x_wconf 84' lang='lat' dir='ltr'><strong>nobismm</strong></span> <span class='ocrx_word' id='word_1_43' title='bbox 1010 675 1073 742; x_wconf 81' lang='lat' dir='ltr'><strong>est;</strong></span> <span class='ocrx_word' id='word_1_44' title='bbox 1094 666 1247 752; x_wconf 89' lang='lat' dir='ltr'><strong>multique</strong></span> <span class='ocrx_word' id='word_1_45' title='bbox 1268 667 1352 731; x_wconf 88' lang='lat' dir='ltr'><strong>idem</strong></span> <span class='ocrx_word' id='word_1_46' title='bbox 1370 667 1487 732; x_wconf 87' lang='lat' dir='ltr'><strong>lacturi</strong></span> 
     </span>
     <span class='ocr_line' id='line_1_6' title="bbox 146 758 1490 846; baseline 0 -20"><span class='ocrx_word' id='word_1_47' title='bbox 146 784 238 830; x_wconf 74' lang='lat' dir='ltr'><strong>resse</strong></span> <span class='ocrx_word' id='word_1_48' title='bbox 260 762 414 827; x_wconf 89' lang='lat' dir='ltr'><strong>dicuutur.</strong></span> <span class='ocrx_word' id='word_1_49' title='bbox 455 766 486 825; x_wconf 84' lang='lat'><strong>5.</strong></span> <span class='ocrx_word' id='word_1_50' title='bbox 507 765 574 846; x_wconf 82' lang='lat' dir='ltr'><strong>Ego</strong></span> <span class='ocrx_word' id='word_1_51' title='bbox 594 759 696 824; x_wconf 84' lang='lat' dir='ltr'><strong>adbuc</strong></span> <span class='ocrx_word' id='word_1_52' title='bbox 716 779 792 824; x_wconf 89' lang='lat' dir='ltr'><strong>orae</strong></span> <span class='ocrx_word' id='word_1_53' title='bbox 815 758 987 822; x_wconf 86' lang='lat' dir='ltr'><strong>maritimae</strong></span> <span class='ocrx_word' id='word_1_54' title='bbox 1009 779 1196 843; x_wconf 87' lang='lat' dir='ltr'><strong>praesuma</strong></span> <span class='ocrx_word' id='word_1_55' title='bbox 1221 761 1366 824; x_wconf 80' lang='lat' dir='ltr'>Formiis.</span> <span class='ocrx_word' id='word_1_56' title='bbox 1409 762 1490 826; x_wconf 78' lang='lat' dir='ltr'><strong>Nul-</strong></span> 
     </span>
     <span class='ocr_line' id='line_1_7' title="bbox 167 851 1488 939; baseline -0.005 -15"><span class='ocrx_word' id='word_1_57' title='bbox 167 859 232 924; x_wconf 88' lang='lat' dir='ltr'><strong>lum</strong></span> <span class='ocrx_word' id='word_1_58' title='bbox 256 856 355 919; x_wconf 90' lang='lat' dir='ltr'><strong>rnaius</strong></span> <span class='ocrx_word' id='word_1_59' title='bbox 378 853 536 939; x_wconf 89' lang='lat' dir='ltr'><strong>negotium</strong></span> <span class='ocrx_word' id='word_1_60' title='bbox 555 853 715 938; x_wconf 73' lang='lat' dir='ltr'>suscipere</span> <span class='ocrx_word' id='word_1_61' title='bbox 733 851 834 926; x_wconf 90' lang='lat' dir='ltr'><strong>volui,</strong></span> <span class='ocrx_word' id='word_1_62' title='bbox 856 872 920 939; x_wconf 91' lang='lat' dir='ltr'><strong>quo</strong></span> <span class='ocrx_word' id='word_1_63' title='bbox 941 852 1011 936; x_wconf 88' lang='lat' dir='ltr'><strong>plns</strong></span> <span class='ocrx_word' id='word_1_64' title='bbox 1028 853 1112 937; x_wconf 92' lang='lat' dir='ltr'><strong>apud</strong></span> <span class='ocrx_word' id='word_1_65' title='bbox 1135 853 1222 918; x_wconf 92' lang='lat' dir='ltr'><strong>illum</strong></span> <span class='ocrx_word' id='word_1_66' title='bbox 1246 874 1334 917; x_wconf 89' lang='lat' dir='ltr'><strong>meae</strong></span> <span class='ocrx_word' id='word_1_67' title='bbox 1363 854 1488 918; x_wconf 79' lang='lat' dir='ltr'><strong>litteras</strong></span> 
     </span>
     <span class='ocr_line' id='line_1_8' title="bbox 168 945 1488 1033; baseline -0.005 -17"><span class='ocrx_word' id='word_1_68' title='bbox 168 948 460 1033; x_wconf 87' lang='lat' dir='ltr'><strong>oobortationesqne</strong></span> <span class='ocrx_word' id='word_1_69' title='bbox 481 947 521 1012; x_wconf 92' lang='lat' dir='ltr'><strong>ad</strong></span> <span class='ocrx_word' id='word_1_70' title='bbox 546 966 654 1032; x_wconf 90' lang='lat' dir='ltr'><strong>pacem</strong></span> <span class='ocrx_word' id='word_1_71' title='bbox 678 947 827 1011; x_wconf 80' lang='lat' dir='ltr'><strong>valerent</strong></span> <span class='ocrx_word' id='word_1_72' title='bbox 875 946 1052 1010; x_wconf 82' lang='lat' dir='ltr'><strong>sinautem</strong></span> <span class='ocrx_word' id='word_1_73' title='bbox 1077 947 1138 1010; x_wconf 91' lang='lat' dir='ltr'><strong>erit</strong></span> <span class='ocrx_word' id='word_1_74' title='bbox 1158 945 1296 1020; x_wconf 91' lang='lat' dir='ltr'><strong>bellum,</strong></span> <span class='ocrx_word' id='word_1_75' title='bbox 1319 946 1414 1010; x_wconf 86' lang='lat' dir='ltr'><strong>video</strong></span> <span class='ocrx_word' id='word_1_76' title='bbox 1434 968 1488 1010; x_wconf 89' lang='lat' dir='ltr'><strong>me</strong></span> 
     </span>
     <span class='ocr_line' id='line_1_9' title="bbox 167 1038 1486 1124; baseline -0.002 -17"><span class='ocrx_word' id='word_1_77' title='bbox 167 1041 277 1107; x_wconf 82' lang='lat' dir='ltr'><strong>eastris</strong></span> <span class='ocrx_word' id='word_1_78' title='bbox 304 1050 336 1103; x_wconf 93' lang='lat' dir='ltr'><strong>et</strong></span> <span class='ocrx_word' id='word_1_79' title='bbox 353 1040 448 1104; x_wconf 88' lang='lat' dir='ltr'><strong>certis</strong></span> <span class='ocrx_word' id='word_1_80' title='bbox 469 1038 645 1124; x_wconf 71' lang='lat' dir='ltr'><strong>legionibus</strong></span> <span class='ocrx_word' id='word_1_81' title='bbox 667 1039 891 1124; x_wconf 89' lang='lat' dir='ltr'><strong>praeluturum.</strong></span> <span class='ocrx_word' id='word_1_82' title='bbox 933 1039 1043 1103; x_wconf 83' lang='lat' dir='ltr'><strong>Habeo</strong></span> <span class='ocrx_word' id='word_1_83' title='bbox 1070 1041 1163 1104; x_wconf 90' lang='lat' dir='ltr'><strong>etiam</strong></span> <span class='ocrx_word' id='word_1_84' title='bbox 1186 1040 1269 1104; x_wconf 92' lang='lat' dir='ltr'><strong>illam</strong></span> <span class='ocrx_word' id='word_1_85' title='bbox 1292 1039 1486 1112; x_wconf 78' lang='lat' dir='ltr'><strong>molestiam,</strong></span> 
     </span>
     <span class='ocr_line' id='line_1_10' title="bbox 167 1133 1487 1222; baseline -0.002 -22"><span class='ocrx_word' id='word_1_86' title='bbox 167 1135 252 1222; x_wconf 92' lang='lat' dir='ltr'><strong>quod</strong></span> <span class='ocrx_word' id='word_1_87' title='bbox 273 1133 433 1199; x_wconf 79' lang='lat' dir='ltr'><strong>Dolabella</strong></span> <span class='ocrx_word' id='word_1_88' title='bbox 467 1146 574 1199; x_wconf 87' lang='lat' dir='ltr'><strong>noster</strong></span> <span class='ocrx_word' id='word_1_89' title='bbox 593 1134 677 1218; x_wconf 90' lang='lat' dir='ltr'><strong>apud</strong></span> <span class='ocrx_word' id='word_1_90' title='bbox 696 1137 859 1198; x_wconf 87' lang='lat' dir='ltr'><strong>Caesarem</strong></span> <span class='ocrx_word' id='word_1_91' title='bbox 884 1143 941 1197; x_wconf 79' lang='lat' dir='ltr'><strong>est</strong></span> <span class='ocrx_word' id='word_1_92' title='bbox 997 1136 1080 1196; x_wconf 83' lang='lat' dir='ltr'><strong>Haec</strong></span> <span class='ocrx_word' id='word_1_93' title='bbox 1103 1133 1161 1197; x_wconf 93' lang='lat' dir='ltr'><strong>tibi</strong></span> <span class='ocrx_word' id='word_1_94' title='bbox 1186 1143 1259 1196; x_wconf 87' lang='lat' dir='ltr'><strong>nota</strong></span> <span class='ocrx_word' id='word_1_95' title='bbox 1282 1153 1351 1197; x_wconf 90' lang='lat' dir='ltr'><strong>esse</strong></span> <span class='ocrx_word' id='word_1_96' title='bbox 1377 1133 1487 1208; x_wconf 88' lang='lat' dir='ltr'><strong>volni;</strong></span> 
     </span>
     <span class='ocr_line' id='line_1_11' title="bbox 132 1225 1487 1314; baseline 0.003 -26"><span class='ocrx_word' id='word_1_97' title='bbox 132 1246 160 1289; x_wconf 82' lang='grc' dir='ltr'><strong>ιο</strong></span> <span class='ocrx_word' id='word_1_98' title='bbox 168 1249 250 1314; x_wconf 90' lang='lat' dir='ltr'><strong>quae</strong></span> <span class='ocrx_word' id='word_1_99' title='bbox 271 1248 345 1292; x_wconf 88' lang='lat' dir='ltr'><strong>cave</strong></span> <span class='ocrx_word' id='word_1_100' title='bbox 367 1249 406 1291; x_wconf 93' lang='lat' dir='ltr'><strong>ne</strong></span> <span class='ocrx_word' id='word_1_101' title='bbox 428 1237 458 1292; x_wconf 90' lang='lat' dir='ltr'><strong>te</strong></span> <span class='ocrx_word' id='word_1_102' title='bbox 479 1226 663 1312; x_wconf 88' lang='lat' dir='ltr'><strong>perturbent</strong></span> <span class='ocrx_word' id='word_1_103' title='bbox 687 1235 719 1289; x_wconf 90' lang='lat' dir='ltr'><strong>et</strong></span> <span class='ocrx_word' id='word_1_104' title='bbox 744 1225 914 1311; x_wconf 73' lang='lat' dir='ltr'><strong>impediant</strong></span> <span class='ocrx_word' id='word_1_105' title='bbox 935 1226 1144 1291; x_wconf 89' lang='lat' dir='ltr'><strong>valetudinem</strong></span> <span class='ocrx_word' id='word_1_106' title='bbox 1169 1236 1264 1291; x_wconf 88' lang='lat' dir='ltr'><strong>tuam.</strong></span> <span class='ocrx_word' id='word_1_107' title='bbox 1307 1231 1338 1289; x_wconf 89' lang='grc'><strong>6.</strong></span> <span class='ocrx_word' id='word_1_108' title='bbox 1360 1231 1427 1310; x_wconf 86' lang='lat' dir='ltr'><strong>Ego</strong></span> <span class='ocrx_word' id='word_1_109' title='bbox 1449 1232 1487 1292; x_wconf 79' lang='lat' dir='ltr'><strong>A.</strong></span> 
     </span>
     <span class='ocr_line' id='line_1_12' title="bbox 169 1319 1486 1407; baseline 0.002 -20"><span class='ocrx_word' id='word_1_110' title='bbox 169 1321 318 1395; x_wconf 85' lang='lat' dir='ltr'><strong>Varroni,</strong></span> <span class='ocrx_word' id='word_1_111' title='bbox 354 1343 446 1407; x_wconf 89' lang='lat' dir='ltr'><strong>quem</strong></span> <span class='ocrx_word' id='word_1_112' title='bbox 467 1342 538 1386; x_wconf 92' lang='lat' dir='ltr'><strong>cum</strong></span> <span class='ocrx_word' id='word_1_113' title='bbox 560 1319 804 1385; x_wconf 84' lang='lat' dir='ltr'><strong>amantissimum</strong></span> <span class='ocrx_word' id='word_1_114' title='bbox 830 1321 893 1384; x_wconf 93' lang='lat' dir='ltr'><strong>mei</strong></span> <span class='ocrx_word' id='word_1_115' title='bbox 918 1323 1067 1406; x_wconf 80' lang='lat' dir='ltr'><strong>cognovi,</strong></span> <span class='ocrx_word' id='word_1_116' title='bbox 1100 1330 1167 1385; x_wconf 90' lang='lat' dir='ltr'><strong>tum</strong></span> <span class='ocrx_word' id='word_1_117' title='bbox 1197 1321 1290 1386; x_wconf 89' lang='lat' dir='ltr'><strong>etiam</strong></span> <span class='ocrx_word' id='word_1_118' title='bbox 1319 1323 1409 1387; x_wconf 86' lang='lat' dir='ltr'><strong>valde</strong></span> <span class='ocrx_word' id='word_1_119' title='bbox 1437 1324 1486 1390; x_wconf 92' lang='lat' dir='ltr'><strong>tui</strong></span> 
     </span>
     <span class='ocr_line' id='line_1_13' title="bbox 168 1413 1485 1501; baseline 0.002 -22"><span class='ocrx_word' id='word_1_120' title='bbox 168 1414 361 1501; x_wconf 86' lang='lat' dir='ltr'><strong>studiosum,</strong></span> <span class='ocrx_word' id='word_1_121' title='bbox 384 1414 617 1498; x_wconf 75' lang='lat' dir='ltr'><strong>diligentissime</strong></span> <span class='ocrx_word' id='word_1_122' title='bbox 637 1424 667 1477; x_wconf 91' lang='lat' dir='ltr'><strong>te</strong></span> <span class='ocrx_word' id='word_1_123' title='bbox 687 1413 917 1488; x_wconf 89' lang='lat' dir='ltr'><strong>commendavi,</strong></span> <span class='ocrx_word' id='word_1_124' title='bbox 939 1426 974 1479; x_wconf 92' lang='lat' dir='ltr'><strong>ut</strong></span> <span class='ocrx_word' id='word_1_125' title='bbox 987 1424 1019 1480; x_wconf 89' lang='lat' dir='ltr'><strong>et</strong></span> <span class='ocrx_word' id='word_1_126' title='bbox 1032 1414 1219 1481; x_wconf 88' lang='lat' dir='ltr'><strong>valetudinis</strong></span> <span class='ocrx_word' id='word_1_127' title='bbox 1236 1424 1308 1479; x_wconf 93' lang='lat' dir='ltr'><strong>tuae</strong></span> <span class='ocrx_word' id='word_1_128' title='bbox 1328 1416 1485 1481; x_wconf 93' lang='lat' dir='ltr'><strong>rationem</strong></span> 
     </span>
     <span class='ocr_line' id='line_1_14' title="bbox 168 1505 1486 1594; baseline 0.001 -22"><span class='ocrx_word' id='word_1_129' title='bbox 168 1505 298 1573; x_wconf 87' lang='lat' dir='ltr'><strong>baberet</strong></span> <span class='ocrx_word' id='word_1_130' title='bbox 319 1518 350 1573; x_wconf 91' lang='lat' dir='ltr'><strong>et</strong></span> <span class='ocrx_word' id='word_1_131' title='bbox 371 1507 575 1592; x_wconf 90' lang='lat' dir='ltr'><strong>navigationis</strong></span> <span class='ocrx_word' id='word_1_132' title='bbox 597 1517 629 1572; x_wconf 91' lang='lat' dir='ltr'><strong>et</strong></span> <span class='ocrx_word' id='word_1_133' title='bbox 654 1516 754 1571; x_wconf 92' lang='lat' dir='ltr'><strong>totum</strong></span> <span class='ocrx_word' id='word_1_134' title='bbox 774 1516 804 1569; x_wconf 90' lang='lat' dir='ltr'><strong>te</strong></span> <span class='ocrx_word' id='word_1_135' title='bbox 825 1509 998 1593; x_wconf 89' lang='lat' dir='ltr'><strong>susciperet</strong></span> <span class='ocrx_word' id='word_1_136' title='bbox 1019 1529 1056 1574; x_wconf 87' lang='lat' dir='ltr'><strong>ao</strong></span> <span class='ocrx_word' id='word_1_137' title='bbox 1078 1518 1236 1584; x_wconf 88' lang='lat' dir='ltr'><strong>tueretur;</strong></span> <span class='ocrx_word' id='word_1_138' title='bbox 1264 1530 1358 1594; x_wconf 93' lang='lat' dir='ltr'><strong>quem</strong></span> <span class='ocrx_word' id='word_1_139' title='bbox 1378 1510 1486 1573; x_wconf 87' lang='lat' dir='ltr'><strong>omnia</strong></span> 
     </span>
     <span class='ocr_line' id='line_1_15' title="bbox 169 1599 1485 1684; baseline 0.001 -19"><span class='ocrx_word' id='word_1_140' title='bbox 169 1600 322 1666; x_wconf 80' lang='lat' dir='ltr'><strong>lecturum</strong></span> <span class='ocrx_word' id='word_1_141' title='bbox 346 1600 483 1676; x_wconf 89' lang='lat' dir='ltr'><strong>conlido;</strong></span> <span class='ocrx_word' id='word_1_142' title='bbox 516 1601 634 1684; x_wconf 89' lang='lat' dir='ltr'><strong>recepit</strong></span> <span class='ocrx_word' id='word_1_143' title='bbox 661 1599 744 1664; x_wconf 92' lang='lat' dir='ltr'><strong>enim</strong></span> <span class='ocrx_word' id='word_1_144' title='bbox 765 1608 797 1662; x_wconf 89' lang='lat' dir='ltr'><strong>et</strong></span> <span class='ocrx_word' id='word_1_145' title='bbox 817 1621 939 1665; x_wconf 89' lang='lat' dir='ltr'><strong>mecum</strong></span> <span class='ocrx_word' id='word_1_146' title='bbox 961 1601 1082 1666; x_wconf 89' lang='lat' dir='ltr'><strong>locutus</strong></span> <span class='ocrx_word' id='word_1_147' title='bbox 1104 1612 1151 1665; x_wconf 89' lang='lat' dir='ltr'><strong>est</strong></span> <span class='ocrx_word' id='word_1_148' title='bbox 1171 1601 1363 1666; x_wconf 82' lang='lat' dir='ltr'><strong>suavissime.</strong></span> <span class='ocrx_word' id='word_1_149' title='bbox 1422 1607 1485 1676; x_wconf 86' lang='lat' dir='ltr'><strong>Tu,</strong></span> 
     </span>
     <span class='ocr_line' id='line_1_16' title="bbox 135 1694 1485 1781; baseline 0.004 -26"><span class='ocrx_word' id='word_1_150' title='bbox 135 1695 316 1781; x_wconf 76' lang='lat' dir='ltr'><strong>raquoniam</strong></span> <span class='ocrx_word' id='word_1_151' title='bbox 339 1717 378 1758; x_wconf 91' lang='lat' dir='ltr'><strong>eo</strong></span> <span class='ocrx_word' id='word_1_152' title='bbox 399 1706 540 1778; x_wconf 90' lang='lat' dir='ltr'><strong>tempore</strong></span> <span class='ocrx_word' id='word_1_153' title='bbox 562 1714 683 1758; x_wconf 92' lang='lat' dir='ltr'><strong>mecum</strong></span> <span class='ocrx_word' id='word_1_154' title='bbox 705 1713 858 1758; x_wconf 88' lang='lat' dir='ltr'><strong>essenon</strong></span> <span class='ocrx_word' id='word_1_155' title='bbox 879 1695 1023 1779; x_wconf 90' lang='lat' dir='ltr'><strong>potuisti,</strong></span> <span class='ocrx_word' id='word_1_156' title='bbox 1045 1716 1109 1780; x_wconf 90' lang='lat' dir='ltr'><strong>qno</strong></span> <span class='ocrx_word' id='word_1_157' title='bbox 1130 1714 1190 1778; x_wconf 87' lang='lat' dir='ltr'><strong>ego</strong></span> <span class='ocrx_word' id='word_1_158' title='bbox 1205 1694 1339 1758; x_wconf 82' lang='lat' dir='ltr'><strong>maxime</strong></span> <span class='ocrx_word' id='word_1_159' title='bbox 1353 1715 1485 1776; x_wconf 86' lang='lat' dir='ltr'><strong>operam</strong></span> 
     </span>
     <span class='ocr_line' id='line_1_17' title="bbox 169 1786 1488 1870; baseline 0.002 -19"><span class='ocrx_word' id='word_1_160' title='bbox 169 1796 201 1852; x_wconf 90' lang='lat' dir='ltr'><strong>et</strong></span> <span class='ocrx_word' id='word_1_161' title='bbox 214 1788 391 1852; x_wconf 86' lang='lat' dir='ltr'><strong>fidelitatem</strong></span> <span class='ocrx_word' id='word_1_162' title='bbox 408 1788 582 1853; x_wconf 83' lang='lat' dir='ltr'><strong>desideravi</strong></span> <span class='ocrx_word' id='word_1_163' title='bbox 594 1799 695 1860; x_wconf 88' lang='lat' dir='ltr'><strong>tuam,</strong></span> <span class='ocrx_word' id='word_1_164' title='bbox 713 1807 788 1852; x_wconf 85' lang='lat' dir='ltr'><strong>cave</strong></span> <span class='ocrx_word' id='word_1_165' title='bbox 805 1786 932 1851; x_wconf 77' lang='lat' dir='ltr'><strong>lestines</strong></span> <span class='ocrx_word' id='word_1_166' title='bbox 944 1798 998 1852; x_wconf 90' lang='lat' dir='ltr'><strong>aut</strong></span> <span class='ocrx_word' id='word_1_167' title='bbox 1011 1792 1194 1861; x_wconf 85' lang='lat' dir='ltr'><strong>committas,</strong></span> <span class='ocrx_word' id='word_1_168' title='bbox 1208 1797 1244 1851; x_wconf 92' lang='lat' dir='ltr'><strong>ut</strong></span> <span class='ocrx_word' id='word_1_169' title='bbox 1257 1798 1310 1851; x_wconf 93' lang='lat' dir='ltr'><strong>ant</strong></span> <span class='ocrx_word' id='word_1_170' title='bbox 1324 1807 1418 1870; x_wconf 80' lang='lat' dir='ltr'><strong>aeger</strong></span> <span class='ocrx_word' id='word_1_171' title='bbox 1432 1798 1488 1853; x_wconf 90' lang='lat' dir='ltr'><strong>aut</strong></span> 
     </span>
     <span class='ocr_line' id='line_1_18' title="bbox 169 1879 1486 1967; baseline 0 -22"><span class='ocrx_word' id='word_1_172' title='bbox 169 1879 272 1945; x_wconf 84' lang='lat' dir='ltr'><strong>bieme</strong></span> <span class='ocrx_word' id='word_1_173' title='bbox 283 1883 420 1965; x_wconf 82' lang='lat' dir='ltr'><strong>naviges.</strong></span> <span class='ocrx_word' id='word_1_174' title='bbox 447 1887 610 1967; x_wconf 82' lang='lat' dir='ltr'><strong>Nunquam</strong></span> <span class='ocrx_word' id='word_1_175' title='bbox 628 1901 702 1945; x_wconf 91' lang='lat' dir='ltr'><strong>sero</strong></span> <span class='ocrx_word' id='word_1_176' title='bbox 714 1890 744 1944; x_wconf 94' lang='lat' dir='ltr'><strong>te</strong></span> <span class='ocrx_word' id='word_1_177' title='bbox 762 1880 884 1944; x_wconf 88' lang='lat' dir='ltr'><strong>venisse</strong></span> <span class='ocrx_word' id='word_1_178' title='bbox 895 1879 1030 1966; x_wconf 85' lang='lat' dir='ltr'><strong>putabo,</strong></span> <span class='ocrx_word' id='word_1_179' title='bbox 1053 1880 1081 1944; x_wconf 93' lang='lat' dir='ltr'><strong>si</strong></span> <span class='ocrx_word' id='word_1_180' title='bbox 1095 1881 1199 1945; x_wconf 89' lang='lat' dir='ltr'><strong>salvus</strong></span> <span class='ocrx_word' id='word_1_181' title='bbox 1213 1880 1347 1945; x_wconf 87' lang='lat' dir='ltr'><strong>veneris.</strong></span> <span class='ocrx_word' id='word_1_182' title='bbox 1373 1881 1486 1945; x_wconf 79' lang='lat' dir='ltr'><strong>Adhuc</strong></span> 
     </span>
     <span class='ocr_line' id='line_1_19' title="bbox 168 1973 1487 2061; baseline 0.002 -23"><span class='ocrx_word' id='word_1_183' title='bbox 168 1974 325 2039; x_wconf 90' lang='lat' dir='ltr'><strong>neminem</strong></span> <span class='ocrx_word' id='word_1_184' title='bbox 347 1973 495 2047; x_wconf 91' lang='lat' dir='ltr'><strong>videram,</strong></span> <span class='ocrx_word' id='word_1_185' title='bbox 517 1975 571 2061; x_wconf 92' lang='lat' dir='ltr'><strong>qui</strong></span> <span class='ocrx_word' id='word_1_186' title='bbox 593 1985 624 2038; x_wconf 92' lang='lat' dir='ltr'><strong>te</strong></span> <span class='ocrx_word' id='word_1_187' title='bbox 645 1985 753 2059; x_wconf 91' lang='lat' dir='ltr'><strong>postea</strong></span> <span class='ocrx_word' id='word_1_188' title='bbox 775 1973 902 2038; x_wconf 90' lang='lat' dir='ltr'><strong>vidisset</strong></span> <span class='ocrx_word' id='word_1_189' title='bbox 923 1995 1016 2059; x_wconf 92' lang='lat' dir='ltr'><strong>quam</strong></span> <span class='ocrx_word' id='word_1_190' title='bbox 1037 1978 1079 2040; x_wconf 80' lang='grc' dir='ltr'><strong>Μ</strong></span> <span class='ocrx_word' id='word_1_191' title='bbox 1100 1973 1269 2047; x_wconf 81' lang='lat' dir='ltr'><strong>Volusius,</strong></span> <span class='ocrx_word' id='word_1_192' title='bbox 1290 1995 1308 2037; x_wconf 93' lang='lat' dir='ltr'><strong>a</strong></span> <span class='ocrx_word' id='word_1_193' title='bbox 1331 1994 1395 2059; x_wconf 95' lang='lat' dir='ltr'><strong>quo</strong></span> <span class='ocrx_word' id='word_1_194' title='bbox 1417 1984 1487 2040; x_wconf 86' lang='lat' dir='ltr'><strong>tuas</strong></span> 
     </span>
     <span class='ocr_line' id='line_1_20' title="bbox 168 2066 1487 2154; baseline 0.001 -22"><span class='ocrx_word' id='word_1_195' title='bbox 168 2066 286 2132; x_wconf 78' lang='lat' dir='ltr'><strong>litteras</strong></span> <span class='ocrx_word' id='word_1_196' title='bbox 306 2068 426 2153; x_wconf 81' lang='lat' dir='ltr'><strong>accepi3</strong></span> <span class='ocrx_word' id='word_1_197' title='bbox 449 2068 534 2153; x_wconf 94' lang='lat' dir='ltr'><strong>quod</strong></span> <span class='ocrx_word' id='word_1_198' title='bbox 556 2089 619 2133; x_wconf 95' lang='lat' dir='ltr'><strong>non</strong></span> <span class='ocrx_word' id='word_1_199' title='bbox 640 2066 793 2132; x_wconf 89' lang='lat' dir='ltr'><strong>mirabar:</strong></span> <span class='ocrx_word' id='word_1_200' title='bbox 816 2068 1021 2154; x_wconf 91' lang='lat' dir='ltr'><strong>nequeenim</strong></span> <span class='ocrx_word' id='word_1_201' title='bbox 1050 2089 1136 2132; x_wconf 91' lang='lat' dir='ltr'><strong>meas</strong></span> <span class='ocrx_word' id='word_1_202' title='bbox 1157 2076 1233 2152; x_wconf 91' lang='lat' dir='ltr'><strong>puto</strong></span> <span class='ocrx_word' id='word_1_203' title='bbox 1255 2067 1294 2131; x_wconf 88' lang='lat' dir='ltr'><strong>ad</strong></span> <span class='ocrx_word' id='word_1_204' title='bbox 1316 2077 1345 2131; x_wconf 87' lang='lat' dir='ltr'><strong>te</strong></span> <span class='ocrx_word' id='word_1_205' title='bbox 1366 2067 1487 2133; x_wconf 88' lang='lat' dir='ltr'><strong>litteras</strong></span> 
     </span>
     <span class='ocr_line' id='line_1_21' title="bbox 132 2158 1487 2246; baseline 0.001 -22"><span class='ocrx_word' id='word_1_206' title='bbox 132 2168 252 2224; x_wconf 75' lang='lat' dir='ltr'><strong>sutanta</strong></span> <span class='ocrx_word' id='word_1_207' title='bbox 284 2158 385 2224; x_wconf 89' lang='lat' dir='ltr'><strong>bieme</strong></span> <span class='ocrx_word' id='word_1_208' title='bbox 412 2160 557 2246; x_wconf 81' lang='lat' dir='ltr'><strong>perferri.</strong></span> <span class='ocrx_word' id='word_1_209' title='bbox 601 2159 663 2226; x_wconf 88' lang='lat' dir='ltr'><strong>Sed</strong></span> <span class='ocrx_word' id='word_1_210' title='bbox 683 2160 722 2226; x_wconf 91' lang='lat' dir='ltr'><strong>da</strong></span> <span class='ocrx_word' id='word_1_211' title='bbox 744 2182 890 2246; x_wconf 89' lang='lat' dir='ltr'><strong>operam,</strong></span> <span class='ocrx_word' id='word_1_212' title='bbox 917 2169 953 2225; x_wconf 88' lang='lat' dir='ltr'><strong>ut</strong></span> <span class='ocrx_word' id='word_1_213' title='bbox 972 2161 1094 2236; x_wconf 88' lang='lat' dir='ltr'><strong>valeas;</strong></span> <span class='ocrx_word' id='word_1_214' title='bbox 1129 2171 1176 2233; x_wconf 93' lang='lat' dir='ltr'><strong>et,</strong></span> <span class='ocrx_word' id='word_1_215' title='bbox 1206 2160 1233 2224; x_wconf 93' lang='lat' dir='ltr'><strong>si</strong></span> <span class='ocrx_word' id='word_1_216' title='bbox 1254 2159 1391 2234; x_wconf 90' lang='lat' dir='ltr'><strong>valebis,</strong></span> <span class='ocrx_word' id='word_1_217' title='bbox 1413 2182 1487 2226; x_wconf 90' lang='lat' dir='ltr'><strong>cum</strong></span> 
     </span>
     <span class='ocr_line' id='line_1_22' title="bbox 168 2253 1485 2339; baseline 0.001 -21"><span class='ocrx_word' id='word_1_218' title='bbox 168 2262 253 2318; x_wconf 88' lang='lat' dir='ltr'><strong>recte</strong></span> <span class='ocrx_word' id='word_1_219' title='bbox 285 2253 423 2338; x_wconf 90' lang='lat' dir='ltr'><strong>navigari</strong></span> <span class='ocrx_word' id='word_1_220' title='bbox 451 2255 580 2338; x_wconf 89' lang='lat' dir='ltr'><strong>poterit,</strong></span> <span class='ocrx_word' id='word_1_221' title='bbox 611 2264 677 2320; x_wconf 92' lang='lat' dir='ltr'><strong>tum</strong></span> <span class='ocrx_word' id='word_1_222' title='bbox 706 2254 845 2339; x_wconf 90' lang='lat' dir='ltr'><strong>naviges.</strong></span> <span class='ocrx_word' id='word_1_223' title='bbox 894 2254 1006 2319; x_wconf 86' lang='lat' dir='ltr'><strong>Cicero</strong></span> <span class='ocrx_word' id='word_1_224' title='bbox 1037 2275 1126 2319; x_wconf 91' lang='lat' dir='ltr'><strong>meus</strong></span> <span class='ocrx_word' id='word_1_225' title='bbox 1153 2254 1186 2319; x_wconf 95' lang='lat' dir='ltr'><strong>in</strong></span> <span class='ocrx_word' id='word_1_226' title='bbox 1212 2253 1379 2320; x_wconf 90' lang='lat' dir='ltr'><strong>Formiano</strong></span> <span class='ocrx_word' id='word_1_227' title='bbox 1401 2264 1485 2327; x_wconf 90' lang='lat' dir='ltr'><strong>erat,</strong></span> 
     </span>
     <span class='ocr_line' id='line_1_23' title="bbox 168 2345 1486 2435; baseline 0.001 -22"><span class='ocrx_word' id='word_1_228' title='bbox 168 2347 313 2413; x_wconf 78' lang='lat' dir='ltr'><strong>Terentia</strong></span> <span class='ocrx_word' id='word_1_229' title='bbox 336 2357 368 2412; x_wconf 93' lang='lat' dir='ltr'><strong>et</strong></span> <span class='ocrx_word' id='word_1_230' title='bbox 390 2347 489 2413; x_wconf 88' lang='lat' dir='ltr'><strong>Tullia</strong></span> <span class='ocrx_word' id='word_1_231' title='bbox 510 2353 638 2414; x_wconf 85' lang='lat' dir='ltr'><strong>Romae.</strong></span> <span class='ocrx_word' id='word_1_232' title='bbox 680 2352 781 2422; x_wconf 85' lang='lat' dir='ltr'><strong>Cura,</strong></span> <span class='ocrx_word' id='word_1_233' title='bbox 803 2357 839 2413; x_wconf 89' lang='lat' dir='ltr'><strong>ut</strong></span> <span class='ocrx_word' id='word_1_234' title='bbox 856 2346 970 2413; x_wconf 89' lang='lat' dir='ltr'><strong>valeas.</strong></span> <span class='ocrx_word' id='word_1_235' title='bbox 1012 2367 1059 2412; x_wconf 85' lang='lat' dir='ltr'><strong>vv.</strong></span> <span class='ocrx_word' id='word_1_236' title='bbox 1080 2346 1233 2412; x_wconf 85' lang='lat' dir='ltr'><strong>Kalendas</strong></span> <span class='ocrx_word' id='word_1_237' title='bbox 1254 2345 1345 2412; x_wconf 89' lang='lat' dir='ltr'><strong>Febr.</strong></span> <span class='ocrx_word' id='word_1_238' title='bbox 1369 2353 1486 2435; x_wconf 83' lang='lat' dir='ltr'><strong>Capua.</strong></span> 
     </span>
    </p>
   </div>
   <div class='ocr_carea' id='block_1_3' title="bbox 629 2487 1032 2571">
    <p class='ocr_par' dir='ltr' id='par_1_3' title="bbox 629 2487 1032 2571">
     <span class='ocr_line' id='line_1_24' title="bbox 629 2487 1032 2571; baseline -0.002 -19"><span class='ocrx_word' id='word_1_239' title='bbox 629 2490 716 2552; x_wconf 81' lang='lat' dir='ltr'><strong>rur.</strong></span> <span class='ocrx_word' id='word_1_240' title='bbox 761 2488 811 2566; x_wconf 76' lang='grc' dir='ltr'><strong>(Α.</strong></span> <span class='ocrx_word' id='word_1_241' title='bbox 837 2490 870 2552; x_wconf 85' lang='lat' dir='ltr'><strong>n.</strong></span> <span class='ocrx_word' id='word_1_242' title='bbox 893 2490 924 2552; x_wconf 87' lang='lat' dir='ltr'><strong>c.</strong></span> <span class='ocrx_word' id='word_1_243' title='bbox 946 2487 1032 2571; x_wconf 83' lang='lat' dir='ltr'><strong>roo.)</strong></span> 
     </span>
    </p>
   </div>
   <div class='ocr_carea' id='block_1_4' title="bbox 641 2610 1012 2674">
    <p class='ocr_par' dir='ltr' id='par_1_4' title="bbox 641 2610 1012 2674">
     <span class='ocr_line' id='line_1_25' title="bbox 641 2610 1012 2674; baseline -0.005 0"><span class='ocrx_word' id='word_1_244' title='bbox 641 2611 801 2674; x_wconf 85' lang='lat' dir='ltr'>TULLIUS</span> <span class='ocrx_word' id='word_1_245' title='bbox 824 2610 958 2674; x_wconf 78' lang='lat' dir='ltr'><strong>Tlnont</strong></span> <span class='ocrx_word' id='word_1_246' title='bbox 981 2612 1012 2673; x_wconf 87' lang='lat' dir='ltr'><strong>S.</strong></span> 
     </span>
    </p>
   </div>
   <div class='ocr_carea' id='block_1_5' title="bbox 131 2719 1487 2899">
    <p class='ocr_par' dir='ltr' id='par_1_5' title="bbox 131 2719 1487 2899">
     <span class='ocr_line' id='line_1_26' title="bbox 131 2719 1487 2806; baseline 0.006 -26"><span class='ocrx_word' id='word_1_247' title='bbox 131 2736 159 2780; x_wconf 86' lang='lat' dir='ltr'><strong>as</strong></span> <span class='ocrx_word' id='word_1_248' title='bbox 254 2724 364 2786; x_wconf 88' lang='lat' dir='ltr'><strong>Omnia</strong></span> <span class='ocrx_word' id='word_1_249' title='bbox 386 2742 405 2784; x_wconf 92' lang='lat' dir='ltr'><strong>a</strong></span> <span class='ocrx_word' id='word_1_250' title='bbox 427 2729 456 2784; x_wconf 91' lang='lat' dir='ltr'><strong>te</strong></span> <span class='ocrx_word' id='word_1_251' title='bbox 478 2719 549 2784; x_wconf 90' lang='lat' dir='ltr'><strong>data</strong></span> <span class='ocrx_word' id='word_1_252' title='bbox 568 2719 645 2785; x_wconf 91' lang='lat' dir='ltr'><strong>mibi</strong></span> <span class='ocrx_word' id='word_1_253' title='bbox 667 2719 799 2806; x_wconf 88' lang='lat' dir='ltr'><strong>putabo,</strong></span> <span class='ocrx_word' id='word_1_254' title='bbox 822 2719 849 2783; x_wconf 92' lang='lat' dir='ltr'><strong>si</strong></span> <span class='ocrx_word' id='word_1_255' title='bbox 870 2729 901 2784; x_wconf 90' lang='lat' dir='ltr'><strong>te</strong></span> <span class='ocrx_word' id='word_1_256' title='bbox 922 2720 1074 2785; x_wconf 90' lang='lat' dir='ltr'><strong>valentem</strong></span> <span class='ocrx_word' id='word_1_257' title='bbox 1096 2719 1216 2786; x_wconf 89' lang='lat' dir='ltr'><strong>videro.</strong></span> <span class='ocrx_word' id='word_1_258' title='bbox 1260 2725 1386 2787; x_wconf 92' lang='lat' dir='ltr'><strong>Summa</strong></span> <span class='ocrx_word' id='word_1_259' title='bbox 1409 2744 1487 2788; x_wconf 88' lang='lat' dir='ltr'><strong>cura</strong></span> 
     </span>
     <span class='ocr_line' id='line_1_27' title="bbox 169 2812 1486 2899; baseline 0.002 -20"><span class='ocrx_word' id='word_1_260' title='bbox 169 2813 387 2899; x_wconf 81' lang='lat' dir='ltr'><strong>exspectabam</strong></span> <span class='ocrx_word' id='word_1_261' title='bbox 408 2812 576 2880; x_wconf 89' lang='lat' dir='ltr'><strong>adventum</strong></span> <span class='ocrx_word' id='word_1_262' title='bbox 597 2813 778 2888; x_wconf 85' lang='lat' dir='ltr'><strong>Menandri,</strong></span> <span class='ocrx_word' id='word_1_263' title='bbox 815 2834 908 2899; x_wconf 83' lang='lat' dir='ltr'><strong>quern</strong></span> <span class='ocrx_word' id='word_1_264' title='bbox 936 2813 976 2877; x_wconf 91' lang='lat' dir='ltr'><strong>ad</strong></span> <span class='ocrx_word' id='word_1_265' title='bbox 996 2822 1027 2878; x_wconf 90' lang='lat' dir='ltr'><strong>te</strong></span> <span class='ocrx_word' id='word_1_266' title='bbox 1048 2814 1204 2879; x_wconf 80' lang='lat' dir='ltr'><strong>miseram</strong></span> <span class='ocrx_word' id='word_1_267' title='bbox 1248 2818 1349 2891; x_wconf 89' lang='lat' dir='ltr'><strong>Cura,</strong></span> <span class='ocrx_word' id='word_1_268' title='bbox 1385 2817 1414 2882; x_wconf 91' lang='lat' dir='ltr'><strong>si</strong></span> <span class='ocrx_word' id='word_1_269' title='bbox 1436 2839 1486 2882; x_wconf 87' lang='lat' dir='ltr'><strong>me</strong></span> 
     </span>
    </p>
   </div>
   <div class='ocr_carea' id='block_1_6' title="bbox 168 2905 1485 3084">
    <p class='ocr_par' dir='ltr' id='par_1_6' title="bbox 168 2905 1485 3084">
     <span class='ocr_line' id='line_1_28' title="bbox 168 2905 1485 3067; baseline 0.002 -94"><span class='ocrx_word' id='word_1_270' title='bbox 168 2907 288 3067; x_wconf 64' lang='lat' dir='ltr'><strong>diligliq,</strong></span> <span class='ocrx_word' id='word_1_271' title='bbox 319 2908 496 3066; x_wconf 61' lang='lat' dir='ltr'><strong>uqvpilleas,</strong></span> <span class='ocrx_word' id='word_1_272' title='bbox 534 2915 586 2983; x_wconf 91' lang='lat' dir='ltr'><strong>et,</strong></span> <span class='ocrx_word' id='word_1_273' title='bbox 615 2928 687 2974; x_wconf 92' lang='lat' dir='ltr'><strong>cum</strong></span> <span class='ocrx_word' id='word_1_274' title='bbox 708 2917 739 2973; x_wconf 88' lang='lat' dir='ltr'><strong>te</strong></span> <span class='ocrx_word' id='word_1_275' title='bbox 760 2905 841 2972; x_wconf 92' lang='lat' dir='ltr'><strong>bene</strong></span> <span class='ocrx_word' id='word_1_276' title='bbox 863 2906 1076 2981; x_wconf 85' lang='lat' dir='ltr'><strong>confirmaris,</strong></span> <span class='ocrx_word' id='word_1_277' title='bbox 1098 2906 1138 2972; x_wconf 92' lang='lat' dir='ltr'><strong>ad</strong></span> <span class='ocrx_word' id='word_1_278' title='bbox 1159 2930 1217 2974; x_wconf 93' lang='lat' dir='ltr'><strong>nos</strong></span> <span class='ocrx_word' id='word_1_279' title='bbox 1238 2910 1356 2976; x_wconf 89' lang='lat' dir='ltr'><strong>venias.</strong></span> <span class='ocrx_word' id='word_1_280' title='bbox 1398 2912 1485 2979; x_wconf 84' lang='lat' dir='ltr'><strong>Vale.</strong></span> 
     </span>
     <span class='ocr_line' id='line_1_29' title="bbox 170 3021 438 3084; baseline -0.004 -17"><span class='ocrx_word' id='word_1_281' title='bbox 170 3021 216 3068; x_wconf 85' lang='lat' dir='ltr'><strong>tv.</strong></span> <span class='ocrx_word' id='word_1_282' title='bbox 274 3023 321 3068; x_wconf 87' lang='lat' dir='ltr'><strong>us.</strong></span> <span class='ocrx_word' id='word_1_283' title='bbox 368 3022 389 3084; x_wconf 96' lang='lat' dir='ltr'><strong>p</strong></span> <span class='ocrx_word' id='word_1_284' title='bbox 431 3048 438 3066; x_wconf 90' lang='lat'><strong>.</strong></span> 
     </span>
    </p>
   </div>
   <div class='ocr_carea' id='block_1_7' title="bbox 624 3141 1033 3223">
    <p class='ocr_par' dir='ltr' id='par_1_7' title="bbox 624 3141 1033 3223">
     <span class='ocr_line' id='line_1_30' title="bbox 624 3141 1033 3223; baseline -0.005 -17"><span class='ocrx_word' id='word_1_285' title='bbox 624 3144 705 3206; x_wconf 74' lang='grc' dir='ltr'><strong>ιιι.</strong></span> <span class='ocrx_word' id='word_1_286' title='bbox 755 3141 809 3223; x_wconf 82' lang='lat' dir='ltr'><strong>(A.</strong></span> <span class='ocrx_word' id='word_1_287' title='bbox 834 3145 867 3208; x_wconf 87' lang='lat' dir='ltr'><strong>n.</strong></span> <span class='ocrx_word' id='word_1_288' title='bbox 890 3144 922 3206; x_wconf 89' lang='lat' dir='ltr'><strong>c.</strong></span> <span class='ocrx_word' id='word_1_289' title='bbox 943 3144 1033 3223; x_wconf 80' lang='lat' dir='ltr'><strong>roo.)</strong></span> 
     </span>
    </p>
   </div>
   <div class='ocr_carea' id='block_1_8' title="bbox 133 3264 1010 3329">
    <p class='ocr_par' dir='ltr' id='par_1_8' title="bbox 133 3264 1010 3329">
     <span class='ocr_line' id='line_1_31' title="bbox 133 3264 1010 3329; baseline 0.003 -5"><span class='ocrx_word' id='word_1_290' title='bbox 133 3281 160 3324; x_wconf 82' lang='lat' dir='ltr'><strong>so</strong></span> <span class='ocrx_word' id='word_1_291' title='bbox 639 3266 800 3329; x_wconf 84' lang='lat' dir='ltr'>TULLIUS</span> <span class='ocrx_word' id='word_1_292' title='bbox 822 3264 957 3328; x_wconf 86' lang='lat' dir='ltr'><strong>TIRONI</strong></span> <span class='ocrx_word' id='word_1_293' title='bbox 979 3266 1010 3327; x_wconf 91' lang='lat' dir='ltr'><strong>S.</strong></span> 
     </span>
    </p>
   </div>
   <div class='ocr_carea' id='block_1_9' title="bbox 131 3373 1488 4489">
    <p class='ocr_par' dir='ltr' id='par_1_9' title="bbox 169 3373 1488 3743">
     <span class='ocr_line' id='line_1_32' title="bbox 255 3373 1487 3462; baseline 0 -21"><span class='ocrx_word' id='word_1_294' title='bbox 255 3380 283 3441; x_wconf 89' lang='lat' dir='ltr'><strong>l.</strong></span> <span class='ocrx_word' id='word_1_295' title='bbox 305 3376 457 3441; x_wconf 78' lang='lat' dir='ltr'><strong>Andricus</strong></span> <span class='ocrx_word' id='word_1_296' title='bbox 478 3374 630 3461; x_wconf 91' lang='lat' dir='ltr'><strong>postridie</strong></span> <span class='ocrx_word' id='word_1_297' title='bbox 655 3373 694 3440; x_wconf 92' lang='lat' dir='ltr'><strong>ad</strong></span> <span class='ocrx_word' id='word_1_298' title='bbox 715 3396 765 3440; x_wconf 91' lang='lat' dir='ltr'><strong>me</strong></span> <span class='ocrx_word' id='word_1_299' title='bbox 786 3375 889 3449; x_wconf 89' lang='lat' dir='ltr'><strong>venit,</strong></span> <span class='ocrx_word' id='word_1_300' title='bbox 922 3395 1015 3459; x_wconf 65' lang='lat' dir='ltr'><strong>mam</strong></span> <span class='ocrx_word' id='word_1_301' title='bbox 1036 3384 1261 3460; x_wconf 83' lang='lat' dir='ltr'><strong>exspectaram.</strong></span> <span class='ocrx_word' id='word_1_302' title='bbox 1303 3380 1411 3462; x_wconf 89' lang='lat' dir='ltr'><strong>ltaque</strong></span> <span class='ocrx_word' id='word_1_303' title='bbox 1433 3377 1487 3442; x_wconf 90' lang='lat' dir='ltr'><strong>ba-</strong></span> 
     </span>
     <span class='ocr_line' id='line_1_33' title="bbox 169 3468 1487 3555; baseline 0.002 -22"><span class='ocrx_word' id='word_1_304' title='bbox 169 3468 224 3535; x_wconf 92' lang='lat' dir='ltr'><strong>bni</strong></span> <span class='ocrx_word' id='word_1_305' title='bbox 246 3478 366 3534; x_wconf 89' lang='lat' dir='ltr'><strong>noctem</strong></span> <span class='ocrx_word' id='word_1_306' title='bbox 388 3469 511 3555; x_wconf 89' lang='lat' dir='ltr'><strong>plenam</strong></span> <span class='ocrx_word' id='word_1_307' title='bbox 540 3469 661 3534; x_wconf 90' lang='lat' dir='ltr'><strong>timoris</strong></span> <span class='ocrx_word' id='word_1_308' title='bbox 682 3488 718 3533; x_wconf 86' lang='lat' dir='ltr'><strong>ae</strong></span> <span class='ocrx_word' id='word_1_309' title='bbox 739 3469 895 3535; x_wconf 89' lang='lat' dir='ltr'><strong>miseriae.</strong></span> <span class='ocrx_word' id='word_1_310' title='bbox 944 3469 1019 3533; x_wconf 86' lang='lat' dir='ltr'><strong>Tuis</strong></span> <span class='ocrx_word' id='word_1_311' title='bbox 1040 3468 1150 3534; x_wconf 89' lang='lat' dir='ltr'><strong>litteris</strong></span> <span class='ocrx_word' id='word_1_312' title='bbox 1180 3469 1276 3535; x_wconf 89' lang='lat' dir='ltr'><strong>nihilo</strong></span> <span class='ocrx_word' id='word_1_313' title='bbox 1298 3492 1367 3534; x_wconf 91' lang='lat' dir='ltr'><strong>sum</strong></span> <span class='ocrx_word' id='word_1_314' title='bbox 1388 3470 1487 3536; x_wconf 90' lang='lat' dir='ltr'><strong>lactus</strong></span> 
     </span>
     <span class='ocr_line' id='line_1_34' title="bbox 169 3562 1488 3649; baseline 0.001 -21"><span class='ocrx_word' id='word_1_315' title='bbox 169 3566 299 3636; x_wconf 86' lang='lat' dir='ltr'><strong>certior,</strong></span> <span class='ocrx_word' id='word_1_316' title='bbox 322 3563 482 3649; x_wconf 89' lang='lat' dir='ltr'><strong>quomodo</strong></span> <span class='ocrx_word' id='word_1_317' title='bbox 504 3571 535 3627; x_wconf 89' lang='lat' dir='ltr'><strong>te</strong></span> <span class='ocrx_word' id='word_1_318' title='bbox 556 3562 703 3639; x_wconf 89' lang='lat' dir='ltr'><strong>baberes;</strong></span> <span class='ocrx_word' id='word_1_319' title='bbox 732 3562 788 3628; x_wconf 91' lang='lat' dir='ltr'><strong>sed</strong></span> <span class='ocrx_word' id='word_1_320' title='bbox 810 3571 912 3626; x_wconf 90' lang='lat' dir='ltr'><strong>tamen</strong></span> <span class='ocrx_word' id='word_1_321' title='bbox 933 3584 1002 3628; x_wconf 93' lang='lat' dir='ltr'><strong>sum</strong></span> <span class='ocrx_word' id='word_1_322' title='bbox 1024 3572 1192 3627; x_wconf 88' lang='lat' dir='ltr'><strong>recreatus.</strong></span> <span class='ocrx_word' id='word_1_323' title='bbox 1235 3567 1302 3646; x_wconf 83' lang='lat' dir='ltr'><strong>Ego</strong></span> <span class='ocrx_word' id='word_1_324' title='bbox 1324 3565 1411 3628; x_wconf 91' lang='lat' dir='ltr'><strong>omni</strong></span> <span class='ocrx_word' id='word_1_325' title='bbox 1433 3564 1488 3629; x_wconf 89' lang='lat' dir='ltr'><strong>de·</strong></span> 
     </span>
     <span class='ocr_line' id='line_1_35' title="bbox 169 3655 1487 3743; baseline 0.002 -22"><span class='ocrx_word' id='word_1_326' title='bbox 169 3656 333 3722; x_wconf 86' lang='lat' dir='ltr'><strong>lectatione</strong></span> <span class='ocrx_word' id='word_1_327' title='bbox 355 3656 528 3743; x_wconf 89' lang='lat' dir='ltr'><strong>litterisque</strong></span> <span class='ocrx_word' id='word_1_328' title='bbox 549 3655 693 3721; x_wconf 90' lang='lat' dir='ltr'><strong>omnibus</strong></span> <span class='ocrx_word' id='word_1_329' title='bbox 715 3676 824 3732; x_wconf 90' lang='lat' dir='ltr'><strong>careo;</strong></span> <span class='ocrx_word' id='word_1_330' title='bbox 857 3677 934 3741; x_wconf 92' lang='lat' dir='ltr'><strong>quas</strong></span> <span class='ocrx_word' id='word_1_331' title='bbox 955 3665 1044 3732; x_wconf 86' lang='lat' dir='ltr'><strong>aute,</strong></span> <span class='ocrx_word' id='word_1_332' title='bbox 1067 3677 1160 3743; x_wconf 88' lang='lat' dir='ltr'><strong>qnam</strong></span> <span class='ocrx_word' id='word_1_333' title='bbox 1183 3665 1213 3719; x_wconf 90' lang='lat' dir='ltr'><strong>te</strong></span> <span class='ocrx_word' id='word_1_334' title='bbox 1235 3656 1364 3732; x_wconf 89' lang='lat' dir='ltr'><strong>videro,</strong></span> <span class='ocrx_word' id='word_1_335' title='bbox 1394 3659 1487 3723; x_wconf 87' lang='lat' dir='ltr'><strong>attin·</strong></span> 
     </span>
    </p>

    <p class='ocr_par' dir='ltr' id='par_1_10' title="bbox 134 3748 1487 4210">
     <span class='ocr_line' id='line_1_36' title="bbox 134 3748 1486 3835; baseline 0 -19"><span class='ocrx_word' id='word_1_336' title='bbox 134 3769 245 3834; x_wconf 68' lang='lat' dir='ltr'><strong>engere</strong></span> <span class='ocrx_word' id='word_1_337' title='bbox 268 3770 330 3812; x_wconf 95' lang='lat' dir='ltr'><strong>non</strong></span> <span class='ocrx_word' id='word_1_338' title='bbox 353 3771 490 3834; x_wconf 89' lang='lat' dir='ltr'><strong>possum.</strong></span> <span class='ocrx_word' id='word_1_339' title='bbox 533 3749 654 3815; x_wconf 88' lang='lat' dir='ltr'><strong>Medico</strong></span> <span class='ocrx_word' id='word_1_340' title='bbox 677 3748 844 3822; x_wconf 87' lang='lat' dir='ltr'><strong>mercedis,</strong></span> <span class='ocrx_word' id='word_1_341' title='bbox 875 3759 1026 3835; x_wconf 90' lang='lat' dir='ltr'><strong>quantum</strong></span> <span class='ocrx_word' id='word_1_342' title='bbox 1048 3758 1169 3834; x_wconf 88' lang='lat' dir='ltr'><strong>poscet,</strong></span> <span class='ocrx_word' id='word_1_343' title='bbox 1197 3750 1336 3834; x_wconf 90' lang='lat' dir='ltr'><strong>promitti</strong></span> <span class='ocrx_word' id='word_1_344' title='bbox 1357 3749 1486 3828; x_wconf 88' lang='lat' dir='ltr'><strong>iubeto;</strong></span> 
     </span>
     <span class='ocr_line' id='line_1_37' title="bbox 173 3841 1487 3927; baseline 0.002 -20"><span class='ocrx_word' id='word_1_345' title='bbox 173 3841 204 3907; x_wconf 92' lang='lat' dir='ltr'><strong>id</strong></span> <span class='ocrx_word' id='word_1_346' title='bbox 226 3842 338 3927; x_wconf 90' lang='lat' dir='ltr'><strong>scripsi</strong></span> <span class='ocrx_word' id='word_1_347' title='bbox 360 3843 399 3908; x_wconf 88' lang='lat' dir='ltr'><strong>ad</strong></span> <span class='ocrx_word' id='word_1_348' title='bbox 420 3843 585 3909; x_wconf 90' lang='lat' dir='ltr'><strong>Ummium.</strong></span> <span class='ocrx_word' id='word_1_349' title='bbox 627 3849 658 3907; x_wconf 73' lang='lat'><strong>2.</strong></span> <span class='ocrx_word' id='word_1_350' title='bbox 679 3842 781 3907; x_wconf 84' lang='lat' dir='ltr'><strong>Audio</strong></span> <span class='ocrx_word' id='word_1_351' title='bbox 813 3851 843 3907; x_wconf 90' lang='lat' dir='ltr'><strong>le</strong></span> <span class='ocrx_word' id='word_1_352' title='bbox 873 3842 978 3907; x_wconf 85' lang='lat' dir='ltr'><strong>animo</strong></span> <span class='ocrx_word' id='word_1_353' title='bbox 999 3843 1070 3927; x_wconf 85' lang='lat' dir='ltr'><strong>engi</strong></span> <span class='ocrx_word' id='word_1_354' title='bbox 1092 3852 1123 3908; x_wconf 90' lang='lat' dir='ltr'><strong>el</strong></span> <span class='ocrx_word' id='word_1_355' title='bbox 1144 3843 1298 3908; x_wconf 89' lang='lat' dir='ltr'><strong>medicum</strong></span> <span class='ocrx_word' id='word_1_356' title='bbox 1320 3842 1424 3909; x_wconf 88' lang='lat' dir='ltr'><strong>dicere</strong></span> <span class='ocrx_word' id='word_1_357' title='bbox 1446 3865 1487 3909; x_wconf 82' lang='lat' dir='ltr'><strong>ex</strong></span> 
     </span>
     <span class='ocr_line' id='line_1_38' title="bbox 169 3935 1487 4021; baseline 0 -20"><span class='ocrx_word' id='word_1_358' title='bbox 169 3956 209 4001; x_wconf 90' lang='lat' dir='ltr'><strong>eo</strong></span> <span class='ocrx_word' id='word_1_359' title='bbox 237 3944 268 4000; x_wconf 93' lang='lat' dir='ltr'><strong>te</strong></span> <span class='ocrx_word' id='word_1_360' title='bbox 290 3935 444 4002; x_wconf 90' lang='lat' dir='ltr'><strong>laborare.</strong></span> <span class='ocrx_word' id='word_1_361' title='bbox 498 3937 530 4002; x_wconf 88' lang='lat' dir='ltr'><strong>si</strong></span> <span class='ocrx_word' id='word_1_362' title='bbox 552 3959 603 4002; x_wconf 91' lang='lat' dir='ltr'><strong>me</strong></span> <span class='ocrx_word' id='word_1_363' title='bbox 624 3936 746 4021; x_wconf 90' lang='lat' dir='ltr'><strong>diligis,</strong></span> <span class='ocrx_word' id='word_1_364' title='bbox 769 3936 871 4002; x_wconf 83' lang='lat' dir='ltr'><strong>excita</strong></span> <span class='ocrx_word' id='word_1_365' title='bbox 892 3958 934 4001; x_wconf 85' lang='lat' dir='ltr'><strong>ex</strong></span> <span class='ocrx_word' id='word_1_366' title='bbox 954 3957 1065 4002; x_wconf 90' lang='lat' dir='ltr'><strong>somno</strong></span> <span class='ocrx_word' id='word_1_367' title='bbox 1088 3947 1155 4003; x_wconf 90' lang='lat' dir='ltr'><strong>tuas</strong></span> <span class='ocrx_word' id='word_1_368' title='bbox 1177 3938 1295 4002; x_wconf 89' lang='lat' dir='ltr'><strong>litteras</strong></span> <span class='ocrx_word' id='word_1_369' title='bbox 1316 3936 1487 4001; x_wconf 89' lang='lat' dir='ltr'><strong>humanita-</strong></span> 
     </span>
     <span class='ocr_line' id='line_1_39' title="bbox 168 4029 1487 4117; baseline 0.001 -23"><span class='ocrx_word' id='word_1_370' title='bbox 168 4037 308 4116; x_wconf 87' lang='lat' dir='ltr'><strong>temque,</strong></span> <span class='ocrx_word' id='word_1_371' title='bbox 343 4040 472 4116; x_wconf 89' lang='lat' dir='ltr'><strong>propter</strong></span> <span class='ocrx_word' id='word_1_372' title='bbox 500 4051 593 4117; x_wconf 91' lang='lat' dir='ltr'><strong>quam</strong></span> <span class='ocrx_word' id='word_1_373' title='bbox 626 4029 763 4095; x_wconf 87' lang='lat' dir='ltr'><strong>mihies</strong></span> <span class='ocrx_word' id='word_1_374' title='bbox 791 4030 980 4095; x_wconf 88' lang='lat' dir='ltr'><strong>carissimus.</strong></span> <span class='ocrx_word' id='word_1_375' title='bbox 1027 4035 1116 4095; x_wconf 89' lang='lat' dir='ltr'><strong>Nunc</strong></span> <span class='ocrx_word' id='word_1_376' title='bbox 1144 4051 1223 4116; x_wconf 91' lang='lat' dir='ltr'><strong>opus</strong></span> <span class='ocrx_word' id='word_1_377' title='bbox 1253 4038 1299 4095; x_wconf 87' lang='lat' dir='ltr'><strong>est</strong></span> <span class='ocrx_word' id='word_1_378' title='bbox 1329 4041 1360 4094; x_wconf 89' lang='lat' dir='ltr'><strong>te</strong></span> <span class='ocrx_word' id='word_1_379' title='bbox 1382 4031 1487 4095; x_wconf 92' lang='lat' dir='ltr'><strong>animo</strong></span> 
     </span>
     <span class='ocr_line' id='line_1_40' title="bbox 167 4123 1487 4210; baseline -0.002 -22"><span class='ocrx_word' id='word_1_380' title='bbox 167 4123 290 4198; x_wconf 86' lang='lat' dir='ltr'><strong>volere,</strong></span> <span class='ocrx_word' id='word_1_381' title='bbox 322 4133 356 4188; x_wconf 91' lang='lat' dir='ltr'><strong>nt</strong></span> <span class='ocrx_word' id='word_1_382' title='bbox 385 4144 519 4210; x_wconf 85' lang='lat' dir='ltr'><strong>corpore</strong></span> <span class='ocrx_word' id='word_1_383' title='bbox 550 4124 660 4210; x_wconf 91' lang='lat' dir='ltr'><strong>possis.</strong></span> <span class='ocrx_word' id='word_1_384' title='bbox 716 4124 751 4189; x_wconf 94' lang='lat' dir='ltr'><strong>ld</strong></span> <span class='ocrx_word' id='word_1_385' title='bbox 780 4144 851 4189; x_wconf 86' lang='lat' dir='ltr'><strong>cum</strong></span> <span class='ocrx_word' id='word_1_386' title='bbox 873 4133 941 4198; x_wconf 91' lang='lat' dir='ltr'><strong>tna,</strong></span> <span class='ocrx_word' id='word_1_387' title='bbox 979 4133 1045 4189; x_wconf 92' lang='lat' dir='ltr'><strong>tum</strong></span> <span class='ocrx_word' id='word_1_388' title='bbox 1066 4144 1136 4188; x_wconf 88' lang='lat' dir='ltr'><strong>mea</strong></span> <span class='ocrx_word' id='word_1_389' title='bbox 1157 4145 1249 4188; x_wconf 89' lang='lat' dir='ltr'><strong>eausa</strong></span> <span class='ocrx_word' id='word_1_390' title='bbox 1269 4123 1380 4196; x_wconf 85' lang='lat' dir='ltr'><strong>lacius,</strong></span> <span class='ocrx_word' id='word_1_391' title='bbox 1416 4130 1487 4187; x_wconf 90' lang='lat' dir='ltr'><strong>ate</strong></span> 
     </span>
    </p>

    <p class='ocr_par' dir='ltr' id='par_1_11' title="bbox 131 4217 1487 4489">
     <span class='ocr_line' id='line_1_41' title="bbox 131 4217 1487 4303; baseline -0.003 -19"><span class='ocrx_word' id='word_1_392' title='bbox 131 4225 250 4303; x_wconf 78' lang='lat' dir='ltr'><strong>cepeto.</strong></span> <span class='ocrx_word' id='word_1_393' title='bbox 307 4220 460 4293; x_wconf 74' lang='lat' dir='ltr'><strong>Acastum,</strong></span> <span class='ocrx_word' id='word_1_394' title='bbox 477 4218 589 4290; x_wconf 90' lang='lat' dir='ltr'><strong>retine,</strong></span> <span class='ocrx_word' id='word_1_395' title='bbox 620 4237 683 4302; x_wconf 89' lang='lat' dir='ltr'><strong>quo</strong></span> <span class='ocrx_word' id='word_1_396' title='bbox 713 4217 907 4282; x_wconf 85' lang='lat' dir='ltr'><strong>commodius</strong></span> <span class='ocrx_word' id='word_1_397' title='bbox 937 4217 993 4283; x_wconf 90' lang='lat' dir='ltr'><strong>tibi</strong></span> <span class='ocrx_word' id='word_1_398' title='bbox 1022 4218 1225 4283; x_wconf 88' lang='lat' dir='ltr'><strong>ministretur.</strong></span> <span class='ocrx_word' id='word_1_399' title='bbox 1277 4221 1433 4284; x_wconf 87' lang='lat' dir='ltr'><strong>Conserva</strong></span> <span class='ocrx_word' id='word_1_400' title='bbox 1457 4224 1487 4280; x_wconf 90' lang='lat' dir='ltr'><strong>te</strong></span> 
     </span>
     <span class='ocr_line' id='line_1_42' title="bbox 168 4306 1484 4399; baseline 0.002 -25"><span class='ocrx_word' id='word_1_401' title='bbox 168 4306 261 4374; x_wconf 87' lang='lat' dir='ltr'><strong>mibi:</strong></span> <span class='ocrx_word' id='word_1_402' title='bbox 284 4306 351 4374; x_wconf 88' lang='lat' dir='ltr'><strong>dios</strong></span> <span class='ocrx_word' id='word_1_403' title='bbox 372 4315 599 4395; x_wconf 88' lang='lat' dir='ltr'><strong>promissorum</strong></span> <span class='ocrx_word' id='word_1_404' title='bbox 621 4309 721 4388; x_wconf 89' lang='lat' dir='ltr'><strong>adest;</strong></span> <span class='ocrx_word' id='word_1_405' title='bbox 744 4333 838 4397; x_wconf 90' lang='lat' dir='ltr'><strong>quem</strong></span> <span class='ocrx_word' id='word_1_406' title='bbox 860 4317 952 4377; x_wconf 88' lang='lat' dir='ltr'><strong>etiam</strong></span> <span class='ocrx_word' id='word_1_407' title='bbox 973 4310 1236 4399; x_wconf 89' lang='lat' dir='ltr'><strong>repraesentabo,</strong></span> <span class='ocrx_word' id='word_1_408' title='bbox 1259 4311 1285 4377; x_wconf 90' lang='lat' dir='ltr'><strong>si</strong></span> <span class='ocrx_word' id='word_1_409' title='bbox 1307 4309 1484 4376; x_wconf 88' lang='lat' dir='ltr'><strong>adveneris.</strong></span> 
     </span>
     <span class='ocr_line' id='line_1_43' title="bbox 169 4401 960 4489; baseline 0.006 -24"><span class='ocrx_word' id='word_1_410' title='bbox 169 4401 269 4466; x_wconf 82' lang='lat' dir='ltr'><strong>Etiam</strong></span> <span class='ocrx_word' id='word_1_411' title='bbox 291 4411 385 4489; x_wconf 88' lang='lat' dir='ltr'><strong>atque</strong></span> <span class='ocrx_word' id='word_1_412' title='bbox 407 4404 501 4468; x_wconf 90' lang='lat' dir='ltr'><strong>etiam</strong></span> <span class='ocrx_word' id='word_1_413' title='bbox 523 4403 600 4469; x_wconf 91' lang='lat' dir='ltr'><strong>vale.</strong></span> <span class='ocrx_word' id='word_1_414' title='bbox 644 4424 696 4469; x_wconf 88' lang='grc' dir='ltr'><strong>ιιι.</strong></span> <span class='ocrx_word' id='word_1_415' title='bbox 718 4403 791 4470; x_wconf 88' lang='lat' dir='ltr'><strong>Idus</strong></span> <span class='ocrx_word' id='word_1_416' title='bbox 813 4405 891 4470; x_wconf 91' lang='lat' dir='ltr'><strong>hora</strong></span> <span class='ocrx_word' id='word_1_417' title='bbox 912 4425 960 4470; x_wconf 86' lang='lat' dir='ltr'><strong>vr.</strong></span> 
     </span>
    </p>
   </div>
   <div class='ocr_carea' id='block_1_10' title="bbox 93 4572 1488 4908">
    <p class='ocr_par' dir='ltr' id='par_1_12' title="bbox 93 4572 1488 4908">
     <span class='ocr_line' id='line_1_44' title="bbox 240 4572 1487 4640; baseline 0.002 -16"><span class='ocrx_word' id='word_1_418' title='bbox 240 4572 268 4624; x_wconf 75' lang='grc'><strong>4.</strong></span> <span class='ocrx_word' id='word_1_419' title='bbox 294 4581 331 4625; x_wconf 84' lang='lat' dir='ltr'><strong>est</strong></span> <span class='ocrx_word' id='word_1_420' title='bbox 349 4589 405 4625; x_wconf 90' lang='lat' dir='ltr'><strong>om.</strong></span> <span class='ocrx_word' id='word_1_421' title='bbox 425 4575 462 4626; x_wconf 91' lang='grc' dir='ltr'><strong>Μ.</strong></span> <span class='ocrx_word' id='word_1_422' title='bbox 491 4602 523 4612; x_wconf 94' lang='grc'>-</span> <span class='ocrx_word' id='word_1_423' title='bbox 558 4577 585 4627; x_wconf 81' lang='grc'><strong>9.</strong></span> <span class='ocrx_word' id='word_1_424' title='bbox 604 4573 682 4639; x_wconf 82' lang='lat' dir='ltr'><strong>quod]</strong></span> <span class='ocrx_word' id='word_1_425' title='bbox 710 4591 784 4640; x_wconf 80' lang='lat' dir='ltr'><strong>quem</strong></span> <span class='ocrx_word' id='word_1_426' title='bbox 802 4577 839 4627; x_wconf 90' lang='grc' dir='ltr'><strong>Μ.</strong></span> <span class='ocrx_word' id='word_1_427' title='bbox 877 4573 959 4639; x_wconf 80' lang='lat' dir='ltr'><strong>(Fort.</strong></span> <span class='ocrx_word' id='word_1_428' title='bbox 985 4577 1147 4627; x_wconf 79' lang='lat' dir='ltr'><strong>molestiam:</strong></span> <span class='ocrx_word' id='word_1_429' title='bbox 1176 4578 1280 4640; x_wconf 78' lang='lat' dir='ltr'><strong>qtmmt</strong></span> <span class='ocrx_word' id='word_1_430' title='bbox 1309 4577 1344 4626; x_wconf 83' lang='lat' dir='ltr'><strong>D.</strong></span> <span class='ocrx_word' id='word_1_431' title='bbox 1372 4575 1436 4638; x_wconf 82' lang='grc' dir='ltr'><strong>Οι.)</strong></span> <span class='ocrx_word' id='word_1_432' title='bbox 1456 4597 1487 4610; x_wconf 94' lang='grc'>-</span> 
     </span>
     <span class='ocr_line' id='line_1_45' title="bbox 173 4639 1484 4710; baseline 0.002 -18"><span class='ocrx_word' id='word_1_433' title='bbox 173 4641 217 4692; x_wconf 83' lang='lat' dir='ltr'><strong>ll.</strong></span> <span class='ocrx_word' id='word_1_434' title='bbox 236 4639 302 4706; x_wconf 79' lang='lat' dir='ltr'><strong>eom]</strong></span> <span class='ocrx_word' id='word_1_435' title='bbox 321 4658 399 4708; x_wconf 64' lang='lat' dir='ltr'><strong>mom</strong></span> <span class='ocrx_word' id='word_1_436' title='bbox 417 4644 455 4695; x_wconf 94' lang='grc' dir='ltr'><strong>Μ.</strong></span> <span class='ocrx_word' id='word_1_437' title='bbox 477 4670 505 4682; x_wconf 93' lang='grc'><strong>-</strong></span> <span class='ocrx_word' id='word_1_438' title='bbox 544 4646 586 4696; x_wconf 88' lang='grc'><strong>15.</strong></span> <span class='ocrx_word' id='word_1_439' title='bbox 606 4648 729 4710; x_wconf 80' lang='lat' dir='ltr'><strong>quonlam</strong></span> <span class='ocrx_word' id='word_1_440' title='bbox 748 4647 789 4697; x_wconf 80' lang='lat' dir='ltr'><strong>M:</strong></span> <span class='ocrx_word' id='word_1_441' title='bbox 818 4660 894 4710; x_wconf 76' lang='lat' dir='ltr'><strong>quum</strong></span> <span class='ocrx_word' id='word_1_442' title='bbox 914 4647 944 4698; x_wconf 82' lang='lat' dir='ltr'><strong>ll.</strong></span> <span class='ocrx_word' id='word_1_443' title='bbox 964 4672 993 4684; x_wconf 91' lang='lat'><strong>·-</strong></span> <span class='ocrx_word' id='word_1_444' title='bbox 1031 4647 1075 4697; x_wconf 65' lang='grc' dir='ltr'><strong>Μ.</strong></span> <span class='ocrx_word' id='word_1_445' title='bbox 1095 4649 1202 4696; x_wconf 76' lang='lat' dir='ltr'><strong>Andrias·</strong></span> <span class='ocrx_word' id='word_1_446' title='bbox 1220 4646 1434 4708; x_wconf 84' lang='lat' dir='ltr'><strong>Engelbronner.</strong></span> <span class='ocrx_word' id='word_1_447' title='bbox 1457 4670 1484 4680; x_wconf 97' lang='lat'><em>-</em></span> 
     </span>
     <span class='ocr_line' id='line_1_46' title="bbox 172 4710 1487 4780; baseline 0 -18"><span class='ocrx_word' id='word_1_448' title='bbox 172 4710 217 4762; x_wconf 80' lang='lat'><strong>³1.</strong></span> <span class='ocrx_word' id='word_1_449' title='bbox 237 4711 405 4764; x_wconf 73' lang='lat' dir='ltr'><strong>Menandrist</strong></span> <span class='ocrx_word' id='word_1_450' title='bbox 423 4714 461 4770; x_wconf 83' lang='lat' dir='ltr'><strong>B,</strong></span> <span class='ocrx_word' id='word_1_451' title='bbox 492 4715 652 4766; x_wconf 68' lang='lat' dir='ltr'><strong>Memnone</strong></span> <span class='ocrx_word' id='word_1_452' title='bbox 669 4728 684 4766; x_wconf 90' lang='lat' dir='ltr'><strong>e</strong></span> <span class='ocrx_word' id='word_1_453' title='bbox 703 4715 768 4766; x_wconf 86' lang='lat' dir='ltr'><strong>Cod.</strong></span> <span class='ocrx_word' id='word_1_454' title='bbox 787 4716 934 4767; x_wconf 82' lang='lat' dir='ltr'><strong>Manutius.</strong></span> <span class='ocrx_word' id='word_1_455' title='bbox 964 4740 994 4753; x_wconf 93' lang='lat'><strong>·-</strong></span> <span class='ocrx_word' id='word_1_456' title='bbox 1030 4725 1204 4780; x_wconf 76' lang='lat' dir='ltr'><strong>exspectarem</strong></span> <span class='ocrx_word' id='word_1_457' title='bbox 1221 4717 1259 4767; x_wconf 89' lang='grc' dir='ltr'><strong>Μ.</strong></span> <span class='ocrx_word' id='word_1_458' title='bbox 1282 4742 1311 4752; x_wconf 96' lang='grc'>-</span> <span class='ocrx_word' id='word_1_459' title='bbox 1349 4716 1393 4765; x_wconf 76' lang='lat'><strong>32.</strong></span> <span class='ocrx_word' id='word_1_460' title='bbox 1413 4716 1487 4763; x_wconf 75' lang='lat' dir='ltr'><strong>miss·</strong></span> 
     </span>
     <span class='ocr_line' id='line_1_47' title="bbox 93 4781 1488 4849; baseline -0.002 -13"><span class='ocrx_word' id='word_1_461' title='bbox 93 4807 112 4836; x_wconf 73' lang='grc' dir='ltr'><strong>ιι</strong></span> <span class='ocrx_word' id='word_1_462' title='bbox 172 4781 228 4830; x_wconf 75' lang='lat' dir='ltr'><strong>ritu</strong></span> <span class='ocrx_word' id='word_1_463' title='bbox 246 4781 284 4832; x_wconf 89' lang='grc' dir='ltr'><strong>Μ.</strong></span> <span class='ocrx_word' id='word_1_464' title='bbox 303 4806 336 4817; x_wconf 99' lang='grc'>-</span> <span class='ocrx_word' id='word_1_465' title='bbox 370 4783 413 4834; x_wconf 76' lang='grc'><strong>86.</strong></span> <span class='ocrx_word' id='word_1_466' title='bbox 435 4784 588 4835; x_wconf 72' lang='lat' dir='ltr'><strong>Ummidium</strong></span> <span class='ocrx_word' id='word_1_467' title='bbox 605 4784 815 4845; x_wconf 82' lang='lat' dir='ltr'><strong>Lallemandus,</strong></span> <span class='ocrx_word' id='word_1_468' title='bbox 845 4786 964 4837; x_wconf 77' lang='lat' dir='ltr'><strong>Manlum</strong></span> <span class='ocrx_word' id='word_1_469' title='bbox 982 4786 1127 4837; x_wconf 78' lang='lat' dir='ltr'><strong>Manutius.</strong></span> <span class='ocrx_word' id='word_1_470' title='bbox 1150 4812 1176 4822; x_wconf 94' lang='lat'>-</span> <span class='ocrx_word' id='word_1_471' title='bbox 1216 4787 1260 4836; x_wconf 79' lang='lat'><strong>³9.</strong></span> <span class='ocrx_word' id='word_1_472' title='bbox 1277 4788 1363 4849; x_wconf 78' lang='lat' dir='ltr'><strong>possis</strong></span> <span class='ocrx_word' id='word_1_473' title='bbox 1380 4797 1488 4848; x_wconf 80' lang='lat' dir='ltr'><strong>corpore</strong></span> 
     </span>
     <span class='ocr_line' id='line_1_48' title="bbox 173 4849 1352 4908; baseline 0.005 -8"><span class='ocrx_word' id='word_1_474' title='bbox 173 4849 292 4902; x_wconf 75' lang='lat' dir='ltr'><strong>malebat</strong></span> <span class='ocrx_word' id='word_1_475' title='bbox 310 4851 447 4904; x_wconf 80' lang='lat' dir='ltr'><strong>llrussttus</strong></span> <span class='ocrx_word' id='word_1_476' title='bbox 464 4859 491 4906; x_wconf 85' lang='lat' dir='ltr'><strong>st</strong></span> <span class='ocrx_word' id='word_1_477' title='bbox 507 4855 587 4907; x_wconf 85' lang='lat' dir='ltr'><strong>habet</strong></span> <span class='ocrx_word' id='word_1_478' title='bbox 605 4854 671 4908; x_wconf 87' lang='lat' dir='ltr'><strong>Cod.</strong></span> <span class='ocrx_word' id='word_1_479' title='bbox 691 4855 822 4908; x_wconf 83' lang='lat' dir='ltr'><strong>Sautsnli.</strong></span> <span class='ocrx_word' id='word_1_480' title='bbox 846 4878 874 4891; x_wconf 96' lang='lat'>-</span> <span class='ocrx_word' id='word_1_481' title='bbox 912 4856 955 4907; x_wconf 73' lang='lat' dir='ltr'><strong>te.</strong></span> <span class='ocrx_word' id='word_1_482' title='bbox 974 4868 1019 4907; x_wconf 90' lang='grc' dir='ltr'><strong>ιιι.</strong></span> <span class='ocrx_word' id='word_1_483' title='bbox 1039 4858 1101 4908; x_wconf 78' lang='lat' dir='ltr'><strong>idus</strong></span> <span class='ocrx_word' id='word_1_484' title='bbox 1118 4857 1161 4908; x_wconf 72' lang='lat' dir='ltr'><strong>Mt</strong></span> <span class='ocrx_word' id='word_1_485' title='bbox 1180 4869 1220 4907; x_wconf 83' lang='grc' dir='ltr'><strong>ιν.</strong></span> <span class='ocrx_word' id='word_1_486' title='bbox 1241 4857 1303 4907; x_wconf 82' lang='lat' dir='ltr'><strong>ldus</strong></span> <span class='ocrx_word' id='word_1_487' title='bbox 1321 4855 1352 4906; x_wconf 83' lang='lat' dir='ltr'><strong>E.</strong></span> 
     </span>
    </p>
   </div>
   <div class='ocr_carea' id='block_1_11' title="bbox 0 0 1632 5400">
    <p class='ocr_par' dir='ltr' id='par_1_13' title="bbox 0 0 1632 5400">
     <span class='ocr_line' id='line_1_49' title="bbox 0 0 1632 5400; baseline 0 0"><span class='ocrx_word' id='word_1_488' title='bbox 0 0 1632 5400; x_wconf 95' lang='lat' dir='ltr'><strong> </strong></span> 
     </span>
    </p>
   </div>
  </div>
 </body>
</html>
