3256 5400
171 190 235 255 760
386 180 390 187 ⁸
677 183 738 250 ΕΡ.
761 182 813 245 ΑΙ)
835 179 993 245 Β111111111

172 366 241 412 esse
263 342 367 410 debet.
410 342 507 410 Filius
529 348 601 404 tuas
623 359 641 403 a
664 359 715 404 me
737 335 835 403 abest
877 341 913 402 In
935 335 1118 402 Macedonia
1138 335 1396 422 congrediemur.
1441 343 1509 405 Ius-

172 462 226 507 sus
255 446 304 504 est
331 437 415 503 enim
436 432 633 500 Ambraciam
662 432 778 497 ducere
807 431 928 518 equites
950 451 1009 516 per
1029 429 1240 506 Thessaliam,
1270 440 1303 496 et
1324 432 1441 516 scripsi
1469 431 1510 498 ad

173 555 264 610 enm,
290 542 327 598 ut
347 530 424 596 mihi
446 526 630 592 Heracleam
653 534 845 592 occurreret.
890 528 966 591 Cum
989 545 1062 589 eum
1084 523 1211 599 videro,
1240 530 1394 611 quoniam
1415 525 1510 594 nobis

174 625 343 712 permittis,
375 619 585 687 communiter
613 619 838 685 constituemus
867 618 907 684 de
935 617 1041 682 reditu
1069 616 1138 683 eius
1168 619 1208 683 ad
1237 619 1425 705 petitionem
1453 630 1510 687 aut

151 715 476 792 scemmendatiouem
498 712 639 778 honoris.
683 717 713 778 2.
736 712 806 778 Tibi
826 712 979 799 Glycona,
1002 710 1159 777 medicum
1181 716 1315 788 Pansae,
1338 712 1397 798 qui
1418 734 1510 780 soro-

174 833 243 878 rem
257 809 414 875 Achillcos
436 807 535 872 nostri
552 808 589 895 in
604 807 804 872 matrimonio
826 805 932 882 habet,
955 805 1193 891 diligentissime
1207 806 1410 873 commendo.
1445 812 1509 874 Au·

174 903 277 969 dimus
299 922 371 966 eum
394 906 517 965 venisse
538 901 571 965 in
593 901 804 986 suspicionem
827 905 988 985 Torquato
1010 898 1050 964 de
1072 908 1175 965 morte
1196 904 1314 965 Pansae
1336 900 1510 966 custodiri-

175 1017 237 1084 que
258 1004 293 1060 ut
314 993 513 1080 parricidam.
548 994 631 1059 Nihil
653 995 756 1060 minus
777 993 970 1058 credendum
993 1001 1057 1071 est;
1080 997 1150 1080 quis
1173 994 1256 1058 enim
1278 993 1435 1058 maiorem
1459 1014 1509 1058 ca·

173 1089 344 1156 Iamitatem
366 1095 468 1151 morte
490 1091 608 1152 Pansae
630 1087 767 1173 accepit?
799 1091 967 1152 Praeterea
990 1094 1037 1150 est
1052 1086 1211 1152 modestus
1232 1085 1329 1154 homo
1351 1096 1385 1152 et
1406 1086 1508 1172 frngi;

141 1204 270 1270 nquam
291 1203 332 1246 ne
353 1181 470 1246 utilitas
492 1180 619 1266 quidem
636 1180 781 1247 videatur
801 1181 976 1266 impulsura
996 1179 1095 1245 luisse
1117 1180 1157 1245 ad
1177 1179 1308 1250 lacinus.
1351 1186 1443 1266 Ilogo
1466 1190 1508 1256 te,

176 1275 348 1362 etquidem
370 1273 461 1339 valde
483 1294 576 1359 rogo,
594 1308 635 1321 -
657 1295 729 1339 nam
743 1275 900 1340 Achilleus
921 1283 1030 1339 noster
1052 1294 1115 1340 nou
1132 1273 1235 1339 minus
1257 1296 1351 1362 quam
1368 1296 1508 1362 aequum

176 1378 224 1434 est
238 1367 361 1434 laborat
373 1404 432 1442 ·-,
455 1368 569 1454 eripias
584 1390 657 1434 eum
679 1390 720 1433 ex
735 1368 875 1433 custodia
896 1388 1138 1454 conservaeque.
1175 1371 1245 1434 IIoc
1259 1389 1319 1453 ego
1341 1367 1384 1434 ad
1399 1390 1508 1434 meum

175 1461 314 1527 officium
336 1467 529 1547 privatarum
551 1483 659 1527 rerum
681 1483 781 1548 acque
803 1473 896 1548 atque
917 1462 1011 1527 ullam
1034 1461 1126 1526 aliam
1151 1482 1217 1526 rem
1240 1462 1401 1547 pertinere
1423 1461 1510 1528 arbi-

176 1563 255 1621 tror.
297 1559 328 1620 3.
352 1559 429 1620 Cum
450 1555 506 1620 has
528 1555 567 1621 ad
588 1566 620 1620 te
642 1555 815 1621 scriberem
836 1556 972 1632 litteras,
995 1554 1035 1620 ab
1058 1559 1177 1630 Satrio,
1205 1555 1308 1639 legato
1330 1558 1364 1621 C.
1388 1554 1510 1620 Trebo-

141 1647 238 1721 isuii,
268 1647 391 1713 reddita
418 1659 466 1714 est
492 1650 570 1714 mihi
599 1651 746 1736 epistola,
776 1673 795 1716 a
817 1651 909 1716 Tillio
930 1662 962 1717 et
982 1651 1133 1716 Deiotaro
1154 1649 1349 1716 Dolabellam
1378 1670 1508 1716 caesum

175 1741 380 1828 fugatumque
403 1763 481 1807 esse.
527 1747 677 1810 Graecam
699 1745 863 1831 epistolam
885 1743 943 1809 tibi
964 1744 1036 1809 misi
1059 1743 1189 1810 Cicereii
1211 1742 1373 1808 cuiusdam
1396 1742 1436 1808 ad
1453 1747 1509 1808 Sa·

176 1835 272 1900 trium
294 1835 431 1900 missam.
469 1836 499 1901 l.
520 1836 644 1903 Flavius
665 1846 775 1903 noster
796 1838 835 1903 de
850 1837 1083 1911 controversia,
1107 1858 1200 1923 quam
1223 1835 1318 1902 babet
1338 1857 1410 1901 cum
1426 1841 1507 1924 Dyr·

177 1927 333 1993 rhachinis
355 1928 590 2007 hereditariam,
613 1930 746 2018 sumpsit
766 1940 797 1996 te
818 1931 965 1997 iudicem.
1000 1938 1089 2017 Rogo
1111 1941 1158 2005 te,
1182 1931 1311 2004 Cicero,
1335 1938 1368 1993 et
1383 1929 1508 1996 Flavius

176 2030 282 2108 rogat,
312 2043 380 2087 rem
411 2022 567 2088 conficias.
613 2025 697 2102 Quin
726 2025 771 2100 ei,
800 2026 854 2112 qui
875 2025 1015 2091 Flavium
1042 2024 1117 2089 lecit
1143 2024 1310 2099 heredem,
1339 2023 1507 2109 pecuniam

140 2139 169 2182 ao
179 2114 324 2182 debuerit
344 2116 469 2192 civitas,
493 2138 557 2181 non
578 2126 625 2183 est
639 2115 790 2196 dubium;
811 2140 914 2205 neque
928 2117 1138 2207 Dyrrhachini
1159 2116 1344 2190 infitiantur,
1367 2117 1425 2183 sed
1448 2117 1508 2185 sibi

177 2209 327 2275 donatum
357 2232 410 2276 aes
433 2211 570 2277 alienum
592 2232 610 2277 a
633 2216 766 2279 Caesare
787 2212 904 2279 dicunt.
946 2212 1017 2278 Noli
1038 2213 1103 2298 pati
1122 2235 1141 2278 a
1162 2213 1346 2279 necessariis
1369 2214 1432 2281 tuis
1455 2237 1509 2280 ne·

178 2306 315 2460 cessqrio
342 2327 415 2371 meo
442 2305 589 2372 iniuriam
615 2305 695 2372 lieri.
744 2327 833 2373 xv1r.
861 2305 990 2372 Kalend.
1017 2311 1087 2373 Iun.
1113 2327 1154 2372 ex
1183 2308 1310 2384 castris,
1342 2307 1508 2374 adimam
1574 2315 1579 2326 '

180 2400 242 2462 Can
265 2396 376 2464 aviam.

587 2525 651 2586 I'II.
695 2525 845 2588 BRUTUS
867 2524 1052 2589 CICERONI
1073 2525 1105 2593 S.

142 2662 171 2708 η
265 2637 294 2698 1.
321 2636 356 2699 L.
378 2632 507 2699 Bibulus
534 2654 627 2718 quam
649 2653 740 2699 carus
762 2634 838 2699 mibi
867 2655 936 2699 esse
957 2633 1085 2710 debeat,
1114 2655 1208 2700 nemo
1229 2635 1342 2701 melius
1363 2635 1507 2702 iudicare

179 2733 282 2811 potest
303 2748 395 2813 quam
419 2737 468 2802 tu,
498 2729 587 2794 cuius
609 2737 711 2792 tantae
740 2749 799 2814 pro
821 2749 857 2792 re
879 2728 1003 2814 publica
1030 2728 1245 2794 contentiones
1266 2730 1507 2796 sollicitudines·

179 2842 241 2906 que
263 2820 397 2887 luerunt.
441 2826 548 2908 Itaque
570 2822 619 2887 vel
641 2822 739 2907 ipsius
760 2822 860 2887 virtus
888 2823 938 2886 vel
960 2831 1067 2888 nostra
1089 2821 1287 2888 necessitudo
1316 2823 1411 2889 debet
1434 2844 1509 2889 con-

179 2913 285 2980 ciliare
307 2924 337 2979 te
359 2915 419 2993 illi;
450 2936 513 3000 quo
536 2915 637 2979 minus
658 2915 753 2979 multa
785 2915 860 2979 mihi
884 2915 1050 2981 scribenda
1074 2936 1142 2981 esse
1164 2915 1312 2982 arbitror.
1355 2918 1507 2984 Voluntas

180 3008 264 3071 enim
292 3019 322 3073 te
351 3030 481 3073 movere
510 3007 603 3073 debet
624 3020 745 3080 nostra,
776 3009 802 3073 si
824 3009 919 3074 modo
940 3010 1022 3075 iusta
1045 3019 1091 3075 est
1116 3019 1169 3075 aut
1191 3031 1250 3096 pro
1272 3011 1377 3076 officio
1400 3032 1507 3076 neces

144 3101 263 3173 aesario
286 3103 462 3187 suscipitur.
505 3107 540 3166 ln
555 3106 672 3167 Pansae
693 3102 797 3167 locum
820 3111 929 3186 petere
952 3102 1121 3168 constituit.
1164 3106 1240 3168 llam
1260 3104 1507 3170 nominationem

180 3203 249 3259 ate
271 3195 416 3279 petimus.
459 3202 567 3283 Neque
598 3196 804 3263 coniunctiori
832 3194 907 3260 dare
937 3193 1137 3269 beneficium,
1168 3217 1261 3282 quam
1289 3217 1347 3262 nos
1377 3197 1434 3262 tibi
1457 3220 1509 3264 su-

179 3308 263 3362 mus,
293 3310 396 3374 neque
418 3289 594 3375 digniorem
615 3290 778 3354 nominare
803 3298 893 3375 potes
922 3310 1016 3375 quam
1037 3289 1191 3355 Bibulum.
1236 3294 1268 3354 2.
1298 3296 1345 3355 De
1366 3290 1507 3357 Domitio

179 3389 211 3444 et
224 3383 380 3465 Appuleio
402 3384 477 3467 quid
499 3385 607 3450 attinet
627 3405 678 3447 me
699 3382 853 3458 scribere,
876 3404 947 3448 cum
967 3383 1028 3468 ipsi
1049 3405 1107 3470 per
1129 3405 1162 3448 se
1185 3383 1242 3448 tibi
1264 3384 1505 3449 commendatis·

180 3475 249 3539 simi
272 3476 354 3540 sint?
386 3477 572 3562 Appuleium
594 3499 671 3543 vero
693 3487 727 3543 tu
749 3488 802 3543 tua
823 3477 1007 3542 auctoritate
1035 3477 1189 3542 sustinere
1211 3475 1317 3543 debes.
1361 3477 1424 3544 Sed
1446 3484 1508 3563 Ap-

144 3569 302 3655 apuleius
324 3569 356 3633 in
378 3592 433 3636 sua
456 3573 587 3658 epistola
608 3571 828 3638 celebrabitur.
873 3570 1020 3637 Bibulum
1043 3573 1107 3638 noli
1129 3571 1286 3637 dimittere
1308 3593 1326 3637 e
1348 3574 1420 3638 sinu
1441 3582 1506 3647 tuo,

181 3672 298 3727 tantum
321 3664 382 3728 iam
405 3667 523 3740 virum,
554 3688 595 3731 ex
617 3675 750 3752 quanto,
780 3665 875 3730 crede
897 3664 988 3739 mihi,
1011 3675 1113 3752 potest
1135 3666 1286 3741 evadere,
1317 3667 1372 3753 qai
1394 3667 1507 3733 vestris

180 3779 352 3844 paucorum
374 3760 562 3845 respondeat
583 3760 738 3827 laudibus.

606 3894 686 3955 VIII.
731 3891 872 3957 CICERO
895 3892 1026 3957 BRUTO
1051 3894 1082 3955 S.

267 4011 295 4070 1.
324 4004 437 4069 blultos
465 4002 521 4068 tibi
543 4003 775 4074 commendavi,
805 4013 837 4066 et
864 4002 1080 4068 commendem
1110 4022 1237 4066 necesse
1260 4009 1317 4067 est.
1361 4002 1507 4088 Optimus

144 4101 265 4166 monim
287 4099 418 4184 quisquo
440 4099 488 4162 vir
503 4108 533 4161 et
548 4097 624 4162 civis
646 4097 782 4161 maxime
797 4097 938 4181 sequitur
960 4106 1046 4161 tuum
1063 4095 1233 4171 iudicium,
1254 4093 1375 4176 tibique
1397 4116 1507 4160 omnes

250 4245 276 4293 2.
296 4242 464 4291 Ambraciam
484 4244 507 4291 i:
527 4242 685 4291 Ambraciota
704 4242 747 4299 Ill,
768 4241 909 4290 Ambracia
928 4242 994 4290 Illll.
1017 4266 1047 4277 -
1079 4240 1373 4291 1111111111.-
1409 4239 1436 4288 d.
1458 4247 1506 4289 ant

182 4315 432 4365 commendationem
449 4313 531 4364 blllI:
559 4317 607 4360 ant
626 4313 663 4360 ad
681 4312 934 4361 commendationem
953 4312 982 4360 II.
1012 4335 1045 4348 -
1080 4313 1107 4362 5.
1134 4309 1253 4373 Glycona
1271 4310 1315 4359 M:
1341 4309 1447 4359 Clitena
1465 4310 1507 4369 11,

181 4386 312 4434 Helicona
330 4385 358 4443 l,
386 4383 521 4434 Glaucone
539 4383 570 4432 Ε.
608 4382 662 4432 Glr.
683 4382 796 4432 Sueten.
815 4383 885 4444 Aug.
905 4381 950 4430 11.
979 4406 1010 4416 -
1048 4381 1074 4431 ’1.
1100 4377 1170 4442 enm]
1189 4383 1259 4431 enim
1276 4379 1300 4430 l.
1330 4405 1362 4415 -
1399 4380 1442 4427 11.
1469 4387 1508 4429 ert

183 4469 296 4520 aequam
314 4468 329 4504 e
347 4455 431 4504 Codd.
452 4455 540 4515 Regiis
560 4455 597 4509 (1)
616 4451 818 4502 ballemandos.
840 4477 870 4488 —
900 4452 942 4500 ta.
962 4452 1083 4501 elaborat
1102 4452 1123 4499 1.
1147 4476 1174 4485 -
1206 4452 1247 4500 ll.
1269 4464 1288 4498 a
1305 4448 1395 4499 Satrio
1414 4449 1451 4509 11,
1473 4449 1507 4498 ab

183 4527 280 4588 Satyro
299 4525 320 4573 1.
342 4551 372 4560 -
402 4525 445 4573 15.
466 4524 577 4584 epistola
595 4525 659 4571 mim·
677 4524 707 4572 R.
731 4550 758 4558 -
795 4523 881 4572 Tullio
899 4522 944 4570 111.
977 4519 1022 4584 (111
1040 4535 1105 4581 nos,
1125 4521 1165 4572 Vb
1183 4522 1272 4580 etbl;
1292 4531 1441 4582 rursusque
1460 4520 1508 4569 Er·

184 4591 308 4655 uastius.)
333 4618 358 4628 —
387 4595 429 4644 16.
450 4595 555 4644 Cicereii
572 4593 640 4642 MR:
661 4594 778 4655 Cytherea·
797 4593 825 4652 1,
847 4591 967 4654 Cycbcrei
986 4592 1016 4642 R.
1038 4615 1070 4627 -
1093 4591 1222 4654 Satyrum
1240 4592 1262 4640 1.
1288 4613 1312 4623 -
1341 4589 1384 4638 18.
1406 4602 1508 4638 aarum·

180 4670 235 4730 psit
254 4668 285 4717 11.
307 4692 336 4701 -
355 4665 399 4714 P‘I.
419 4679 493 4713 rrrrr.
515 4679 553 4726 pr.
574 4665 616 4722 11,
637 4678 698 4713 rra.
720 4663 749 4711 11.
775 4686 801 4695 -
828 4663 871 4712 25.
893 4662 924 4711 1..
942 4675 998 4711 om.
1019 4662 1064 4713 111.
1086 4685 1116 4696 -
1134 4663 1179 4711 3-1.
1199 4657 1353 4725 Appuleiae]
1373 4659 1508 4708 Domitiae

185 4739 206 4787 1.
238 4736 292 4787 Clr.
313 4736 447 4786 Tuustalli
466 4736 525 4787 Obs.
546 4749 571 4796 p.
591 4734 652 4784 392.
673 4757 706 4768 -
724 4733 768 4783 ³5.
787 4735 902 4782 emittere
920 4732 950 4780 11.
973 4752 1004 4767 -
1023 4746 1036 4781 e
1053 4731 1096 4781 Ill:
1115 4746 1148 4782 ca
1167 4733 1233 4782 11111.
1256 4757 1286 4767 -
1314 4730 1357 4779 311.
1379 4742 1507 4779 commcn-

184 4807 259 4872 dam']
279 4808 430 4857 commendo
449 4807 467 4855 i.
489 4829 520 4840 -
538 4805 581 4854 lt).
600 4807 716 4853 marimo
734 4817 789 4853 om.
804 4804 826 4852 1.
848 4828 879 4838 -
900 4808 976 4852 taum
993 4801 1119 4853 iudicium
1135 4802 1200 4855 llll:
1222 4800 1348 4853 iudicinm
1365 4806 1440 4848 taam
1460 4800 1505 4850 Ill.
