3256 5400
720 1205 885 1214 ——-.

640 1334 665 1396 1.
708 1330 758 1415 (A.
783 1333 816 1397 u.
837 1335 870 1398 e.
891 1331 977 1417 aaa.)

624 1454 766 1519 arcano
788 1455 931 1519 amico
953 1456 984 1520 s.

148 1588 177 1649 1.
218 1564 397 1650 petitionis
424 1590 564 1656 nostrae,
592 1603 685 1670 quam
711 1582 769 1649 tibi
782 1603 936 1677 'summae
963 1594 1065 1649 carae
1079 1603 1148 1649 esso
1168 1584 1252 1659 scio,
1282 1581 1460 1649 huiusmodi

146 1677 226 1742 ratio
257 1686 318 1750 est,
350 1676 435 1763 quod
466 1674 567 1742 adbuc
597 1677 777 1742 coniectura
808 1676 970 1762 provideri
998 1677 1105 1762 possit.
1162 1680 1292 1742 Prensat
1319 1698 1399 1742 unus
1427 1681 1460 1741 P.

147 1769 254 1836 Galba.
310 1770 383 1835 Sine
415 1769 487 1836 luco
515 1790 552 1835 ac
577 1769 727 1843 fallaciis,
760 1790 849 1834 more
882 1774 1055 1842 maiorum,
1088 1778 1229 1854 negatur.
1286 1773 1321 1835 Ut
1353 1769 1483 1855 opinios

146 1871 193 1928 est
218 1863 401 1937 bominum,
437 1884 500 1928 non
527 1863 628 1929 aliena
655 1862 770 1929 rationi
799 1871 925 1928 nostrae
955 1862 1014 1928 luit
1038 1862 1120 1947 illius
1148 1863 1224 1928 baec
1249 1883 1462 1950 praepropera

145 1957 313 2042 prensatio.
370 1962 444 2021 Nam
472 1956 586 2029 illiita
613 1967 727 2042 negant
755 1956 870 2041 vulgo,
903 1964 939 2022 ut
960 1955 1036 2021 mibi
1056 1977 1091 2020 se
1112 1955 1227 2022 debere
1248 1955 1361 2022 dicant
1416 1958 1462 2021 lta

146 2049 294 2138 quiddam
320 2050 415 2136 spero
444 2049 535 2116 nobis
563 2050 688 2137 profici,
718 2071 788 2115 cum
811 2051 871 2117 boc
891 2049 1133 2137 percrebrescit,
1164 2050 1316 2135 plurimos
1336 2058 1463 2115 nostros

145 2144 278 2210 amicos*
288 2143 431 2209 inveniri.
486 2149 548 2209 llos
575 2153 679 2209 antem
706 2145 829 2210 initium
857 2143 1025 2230 prensandi
1049 2142 1153 2208 lacere
1183 2143 1390 2227 cogitaramus
1421 2163 1462 2209 eo

146 2237 215 2323 ipso
240 2245 398 2322 tempore,
426 2258 491 2325 quo
519 2248 605 2304 tuum
633 2257 766 2324 puerum
788 2258 860 2303 cum
887 2237 937 2303 bis
957 2231 1069 2304 litteris
1094 2234 1249 2322 proficisci
1271 2237 1394 2305 Cincius
1415 2235 1499 2305 dl-ro

145 2329 249 2406 cebat,
271 2330 303 2394 in
324 2350 451 2417 campo,
478 2330 613 2396 comitiis
633 2329 823 2406 tribuniciis,
852 2351 881 2396 a.
903 2330 934 2396 d.
955 2350 1028 2398 xvr.
1048 2327 1178 2395 Kalend.
1199 2332 1285 2395 Sext
1306 2328 1464 2415 Competi-

145 2432 247 2499 torcs,
283 2423 338 2507 qui
364 2423 443 2489 certi
471 2444 539 2488 esse
568 2423 747 2498 videantur,
786 2423 882 2490 Galba
910 2433 942 2488 et
969 2422 1121 2488 Antonius
1148 2431 1180 2486 et
1207 2423 1245 2498 Q.
1268 2421 1463 2490 Cornificius.

146 2522 225 2582 Puto
247 2526 276 2582 te
299 2517 330 2582 in
351 2517 411 2582 boc
431 2524 485 2582 ant
505 2517 612 2582 risisse
633 2528 688 2582 aut
708 2516 909 2601 ingemuisse.
950 2520 989 2582 Ut
1009 2514 1144 2580 frontem
1166 2512 1276 2589 ferias,
1298 2525 1385 2589 sunt,
1408 2519 1474 2602 qni*

146 2610 239 2676 etiam
272 2611 455 2676 Caesonium
487 2619 605 2697 putent.
660 2610 829 2696 Aquilliam
861 2631 925 2676 non
951 2608 1155 2680 arbitramur,
1187 2608 1244 2693 qui
1271 2606 1403 2692 denegat
1432 2616 1465 2674 et

146 2704 263 2770 iuravit
289 2703 435 2769 morbum
465 2714 497 2770 et
523 2704 600 2769 illud
627 2724 718 2770 soum
747 2723 879 2788 regnam
900 2702 1047 2768 iudiciale
1069 2701 1226 2788 opposuit
1267 2701 1414 2774 Catilina,
1436 2700 1501 2767 aira

146 2797 314 2862 iudicatum
336 2798 397 2863 erit
416 2797 548 2864 meridie
569 2818 633 2863 nou
653 2798 770 2872 lucere,
790 2806 895 2862 certus
916 2795 978 2861 erit
998 2792 1196 2880 competitor.
1237 2797 1284 2859 lle
1305 2794 1377 2860 auti
1398 2793 1465 2860 salio

146 2901 179 2956 et
205 2891 245 2957 de
270 2891 415 2957 Palicano
442 2913 505 2957 nou
527 2901 604 2977 puto
631 2902 662 2958 te
691 2898 889 2977 exspectare,
922 2889 997 2954 dum
1019 2886 1164 2953 scribam.
1207 2890 1238 2953 1.
1259 2893 1306 2955 lle
1327 2887 1385 2962 iis,
1409 2885 1466 2974 qai

147 3006 229 3050 nune
256 2993 381 3071 petunt,
414 2989 528 3051 Caesar
554 2996 658 3051 certus
685 2993 822 3071 putatur.
871 2984 1022 3048 Thermus
1049 3002 1121 3047 cum
1142 2980 1247 3046 Silano
1275 2979 1466 3049 contendere

147 3079 358 3157 existimatum
393 3079 449 3166 qui
469 3078 514 3143 sic
535 3079 644 3164 inopes
675 3088 707 3143 et
726 3075 766 3142 ab
787 3076 895 3141 amicis
916 3085 948 3140 et
968 3073 1198 3141 existimatione
1218 3084 1304 3151 sunt,
1334 3083 1368 3143 ut
1389 3071 1466 3137 mibi

147 3172 291 3237 videatur
310 3193 373 3238 non
395 3193 464 3238 esse
484 3174 647 3239 ἀδύνατον
669 3171 799 3239 Curium
820 3168 989 3235 obducere.
1031 3168 1094 3233 Sed
1114 3167 1174 3232 boc
1195 3177 1319 3253 praeter
1339 3188 1390 3232 me
1411 3187 1502 3233 neae

147 3264 223 3329 mini
249 3263 383 3331 videtur.
440 3265 559 3332 Nostris
580 3264 754 3331 rationibus
782 3267 918 3328 maxime
947 3260 1123 3328 conducere
1150 3261 1274 3326 videtur
1295 3260 1465 3326 Thermum

147 3357 215 3424 lieri
244 3378 316 3424 cum
346 3363 488 3426 Caesare.
544 3365 642 3426 Nemo
663 3367 711 3424 est
738 3357 821 3422 enim
844 3378 885 3421 cx
906 3355 961 3429 iis,
991 3355 1045 3441 qui
1073 3373 1157 3420 nunc
1185 3362 1308 3440 petunt,
1336 3352 1409 3439 qui,
1437 3350 1465 3415 si

147 3448 179 3513 in
210 3459 353 3518 noenum
385 3472 500 3519 anunm
530 3453 692 3527 reciderit,
728 3450 851 3516 lirmior
883 3449 1064 3514 candidatus
1094 3446 1165 3512 lore
1197 3446 1355 3524 videatur3
1391 3462 1467 3531 pro-

147 3550 253 3628 pterea
283 3545 369 3631 quod
396 3556 524 3612 curator
550 3559 597 3613 est
622 3545 691 3612 viae
717 3544 906 3618 Flaminiae,
942 3564 1023 3629 quae
1050 3552 1117 3607 tum
1146 3540 1208 3605 erit
1227 3538 1369 3604 absoluta
1391 3556 1466 3602 sane

146 3638 247 3705 lacile.
300 3645 380 3706 Eum
409 3639 544 3708 libenter
574 3643 694 3721 †muu
714 3639 809 3704 ciceri
837 3638 947 3704 consul
973 3636 1151 3702 acciderint.
1192 3634 1363 3700 Petitorum
1390 3629 1503 3698 baeora

216 3858 244 3908 5.
262 3859 402 3909 maloram.
438 3859 571 3924 Νισαίων,
601 3865 631 3910 at
648 3860 737 3923 optato
754 3871 806 3909 eras
823 3857 955 3907 bominum
971 3855 1092 3905 videatur
1108 3867 1162 3903 aaa
1178 3853 1215 3905 ll.
1238 3877 1273 3887 -
1308 3849 1334 3902 d.
1354 3857 1391 3900 est
1408 3862 1465 3899 om.

148 3927 222 3978 1.-
257 3934 356 3978 rostra.
392 3929 453 3980 Fuit
470 3931 532 3980 basa
548 3928 791 3993 comproperat.
817 3949 850 3963 -
883 3925 1080 3990 8.qataem1t.
1108 3949 1137 3959 -
1177 3925 1220 3974 10.
1240 3917 1363 3984 tempora]
1382 3920 1424 3968 dis
1442 3918 1465 3967 l.

152 4023 175 4035 -
208 4011 318 4060 paenam
336 4000 448 4050 tuuml.
480 4025 511 4036 -
548 4000 591 4050 11.
609 4001 765 4050 videbantur
781 3997 813 4047 ll.
844 4023 872 4033 -
912 3996 954 4046 13.
977 3995 1138 4060 inarmatus.
1188 3994 1219 4043 Ut
1236 3993 1350 4057 frontem
1366 3990 1465 4053 semaa,

147 4074 208 4117 ruat
225 4068 367 4118 Erasmus:
386 4071 554 4134 inposuisse,
573 4077 602 4120 at
614 4071 726 4134 trentam
743 4068 833 4133 [emas.
852 4066 919 4117 Salat
936 4064 1005 4115 ltlll.
1023 4088 1050 4097 -
1071 4065 1115 4114 14.
1123 4065 1243 4126 poterstta
1260 4061 1304 4125 pai
1320 4060 1395 4109 mam
1411 4070 1467 4108 aaa

147 4136 189 4193 11.
207 4144 320 4200 patant,
349 4139 486 4202 pastillum
502 4153 555 4188 aon
575 4139 598 4190 l.
628 4165 662 4175 -
697 4137 894 4189 arbitrabamur
911 4136 953 4196 a,
980 4135 1148 4184 arbitrantur
1164 4133 1188 4184 l.
1219 4157 1250 4168 -
1291 4131 1338 4194 aad
1356 4129 1467 4209 deotflat

147 4207 221 4258 Ylll:
241 4209 287 4272 pai
303 4207 430 4273 deaeparrt
447 4208 487 4259 bl:
507 4211 551 4272 pai
567 4216 592 4259 st
609 4211 715 4273 aepaoit
731 4207 791 4267 XZ,
810 4194 855 4270 adi
872 4206 1008 4271 denepacit
1025 4203 1057 4255 ll:
1078 4228 1109 4240 -
1146 4202 1189 4252 15.
1208 4209 1232 4252 et
1250 4201 1351 4249 curavit
1366 4190 1407 4249 bt,
1435 4220 1464 4233 -

148 4276 191 4326 td.
211 4277 307 4341 ltpaera
324 4277 367 4340 11,
386 4279 459 4329 derra
477 4279 509 4331 R.
530 4301 561 4323 ι-
596 4279 657 4328 Aalt
672 4279 727 4344 fillo
745 4277 888 4326 Gareanus
907 4275 973 4338 (cfr.
994 4275 1039 4337 Ep.
1059 4273 1103 4323 18.
1123 4272 1167 4322 10.
1186 4273 1214 4332 1,
1235 4271 1268 4330 3,
1289 4272 1345 4323 1.):
1364 4267 1468 4333 Aufidio

147 4359 209 4396 oum
229 4347 305 4397 llbris
325 4347 355 4398 ll.
376 4374 405 4385 -
443 4348 487 4400 17.
505 4349 537 4399 da
554 4353 617 4398 ante
635 4349 761 4398 Palicano
778 4360 833 4397 om.
853 4346 905 4396 111.
933 4369 963 4379 -
1000 4345 1039 4393 hta
1056 4344 1107 4393 111.
1136 4368 1167 4376 -
1205 4343 1248 4391 rtt.
1264 4340 1426 4389 estimatione
1443 4336 1465 4387 l.

151 4439 180 4450 -
207 4416 251 4467 10.
270 4417 411 4468 atnam
427 4417 465 4470 ld.
495 4439 530 4456 -
563 4413 704 4469 ἀδύνατοι
723 4430 779 4479 mg.
799 4415 835 4466 bl.
864 4441 892 4451 -
930 4428 1020 4463 aarum
1037 4414 1082 4469 bl,
1115 4413 1221 4462 Tarium
1239 4411 1275 4470 Z,
1295 4411 1393 4459 tarium
1411 4420 1465 4470 ως.

149 4485 186 4536 lt.
215 4508 246 4521 -
278 4493 368 4549 prater
389 4489 440 4538 mal
459 4501 493 4539 aa
516 4488 619 4538 minime
644 4501 684 4553 pr.
710 4487 748 4540 ld.
778 4510 813 4520 -
847 4485 891 4534 11.
910 4484 950 4533 dis
968 4485 1019 4533 111.
1049 4509 1083 4518 —-
1119 4481 1351 4532 incandidantur
1368 4477 1405 4528 bl.
1435 4501 1464 4514 -·

148 4555 193 4604 11.
210 4563 370 4618 procurator
386 4557 409 4608 l.
427 4583 462 4592 —
497 4554 567 4620 taor]
586 4571 643 4607 aar
659 4557 699 4608 11.
720 4583 750 4594 -
769 4555 890 4605 absolata
908 4567 971 4603 saar
987 4554 1073 4617 [omis.
1104 4554 1169 4602 liam
1189 4552 1297 4601 libenter
1314 4562 1377 4597 maa
1393 4547 1469 4596 ciceri

149 4626 238 4674 coarat
254 4626 395 4678 acciderint
412 4627 473 4678 XY:
499 4627 621 4678 absoluta
636 4640 700 4678 sarrs
716 4626 792 4692 [aetla
809 4639 866 4674 sara
883 4624 990 4674 liberator
1006 4638 1069 4673 marr
1086 4624 1160 4672 citeri
1176 4621 1267 4671 aarum
1283 4619 1431 4669 acciderant
1448 4614 1468 4665 Ζ

149 4700 217 4745 teste
235 4695 328 4755 Basta,
346 4721 376 4733 ··
392 4697 499 4749 liberter
515 4698 643 4747 aaadtm
667 4697 759 4746 comiti
775 4695 923 4745 metam
941 4692 959 4742 Ζ
978 4699 1043 4743 teste
1063 4693 1204 4750 Lambioo,
1223 4715 1259 4726 ·-
1277 4688 1384 4738 libratu
1400 4697 1469 4735 orara

149 4767 226 4815 cetera·
254 4765 396 4827 (cantitari
414 4781 469 4831 mg.
487 4766 532 4828 11)
561 4767 660 4816 consult
676 4767 813 4817 modarius
831 4762 912 4821 blltl,
942 4761 1072 4813 absolata.
1109 4762 1177 4813 Saos
1194 4761 1271 4826 {aetla
1288 4771 1344 4807 eam
1363 4752 1469 4818 [libert]

149 4833 261 4907 θερμὸν
286 4834 412 4897 (volebat
429 4833 556 4908 captor)
582 4838 658 4887 dam
685 4830 818 4898 [mali]
843 4832 992 4882 aeeadartm
1010 4847 1072 4883 cum
1090 4833 1114 4882 l.
1133 4831 1270 4881 Gronorto
1290 4828 1320 4877 ll.
1529 4830 1532 4837 “
