3256 5400
180 231 241 294 398
672 232 731 295 ΕΡ.
752 233 804 295 tn
826 231 998 297 ATthtttt

180 389 258 456 ldih.
279 387 370 455 Febr.
392 386 533 452 dederas.
584 389 622 452 Ei
643 409 725 454 nunc
746 389 896 475 epistolae
916 387 1028 453 litteris
1049 386 1099 453 his
1119 389 1329 475 respondebo.
1371 398 1416 460 Ac
1437 394 1508 482 pri·

179 505 285 557 mum,
313 480 370 546 tihi
397 489 595 567 perspectum
625 502 694 546 esse
716 482 865 547 iudicium
886 481 925 546 de
946 491 978 547 te
999 502 1104 545 meum
1124 481 1242 561 laetor3
1265 484 1393 563 deinde,
1416 497 1450 553 te
1470 488 1507 553 in

179 579 218 644 iis
240 576 349 650 rebus,
377 594 459 660 quae
480 572 559 638 mihi
579 576 721 660 asperius
743 598 761 640 a
781 574 873 642 nohis
894 585 988 661 atque
1008 574 1124 640 nostris
1144 584 1176 639 et
1197 576 1394 644 iniucundius
1415 589 1507 646 actae

83 744 86 751 ‚
180 670 381 743 videbantur,
403 666 685 732 moderatissimum
708 667 804 733 luisse
824 668 1096 733 vehementissime
1117 669 1254 754 gaudeo,
1283 671 1377 758 idque
1398 695 1505 762 neque

156 769 296 830 ⁵amoris
316 761 485 827 mediocris
505 771 536 825 et
556 761 673 845 ingenii
696 762 808 826 summi
830 783 866 825 ac
886 760 1055 848 sapientiae
1075 761 1193 828 indico.
1236 766 1306 841 Qua
1327 766 1365 830 de
1379 789 1415 833 re
1429 789 1504 834 cum

178 858 218 925 ad
238 877 297 943 vme
317 856 360 920 ita
381 855 535 927 suaviter,
563 853 743 938 diligenter,
767 854 903 919 officiose
925 864 957 919 et
976 854 1153 921 humaniter
1173 857 1352 943 scripseris,
1381 871 1415 927 ut
1436 882 1503 927 non

178 951 273 1019 modo
301 959 330 1014 te
352 949 472 1014 hortari
486 948 618 1034 amplius
638 969 703 1014 non
725 946 872 1024 debeam,
901 947 957 1014 sed
978 970 1018 1014 ne
1040 962 1222 1036 exspectare
1245 952 1370 1038 quidem
1391 953 1448 1020 abs
1469 966 1504 1020 te

177 1056 230 1113 aut
257 1043 296 1110 ab
324 1043 389 1108 ullo
416 1041 543 1107 homine
570 1052 689 1108 tantum
715 1041 870 1108 facilitatis
891 1063 927 1107 ac
948 1043 1196 1109 mansuetudinis
1218 1046 1388 1131 potuerim,
1422 1048 1502 1113 nihil

177 1142 259 1207 duco
287 1159 355 1203 esse
384 1134 594 1210 commodius,
625 1156 718 1223 quam
747 1134 786 1201 de
815 1136 863 1200 his
889 1135 984 1201 rebus
1015 1136 1174 1202 nihilium
1197 1138 1327 1226 amplius
1348 1138 1500 1206 scrihere.

144 1254 170 1295 ro
179 1241 256 1303 Cum
278 1233 396 1297 erimus
418 1229 587 1314 congressi,
609 1239 685 1305 tum,
707 1229 734 1294 si
756 1230 830 1316 qnid
852 1251 904 1294 res
924 1229 1020 1303 feret,
1043 1250 1150 1296 coram
1171 1236 1334 1297 internos
1354 1234 1500 1298 consere-

178 1349 258 1394 mus.
316 1330 347 1390 2.
377 1324 471 1402 Quod
499 1322 539 1387 ad
566 1344 616 1387 me
646 1322 684 1388 de
708 1343 744 1387 re
772 1323 898 1409 publiea
924 1321 1051 1397 scribis,
1089 1324 1226 1410 disputas
1255 1336 1288 1391 tu
1315 1327 1439 1410 quidem
1467 1337 1501 1392 et

179 1428 320 1487 amanter
342 1428 373 1483 et
393 1417 578 1504 prudentem
600 1426 632 1482 et
645 1438 663 1481 a
677 1417 756 1482 meis
778 1417 915 1484 consiliis
935 1419 1016 1483 ratio
1039 1428 1092 1484 tua
1114 1440 1176 1483 non
1198 1419 1348 1485 abhorret
1364 1458 1405 1469 -
1426 1443 1499 1486 nam

178 1535 279 1602 neque
309 1513 349 1578 de
379 1521 461 1576 statu
489 1510 581 1576 nohis
609 1522 734 1577 nostrae
756 1511 912 1596 dignitatis
933 1522 980 1576 est
1001 1512 1209 1579 recedendum
1231 1536 1333 1600 neque
1355 1517 1421 1580 sine
1441 1534 1500 1581 no·

177 1610 250 1676 stris
278 1605 377 1694 c'opiis
403 1607 484 1670 intra
512 1605 639 1671 alterius
668 1605 824 1691 praesidia
850 1605 1054 1681 veniendum,
1088 1617 1119 1671 et
1140 1607 1184 1681 is,
1216 1607 1255 1672 de
1282 1630 1347 1695 qno
1369 1608 1498 1685 scribis,

142 1703 254 1769 tnnihit
281 1701 374 1766 habet
401 1699 555 1785 amplum,
583 1699 660 1764 nihil
681 1699 854 1773 excelsum,
882 1698 957 1764 nihil
980 1720 1041 1764 non
1064 1706 1263 1767 summissum
1284 1711 1377 1788 atque
1397 1725 1499 1790 popu·

177 1799 243 1867 lure
263 1819 323 1873 -;
346 1802 560 1859 verumtamen
582 1793 641 1858 tuit
662 1793 742 1858 ratio
764 1792 841 1857 mihi
862 1792 995 1857 tortasse
1016 1794 1056 1858 ad
1077 1795 1331 1881 tranquillitatem
1353 1818 1497 1863 meorum

176 1902 351 1977 temporum
380 1908 442 1952 non
469 1887 602 1961 inutilis,
630 1887 685 1972 sqd
712 1887 890 1956 mehercule
923 1890 968 1951 rei
990 1886 1132 1972 publicae
1153 1888 1253 1954 multo
1275 1889 1368 1954 etiam
1389 1891 1499 1957 utihor

176 2006 270 2072 qnam
291 1982 384 2058 mihi,
407 1990 471 2045 tnm
492 1979 711 2066 improborum
732 1981 865 2066 impetus
886 1980 919 2045 in
940 2001 991 2044 me
1011 1981 1163 2066 reprimi,
1184 2002 1256 2046 cum
1277 1982 1411 2048 hominis
1432 2006 1499 2048 arn·

157 2079 315 2164 'plissima
335 2077 476 2148 fortuna,
499 2076 698 2150 auctoritate,
723 2074 821 2159 gratia
842 2072 1041 2138 fluctuantem
1062 2074 1243 2139 sententiam
1265 2074 1498 2142 confirmassem

137 2181 207 2238 met
227 2195 246 2238 a
267 2192 323 2258 spe
350 2171 504 2235 malornm
533 2170 572 2236 ad
600 2191 741 2235 mearum
766 2189 874 2234 rerum
902 2166 1026 2233 laudem
1053 2169 1287 2234 convertissem.
1346 2170 1440 2246 Quod
1469 2171 1498 2235 si

174 2288 247 2333 cum
276 2265 380 2351 aliqua
407 2263 534 2329 levitate
562 2263 639 2328 mihi
659 2262 834 2329 laciendum
855 2262 980 2336 luisset,
1014 2261 1130 2327 nullam
1151 2283 1218 2328 rem
1241 2263 1316 2328 tanti
1337 2264 1500 2329 aestimas-

175 2382 259 2438 sem;
290 2359 346 2424 sed
374 2370 478 2423 tamen
506 2380 525 2422 a
549 2379 600 2422 me
627 2358 668 2424 ita
695 2367 766 2422 sunt
791 2367 857 2421 acta
884 2355 1008 2430 omnia,
1037 2377 1101 2421 non
1123 2365 1157 2421 nt
1178 2377 1237 2441 ego
1259 2357 1304 2422 illi
1325 2358 1497 2423 assentiens

176 2454 280 2519 levior
309 2452 363 2517 sed
392 2462 428 2517 ut
455 2452 507 2517 ille
539 2472 590 2515 me
617 2449 755 2538 probans
776 2449 902 2533 gravior
921 2448 1092 2515 videretur.
1135 2455 1165 2514 3.
1188 2451 1318 2537 Reliqua
1339 2451 1385 2516 sic
1405 2473 1423 2516 a
1443 2473 1497 2517 me

174 2558 310 2632 aguntur
330 2556 362 2611 et
382 2554 527 2631 agentur,
551 2554 669 2609 utnon
690 2543 933 2618 committamus,
955 2551 991 2607 nt
1012 2563 1058 2618 ea,
1080 2564 1159 2630 quae
1180 2544 1344 2627 gessimus,
1365 2544 1496 2612 fortuito

135 2641 305 2731 ingessisse
335 2638 509 2704 videamur.
566 2641 652 2702 bleos
680 2633 782 2701 bonos
810 2636 911 2711 viros,
943 2636 1015 2701 illos
1042 2657 1122 2723 quos
1147 2637 1317 2720 significas,
1350 2648 1381 2702 et
1408 2658 1495 2714 earn,

173 2755 266 2821 mam
288 2732 365 2798 mihi
386 2731 463 2796 dicis
485 2728 650 2813 obtigisse,
682 2730 855 2813 Σπάρταν,
877 2750 941 2794 non
962 2728 1057 2794 modo
1078 2750 1236 2816 nunqnam
1258 2730 1415 2807 deseram,
1438 2730 1495 2797 sed

172 2829 281 2901 etiam,
310 2831 335 2890 si
364 2845 423 2909 ego
451 2821 490 2888 ab
519 2822 571 2887 illa
599 2821 742 2897 deserar,
775 2833 877 2887 tamen
903 2822 937 2885 in
958 2843 1027 2886 mea
1048 2823 1178 2908 pristina
1199 2825 1349 2889 sententia
1369 2846 1494 2911 perma-

171 2920 263 2985 nebo.
319 2918 400 2984 Illud
421 2926 539 2993 tamen,
571 2916 679 2991 velim,
711 2917 884 2990 existimem
913 2936 964 2979 me
993 2914 1072 2980 hanc
1100 2915 1185 2981 viam
1213 2918 1394 3004 optimatem
1421 2928 1494 3004 post

172 3014 271 3080 Catuli
298 3021 433 3078 mortem
460 3033 518 3076 nec
545 3010 703 3098 praesidio
730 3009 795 3074 ullo
822 3029 879 3073 nec
906 3008 1054 3074 comitatu
1081 3017 1200 3074 tenere.
1258 3015 1350 3088 Nam,
1381 3021 1417 3077 ut
1449 3012 1494 3076 ait

133 3107 321 3181 sollhinton,
343 3114 380 3172 ut
401 3105 529 3192 opinor,

337 3250 379 3314 Οἱ
397 3259 456 3330 μὲν
477 3249 563 3330 παρ’
586 3249 679 3312 οὐδέν
700 3255 774 3320 εἰσι,
797 3259 862 3319 τοῖς
885 3245 916 3309 δ’
941 3247 1034 3310 οὐδὲν
1054 3250 1151 3328 μέλει.

170 3387 246 3453 blihi
272 3409 349 3453 vero
379 3396 412 3452 ut
439 3386 598 3452 invideant
618 3385 775 3472 piscinarii
797 3384 915 3458 nostri,
944 3394 998 3449 ant
1019 3383 1153 3449 scribam
1174 3385 1214 3450 ad
1235 3396 1266 3450 te
1287 3386 1362 3452 alias
1384 3399 1437 3453 aut
1458 3389 1491 3453 in

170 3501 371 3566 congressum
401 3491 543 3547 nostrum
570 3478 749 3548 reservabo.
800 3479 938 3543 scuria
964 3486 1067 3542 autem
1099 3478 1183 3542 nulla
1204 3501 1254 3544 me
1275 3500 1326 3545 res
1348 3479 1489 3556 divellet,

171 3574 220 3638 vel
250 3574 334 3660 quod
362 3576 407 3639 ita
427 3586 546 3640 rectum
568 3584 630 3648 est,
658 3573 709 3638 vel
739 3572 824 3659 quod
849 3571 945 3637 rebus
966 3572 1046 3637 meis
1067 3572 1203 3637 manime
1230 3581 1489 3649 consentaneum,

133 3667 219 3732 asvel
251 3667 351 3752 quod,
380 3690 398 3733 a
420 3678 528 3733 senatu
550 3673 655 3755 quanti
678 3666 766 3739 ham,
789 3665 916 3729 minime
937 3686 988 3729 me
1009 3667 1157 3751 poenitet.
1199 3669 1230 3731 4.
1252 3671 1298 3730 De
1320 3668 1488 3756 Sicyoniis,

171 3771 205 3825 ut
226 3762 265 3826 ad
287 3771 317 3825 te
335 3761 449 3846 scripsi
470 3770 579 3835 antea,
609 3782 671 3825 non
692 3759 825 3825 multum
846 3764 912 3844 spei
936 3767 983 3823 est
1002 3759 1035 3823 in
1058 3770 1175 3825 senatu.
1219 3765 1315 3826 Nemo
1337 3772 1383 3826 est
1404 3763 1489 3827 enim

169 3853 249 3928 iam,
279 3856 334 3940 qui
365 3865 525 3940 queratur.
584 3857 705 3931 Quare,
729 3853 755 3917 si
777 3851 809 3916 id
831 3860 1005 3937 exspectas,
1036 3851 1162 3937 longum
1184 3863 1240 3919 est.
1283 3856 1351 3921 ntia
1371 3861 1439 3932 ria,
1461 3857 1488 3921 si

170 3969 232 4034 qna
261 3957 367 4035 potes,
396 3969 510 4034 pugna.
562 3951 639 4013 Cum
660 3956 706 4011 est
727 3955 845 4017 actum,
868 3966 969 4030 neque
991 3945 1241 4011 animadversum
1262 3960 1323 4022 est,
1347 3948 1387 4013 ad
1408 3970 1488 4035 quos

169 4040 354 4125 pertineret,
377 4051 409 4106 et
429 4045 542 4126 raptim
564 4039 596 4104 in
618 4059 686 4103 eam
709 4038 891 4104 sententiam
912 4038 1032 4124 pedarii
1054 4051 1268 4105 cucurrerunt.
1317 4042 1488 4108 lnducendi

132 4143 296 4200 tosenatus
318 4135 451 4200 consulti
472 4132 633 4198 maturitas
654 4131 793 4197 nondum
815 4142 870 4207 est,
893 4130 977 4217 quod
998 4153 1100 4218 neque
1121 4143 1208 4208 sunt,
1229 4135 1284 4221 qui
1305 4147 1486 4221 querantur,

238 4307 264 4357 3.
283 4308 322 4357 bis
340 4308 361 4356 1.
393 4331 428 4345 -
462 4308 536 4357 nohis
553 4313 631 4370 utque
649 4305 748 4356 delevit
765 4305 932 4354 Schuetzlus.
962 4332 997 4340 —
1032 4314 1143 4370 atquin
1161 4311 1258 4359 nostris
1276 4309 1308 4358 tt.
1335 4336 1369 4344 -
1404 4311 1430 4361 5.
1450 4308 1485 4373 et]

168 4376 289 4428 cedidit.
323 4403 351 4414 -
390 4377 417 4427 d.
436 4385 461 4429 et
479 4391 534 4428 om.
554 4377 576 4426 l.
609 4399 640 4411 -
675 4377 702 4425 7.
722 4376 825 4424 hortari
844 4381 868 4424 te
886 4376 906 4424 1,
940 4399 967 4408 -
1005 4377 1031 4425 9.
1051 4378 1188 4427 nihilium
1205 4379 1318 4441 amplius
1335 4381 1400 4431 ult:
1419 4381 1487 4430 nibil

168 4447 279 4510 amplius
304 4447 349 4497 lli.
382 4471 412 4482 -
449 4448 492 4498 li.
519 4447 678 4510 praesidium
698 4446 725 4494 Ζ.
758 4468 786 4482 ·-
822 4443 864 4495 18.
885 4446 993 4495 tuml:
1025 4460 1082 4495 cum
1099 4447 1169 4509 ΜΒ,
1198 4451 1292 4498 mnium
1310 4451 1339 4499 ll.
1372 4474 1403 4486 -
1440 4451 1484 4499 21.

167 4518 351 4568 existimassem
368 4517 414 4567 ltl.
446 4543 475 4555 -
512 4519 557 4567 22.
575 4524 635 4566 sunt
654 4523 714 4566 octa
732 4513 797 4565 bill:
817 4521 878 4563 neto
895 4523 956 4565 sumt
974 4515 1019 4564 lll.
1046 4538 1080 4550 -·
1114 4518 1158 4567 25.
1177 4515 1257 4580 llleos]
1277 4519 1310 4568 ln
1327 4533 1369 4571 eos
1386 4520 1431 4569 ttt.
1456 4543 1482 4553 -

167 4587 311 4654 significas:
330 4601 387 4638 cnm
403 4601 483 4637 conso
500 4602 579 4652 quem
595 4587 618 4637 1.
638 4613 671 4624 -
706 4586 749 4636 27-
767 4585 840 4634 siah
858 4585 907 4634 itin
925 4587 1092 4649 deserarego
1110 4593 1198 4637 tomen
1215 4588 1247 4639 n.
1271 4613 1306 4623 -
1341 4590 1385 4639 28.
1405 4597 1485 4654 optu-

167 4663 261 4706 motem
279 4670 334 4719 mg.
352 4658 399 4709 bl:
431 4659 480 4708 ocii
497 4666 606 4709 mertem
624 4671 665 4720 pr.
683 4656 727 4716 tt,
758 4656 914 4717 optimatum
933 4655 967 4704 Rl
993 4658 1173 4715 dicernit,
1202 4659 1371 4720 optimatium
1388 4659 1418 4709 E.
1454 4683 1481 4693 —

167 4724 211 4776 30.
230 4726 350 4791 Pbgmton
367 4728 389 4776 R
407 4733 434 4778 et
450 4742 492 4791 pr.
510 4727 553 4790 Μ,
579 4727 718 4791 Pbgntbon
734 4737 803 4775 corr·
823 4723 865 4781 bl,
886 4725 999 4775 Phinton
1017 4725 1039 4774 l.
1069 4751 1101 4761 -
1138 4727 1181 4776 31.
1201 4729 1275 4785 εἰσι.
1298 4734 1360 4793 τοῖς
1377 4730 1485 4780 Lambi-

168 4806 310 4917 nnspoewc
326 4811 371 4860 οις
386 4797 529 4860 maran,
549 4793 593 4863 οἷς
609 4798 669 4852 bill.
702 4819 728 4831 -
766 4794 809 4844 36.
826 4796 919 4858 scripsi
936 4795 972 4846 ad
989 4803 1014 4846 tc
1032 4795 1055 4846 l.
1086 4821 1120 4831 -
1154 4797 1198 4848 37.
1217 4793 1281 4860 tom]
1299 4800 1367 4850 mon
1384 4814 1426 4863 pr.
1445 4799 1483 4851 Μ.

168 4887 200 4900 “““
254 4900 262 4914 ο
280 4873 464 4920 cmm
483 4867 504 4917 Ι·
