3256 5400
630 250 765 317 nnn.
805 251 969 316 nnec
1332 214 1337 223 ’
1391 254 1454 320 eon

140 413 217 485 tias,
244 417 275 474 et
302 429 374 474 cnm
397 411 548 483 Graecos.
576 415 643 474 turn
669 427 748 474 vero
768 406 934 493 diligenter
954 407 1079 474 latinos
1107 415 1143 474 ut
1162 426 1330 478 conserves
1349 412 1456 481 velim.

139 511 241 571 Tuum
267 524 336 568 esse
362 500 424 568 boe
450 500 670 567 munusculum
697 498 825 586 putabo.
877 500 924 566 tt
945 500 1109 566 Octavium
1129 499 1202 566 dedi
1221 501 1357 584 litteras;
1383 527 1456 574 cnm
1539 506 1552 529 '

139 599 209 683 ipso
240 596 317 663 nihil
351 615 437 660 eram
468 595 603 661 loeutus.
658 595 772 680 Neque
806 593 891 660 enim
924 593 983 659 ista
1014 600 1068 659 tua
1098 593 1225 678 negotia
1255 597 1456 683 provincialia

139 711 207 755 esse
237 689 400 776 putabam,
429 708 532 775 neque
552 699 584 754 te
605 687 639 753 in
659 686 881 755 tocullionibus
902 685 1066 753 habebam.
1110 686 1172 751 Sed
1192 689 1319 775 scripsi,
1348 702 1385 757 nt
1404 692 1458 759 de-

139 782 209 858 bui,
232 784 410 868 diligenter.
898 830 900 834 -
1467 805 1481 847 ι

620 921 977 1004 umnam)

620 1044 762 1110 CICERO
783 1044 928 1109 ATTICO
950 1045 982 1108 S.

228 1162 255 1223 1.
278 1160 381 1231 Cura,
416 1154 529 1222 amabo
554 1165 602 1230 te,
638 1154 821 1222 Ciceronem
846 1161 1007 1231 nostrum
1044 1154 1159 1220 einos
1179 1174 1355 1226 ,συννοσιίν
1376 1159 1461 1228 vide·

140 1272 222 1320 mur.
269 1254 302 1316 2.
322 1255 535 1329 Πελληναίων
559 1251 593 1315 in
614 1246 759 1315 manibus
780 1244 924 1313 tenebam
946 1256 977 1312 et
997 1245 1125 1312 bereule
1145 1268 1292 1335 magnum
1313 1272 1461 1320 acervum

141 1343 323 1410 Dicaearchi
352 1343 428 1409 mibi
455 1353 526 1410 ante
553 1341 651 1429 pedes
678 1350 909 1406 exstruxeram.
966 1343 1162 1425 Omagnum
1183 1341 1357 1412 bominem!
1391 1358 1423 1414 et
1443 1370 1499 1415 ato

141 1459 205 1524 quo
241 1438 339 1503 multo
375 1437 467 1524 plura
497 1436 645 1504 didiceris
676 1434 837 1522 quamde
867 1433 1015 1501 Procilio.
1070 1438 1261 1522 Κορινθίων
1295 1448 1327 1505 et
1346 1440 1460 1523 Ἀθη

142 1545 241 1598 ναίων
267 1540 344 1617 puto
372 1551 423 1597 me
444 1537 562 1597 llomae
588 1529 717 1595 babere.
759 1527 836 1594 llibi
863 1528 974 1603 crede,
1005 1528 1112 1613 leges:
1141 1533 1246 1595 llaec
1276 1531 1399 1601 doceo
1420 1570 1461 1584 ··-

142 1625 295 1690 mirabilis
315 1625 364 1690 vir
385 1633 442 1690 est.
494 1625 663 1711 Ἡρώδης,
691 1623 718 1688 si
739 1622 836 1688 bomo
857 1630 955 1696 esset,
985 1642 1058 1687 eum
1078 1626 1183 1708 potius
1203 1623 1342 1709 legeret,
1369 1650 1462 1715 pam

142 1740 234 1782 unam
266 1718 401 1785 litteram
431 1716 601 1796 scriberet;
638 1717 694 1802 qui
725 1735 776 1780 me
808 1714 939 1801 epistola
968 1714 1098 1801 petivit,
1134 1715 1174 1781 ad
1195 1725 1248 1794 te,
1283 1728 1319 1785 ut
1348 1722 1462 1799 video,

141 1813 315 1876 comminus
351 1817 489 1876 accessit.
546 1811 732 1878 coniurasse
767 1809 893 1875 medem
924 1830 1017 1895 quam
1051 1809 1203 1876 restitisse
1232 1815 1439 1882 coniurationi
1454 1839 1500 1892 ,ιι

142 1905 169 1970 si
196 1905 284 1969 illum
311 1905 388 1969 mibi
414 1904 603 1971 audiendum
631 1912 798 1991 putassem.
855 1906 885 1968 3.
907 1907 960 1967 oe
991 1902 1110 1978 Lollio,
1143 1924 1236 1970 sanus
1257 1926 1320 1972 non
1341 1929 1391 1989 es;
1424 1910 1464 1977 de

142 1998 283 2079 †vino.
316 1999 423 2064 laudo.
477 1997 540 2064 Sed
571 1998 650 2064 beas
681 2006 737 2071 tu,
769 1995 882 2084 ecquid
913 1995 1003 2062 vides
1031 1998 1099 2062 Kal.
1130 1997 1260 2073 venire,
1293 2003 1461 2069 Antonium

143 2112 206 2157 non
227 2092 359 2157 veniret
388 2092 508 2157 iudices
530 2092 623 2178 cogit
657 2096 735 2157 Nam
755 2090 799 2156 ita
820 2089 932 2155 adme
953 2089 1094 2166 mittunt,
1116 2090 1275 2178 Nigidium
1297 2095 1409 2161 minari
1430 2096 1463 2162 in

143 2187 289 2251 contione
309 2207 344 2251 se
365 2186 517 2261 iudicem,
545 2185 601 2274 qui
628 2208 692 2252 non
719 2184 860 2259 alluerit,
893 2185 1164 2270 compellaturum.
1218 2185 1320 2252 Velim
1342 2196 1461 2262 tamem

143 2279 171 2346 si
192 2280 267 2365 quid
288 2289 336 2346 est
356 2279 395 2346 de
416 2279 544 2346 Antonii
564 2280 715 2356 adventu,
750 2278 836 2366 quod
857 2277 1016 2351 audieris,
1044 2277 1163 2344 scribas
1183 2278 1295 2344 adme
1317 2287 1363 2354 et.
1385 2300 1501 2368 quo-ao

143 2373 228 2439 niam
248 2373 310 2439 buc
330 2394 395 2439 non
415 2372 519 2448 venis,
543 2394 658 2440 coenes
678 2373 762 2460 apud
783 2393 841 2438 nos
861 2371 971 2458 utique
991 2371 1094 2456 pridie
1115 2371 1184 2438 ltat
1206 2375 1289 2439 Cave
1309 2373 1400 2440 aliter
1419 2374 1465 2440 ia·

143 2467 217 2532 cias.
260 2471 358 2541 Cura,
381 2475 415 2532 ut
435 2467 550 2532 valeas.

610 2611 671 2673 111.
714 2607 768 2683 (A.
794 2608 826 2671 U.
849 2608 881 2671 C.
905 2606 993 2684 oet.)

619 2728 762 2795 CICERO
784 2727 928 2793 ATTICO
951 2729 983 2790 S.

229 2845 258 2905 1.
279 2840 436 2915 Primum,
462 2847 498 2906 ut
525 2838 658 2926 opinor,
686 2842 870 2922 εὐαγγέλια.
927 2836 1071 2904 Valerius
1098 2834 1259 2904 absolutus
1280 2848 1346 2916 est,
1381 2845 1500 2917 lior-n

143 2935 244 3001 tensio
272 2932 470 2999 defendente.
530 2932 566 2999 ld
592 2931 745 2998 iudicium
775 2930 847 2997 suti
874 2928 938 2995 lilio
970 2928 1180 2997 condonatum
1211 2932 1400 3019 putabatur,
1433 2946 1465 3003 et

145 3029 319 3113 Epicratem
346 3026 504 3113 suspicor,
530 3036 566 3090 ut
595 3024 722 3100 scribis,
749 3024 901 3090 lascivum
927 3021 1036 3088 misse.
1089 3024 1211 3088 Etenim
1237 3025 1314 3092 mibi
1347 3030 1464 3116 aigae

145 3127 213 3187 eius
240 3132 271 3186 et
298 3120 411 3185 lasciue
439 3128 573 3184 cretatae
599 3140 664 3184 non
689 3117 863 3206 placebant.
917 3115 1086 3194 Quidsit,
1120 3118 1272 3192 sciemus,
1305 3141 1376 3186 cum
1407 3144 1461 3188 ve·

145 3216 243 3281 neris.
299 3218 330 3279 2.
361 3217 578 3278 Fenestrarum
610 3217 769 3298 angustias
801 3209 886 3297 quod
914 3209 1139 3296 reprehendis.
1176 3212 1254 3277 scito
1286 3221 1316 3278 te
1347 3216 1463 3303 Κύρου

145 3315 296 3373 παιδείαν
327 3305 569 3393 reprehendere.
624 3311 721 3380 Nam,
754 3326 826 3371 cum
855 3323 916 3390 ego
949 3302 1033 3369 idem
1063 3303 1142 3369 istuc
1174 3304 1331 3382 dicerem,
1365 3313 1500 3397 Cyrusso

144 3401 247 3467 aicbat
285 3399 505 3466 viridariorum
538 3401 714 3482 διαφάσεις
746 3399 817 3465 latis
848 3396 1019 3464 luminibus
1054 3417 1118 3463 non
1149 3407 1212 3464 tam
1243 3420 1312 3465 esse
1341 3422 1464 3480 suaves,

144 3498 267 3561 Etenim
286 3495 371 3560 ἔστω
393 3494 472 3573 ὄφις
492 3499 590 3578 μὲνὴ
613 3522 654 3570 α,
687 3495 723 3560 τὸ
745 3500 781 3560 dl
807 3493 973 3576 ὁρώμενον
993 3499 1036 3573 β,
1066 3519 1095 3574 γ.
1118 3494 1241 3568 ἀκτῖνες
1263 3499 1299 3559 δὲ
1320 3500 1338 3559 δ
1359 3508 1416 3562 καί
1436 3525 1464 3563 a.

146 3586 240 3653 Vides
262 3588 346 3652 enim
366 3597 481 3653 cetera.
522 3592 613 3661 Nam,
642 3587 670 3653 si
697 3591 765 3653 κατ’
794 3588 934 3653 εἰδώλων
953 3586 1132 3669 ἐμπτώσεις
1153 3585 1352 3663 videremus,
1374 3590 1465 3657 valde

214 3770 240 3819 1.
258 3766 326 3832 eum]
344 3777 400 3820 tum
418 3769 446 3830 l,
465 3772 534 3821 enim
551 3770 582 3820 tt.
606 3793 636 3803 -
672 3771 782 3821 latinos
798 3770 936 3834 dittpeaatsr
954 3769 977 3818 l.
1010 3791 1040 3803 -
1076 3767 1103 3817 3.
1123 3766 1296 3819 Octavianum
1313 3770 1337 3820 1.
1368 3796 1399 3808 -
1434 3773 1461 3825 ³.

144 3837 184 3887 ast
200 3837 223 3887 1.
245 3863 276 3875 ·-
296 3839 325 3889 4.
345 3840 504 3892 toculoaidus
523 3854 563 3903 pr.
583 3839 626 3898 bl.
645 3840 814 3891 toealtontbus
831 3840 853 3888 R
871 3852 933 3889 cum
952 3852 1022 3888 corr.
1042 3837 1082 3892 Μ.
1102 3836 1282 3889 demtiontbva
1299 3840 1322 3890 l.
1342 3864 1374 3876 -
1392 3841 1420 3892 8.
1439 3845 1463 3893 ei

145 3920 194 3958 nos
212 3914 366 3960 συννοσεῖν
388 3910 524 3961 Muretus:
551 3912 622 3960 cinos
647 3908 730 3961 Θιιοι
753 3923 794 3973 pr.
813 3909 856 3967 ll.
886 3906 1088 3959 cmoctstttot
1110 3920 1180 3958 corr·
1199 3907 1241 3969 ll,
1266 3909 1289 3958 st
1313 3922 1363 3960 noa
1387 3909 1463 3963 batos

145 3977 212 4029 ltlll.
234 4001 265 4015 -
285 3979 328 4027 to.
347 3979 529 4031 obstrusam
546 3979 569 4030 l.
588 4000 623 4015 ··-
651 3986 677 4030 et
694 3993 713 4029 a
729 3993 779 4044 pso
795 3974 888 4040 mutto]
907 3983 942 4028 at.
961 3991 991 4028 eo
1008 3978 1091 4028 multo
1109 3991 1151 4040 pr.
1168 3976 1213 4038 Μ,
1232 3983 1256 4029 st
1274 3979 1362 4030 codem
1378 3982 1462 4032 maun

146 4048 238 4098 leuna
257 4061 327 4099 corr.
347 4049 385 4100 Μ.
416 4071 448 4086 -
485 4052 527 4099 11.
544 4050 661 4112 plurima
679 4062 720 4113 pr.
739 4049 776 4100 ld.
807 4073 842 4083 —
876 4047 999 4098 Proetltto
1025 4046 1116 4097 Μ.-
1151 4044 1192 4110 et]
1216 4063 1266 4098 και
1285 4048 1316 4099 a.
1348 4073 1380 4086 -·
1417 4052 1460 4102 te.

146 4118 316 4179 Mutum,
343 4119 425 4183 tepea·
450 4121 545 4170 llaec
569 4121 672 4170 doceo
691 4142 721 4154 -
740 4118 872 4170 Orelliusc
902 4117 1083 4178 mutones,
1112 4116 1197 4182 lapsu
1222 4119 1284 4168 tusc
1302 4119 1460 4182 ιίοοιοΥΕ,

146 4189 209 4237 mut
232 4189 321 4237 tredan
338 4189 391 4253 lege
407 4191 470 4239 ίιοοο
486 4191 563 4239 desso
589 4186 693 4252 (trades
710 4202 772 4239 cum
791 4189 862 4246 lin.)
886 4188 936 4247 Μ,
962 4187 1027 4236 mett
1044 4188 1157 4237 heredes.
1175 4187 1229 4252 laps
1245 4189 1307 4238 ltosc
1323 4189 1401 4240 doceo
1418 4191 1460 4249 R,

146 4258 210 4306 οιίδί
226 4259 310 4307 medas
328 4259 392 4322 tege:
412 4267 436 4309 ts
453 4261 501 4309 loe
517 4261 595 4309 doceo
614 4259 635 4309 l.
652 4283 684 4296 -
702 4261 746 4309 13.
765 4257 830 4321 som]
850 4265 905 4308 turn
924 4269 964 4320 pc.
983 4257 1021 4307 Μ.
1035 4283 1063 4293 -
1084 4256 1128 4307 lh.
1148 4260 1213 4320 quin
1229 4257 1272 4317 ill,
1292 4261 1355 4322 puta
1371 4274 1411 4310 me
1429 4261 1460 4310 lt.

147 4327 205 4389 (put
220 4340 260 4376 ms
277 4340 332 4389 ng.
352 4327 408 4380 Μ.)
426 4354 459 4367 -
495 4331 538 4379 15.
556 4332 610 4379 cois
628 4329 706 4388 (cam
726 4325 842 4391 lineola)
863 4341 903 4390 pr.
923 4327 968 4386 ll,
987 4327 1103 4376 caminus
1120 4339 1192 4376 corr.
1211 4326 1248 4378 Μ.
1267 4352 1300 4361 -
1338 4329 1380 4379 to.
1399 4330 1462 4379 totto

148 4395 169 4444 l.
189 4420 222 4429 -
258 4396 301 4445 17.
320 4399 381 4448 otoo
398 4398 475 4448 llltl:
497 4400 572 4448 l’tnio
589 4405 698 4449 auctore
717 4400 763 4449 Pio
782 4400 813 4449 ll.
835 4420 865 4434 -
900 4398 944 4447 bec
961 4397 1024 4460 guid
1041 4396 1079 4446 Μ.
1102 4419 1129 4430 -
1166 4397 1211 4446 dl.
1230 4394 1288 4460 tue]
1306 4413 1376 4449 nanc
1394 4400 1462 4449 lien·

147 4465 265 4516 tivolios.
296 4492 328 4504 -
361 4468 405 4517 13.
423 4470 512 4518 otdeos
537 4469 606 4518 inter
629 4477 659 4519 ot
677 4475 704 4518 et
719 4470 808 4519 οοίοον
826 4467 919 4517 inserit
936 4479 1008 4516 corr.
1028 4465 1066 4514 Μ.
1099 4489 1130 4502 -
1165 4467 1210 4517 26·
1228 4467 1290 4516 Auli
1306 4469 1362 4531 filio
1379 4468 1463 4519 blata-

147 4536 243 4598 spina:
261 4535 339 4600 Afilto
356 4537 425 4585 liber
442 4538 555 4598 latmi,
581 4539 615 4587 li.
632 4539 714 4588 teuto
732 4539 809 4598 vztt,
828 4538 909 4587 Atilio
927 4537 985 4593 tut.
1005 4535 1098 4585 Attttto
1116 4537 1147 4585 ll.
1169 4562 1200 4573 -
1235 4539 1461 4588 emdamnutuml

147 4605 342 4668 etpr.ll.-
376 4607 668 4670 17.σοσίιίοιιί.-
705 4609 768 4658 milit
786 4621 841 4658 nm.
860 4620 901 4669 pr.
920 4603 958 4655 Μ.
979 4631 1011 4642 -
1037 4607 1207 4671 meottpcs
1225 4607 1252 4665 l,
1274 4607 1388 4658 Galliena
1406 4623 1462 4670 mg.

147 4674 273 4738 Repetitt.
292 4675 386 4725 Lamb.
423 4675 478 4727 Cir.
497 4677 612 4740 Philtpp.
631 4679 667 4736 1,
696 4678 738 4727 31.
772 4702 798 4712 -
836 4677 880 4725 28.
900 4675 1075 4726 et0rellius:
1105 4683 1215 4726 etcum
1236 4677 1311 4726 libris
1330 4677 1396 4727 lilll.
1428 4704 1459 4712 -

147 4746 190 4796 30.
210 4743 303 4808 Ουτοι]
320 4758 400 4809 gynet
416 4745 462 4796 ltl.
495 4769 524 4781 -
562 4747 605 4797 31.
624 4747 765 4797 claudatur
780 4739 894 4796 tdtontm
911 4744 955 4806 Μ,
982 4745 1109 4810 epotator
1124 4748 1280 4796 otvtdtorum
1297 4746 1348 4804 ill,
1375 4749 1461 4797 ιιίιίιοί

146 4819 174 4866 ot
191 4817 329 4864 rudimen
345 4820 454 4865 auctore
481 4815 621 4867 'l'nnstallo
648 4817 868 4867 Laenecnsnnas.
900 4839 932 4852 -
968 4831 1000 4865 αι
1016 4812 1171 4879 διαφάσεις
1188 4817 1222 4866 lt.
1254 4838 1287 4853 -
1322 4817 1397 4866 latete
1416 4818 1461 4875 tt.

148 4885 237 4936 lacteis
254 4883 278 4933 l.
297 4909 330 4918 -
366 4885 410 4934 33.
429 4899 523 4950 μονα
539 4886 570 4936 Ι.
592 4908 622 4941 ·,-
654 4901 773 4950 ακτινες
788 4887 826 4937 tt.
843 4911 878 4920 ·-
913 4883 945 4936 da
961 4900 993 4936 αι
1011 4879 1050 4954 γῖ
1067 4883 1109 4944 Μ,
1128 4883 1159 4936 de
1177 4901 1205 4936 κ.
1222 4885 1253 4948 β.
1273 4899 1322 4935 καί
1339 4901 1359 4935 α
1378 4887 1408 4935 lt.
