3256 5400
491 232 563 294 LlB.
587 233 626 295 X.
670 233 730 295 ΕΡ.
751 235 801 295 35.
841 234 914 295 LlB.
936 233 990 295 xl.
1033 235 1091 296 ΕΡ.
1116 237 1144 296 1.
1418 237 1475 299 ttt

695 783 846 844 LIBER
882 784 953 846 xl.

346 1001 426 1074 At)
469 1003 511 1076 ll.
560 1004 813 1079 BRUTUM
856 1004 933 1078 ΕΤ
974 1001 1276 1084 CETEROS.

736 1252 901 1266 n—,a-

651 1436 991 1525 nouom)

449 1583 488 1644 n.
509 1582 659 1645 nnurus
680 1581 810 1644 nnono
832 1580 907 1644 sno
929 1583 980 1646 nn
1002 1583 1139 1647 cnssro
1162 1585 1193 1648 s.

164 1724 193 1785 1.
239 1697 325 1804 Quo
358 1720 389 1781 in
418 1724 500 1783 statu
526 1721 638 1793 simus,
675 1717 864 1801 cognoscite.
920 1720 998 1785 Heri
1027 1722 1151 1807 vesperi
1178 1722 1260 1808 apud
1288 1743 1338 1788 me
1359 1724 1479 1791 Hirtius

162 1813 240 1894 iuit;
276 1832 337 1898 qua
366 1818 469 1875 mente
491 1820 573 1876 esset
593 1811 760 1885 Antonius,
796 1811 1036 1890 demonstravit,
1067 1815 1202 1900 pessima
1223 1817 1339 1883 scilicet
1360 1830 1390 1884 et
1411 1817 1481 1884 inli-

162 1909 328 1974 delissima.
369 1911 444 1971 Nam
467 1925 500 1969 se
523 1926 624 1990 neque
645 1904 721 1968 mibi
743 1905 937 1989 provinciam
958 1907 1034 1972 dare
1055 1929 1148 1992 posse
1164 1908 1266 1976 aiebat
1280 1933 1381 2000 neque
1396 1913 1503 1980 arbi-s

162 2002 238 2066 trari
260 2010 326 2067 tuto
348 2000 380 2064 in
403 1998 482 2065 urbe
504 2018 573 2063 esse
595 2019 784 2085 quemquam
805 2004 965 2077 nostrum
998 2000 1078 2066 adeo
1100 2022 1169 2067 esse
1190 2004 1324 2070 militum
1345 2007 1481 2072 concita-

162 2104 210 2161 tos
230 2096 350 2160 animos
371 2104 403 2158 et
423 2091 534 2179 plebis.
577 2091 671 2169 Quod
694 2101 861 2177 utrumque
883 2113 952 2157 esse
973 2092 1086 2160 salsum
1108 2105 1186 2181 puto
1207 2118 1263 2162 vos
1285 2098 1481 2165 animadver-

162 2201 243 2264 tere,
272 2199 365 2275 atque
388 2186 465 2251 illud
486 2207 554 2250 esse
576 2206 702 2258 verum,
730 2184 817 2270 quod
838 2186 958 2252 Hirtius
980 2186 1228 2265 demonstrabat,
1255 2191 1367 2256 timere
1388 2213 1478 2269 eum,

161 2304 218 2359 ne,
251 2282 277 2347 si
302 2279 463 2347 mediocre
494 2279 646 2349 auxilium
668 2277 824 2363 dignitatis
846 2290 971 2345 nostrae
993 2279 1224 2358 habuissemus,
1251 2285 1353 2351 nullae
1375 2295 1479 2371 partes

161 2377 199 2442 iis
220 2376 252 2441 in
274 2396 309 2440 re
330 2374 455 2462 publica
476 2373 737 2459 relinquerentur.
780 2377 811 2439 2.
838 2377 915 2440 Cum
937 2375 969 2439 in
990 2375 1038 2440 his
1060 2377 1210 2461 arrgtnstiis
1231 2400 1392 2454 versarer,
1415 2380 1517 2466 pla-¹⁰

160 2475 256 2535 citum
278 2478 325 2534 est
354 2468 447 2540 mibi,
480 2476 514 2532 ut
534 2466 727 2553 postularem
749 2465 935 2550 legationem
956 2467 1087 2533 liberam
1110 2467 1187 2535 mibi
1207 2471 1399 2558 reliquisque
1420 2492 1478 2538 no-

160 2568 247 2636 stris,
275 2572 310 2627 ut
330 2562 433 2647 aliqua
454 2580 548 2625 causa
569 2557 787 2645 proficiscendi
809 2559 939 2626 honesta
960 2574 1177 2647 quaereretur.
1218 2568 1305 2629 Haec
1324 2586 1359 2630 se
1380 2565 1481 2651 impe·

159 2667 312 2723 traturum
334 2655 490 2741 pollicitus
512 2661 573 2726 est,
596 2674 654 2717 uec
675 2663 778 2717 tamen
792 2652 1031 2739 impetraturum
1053 2655 1192 2734 conlido;
1215 2667 1297 2721 tanta
1319 2667 1366 2722 est
1379 2656 1481 2723 homi·

158 2772 234 2815 num
255 2748 418 2815 insolentia
434 2760 465 2814 et
479 2748 578 2814 nostri
598 2747 770 2814 insectatio.
812 2753 857 2814 Ac
877 2753 902 2813 si
918 2747 1080 2821 dederint,
1103 2750 1188 2835 quod
1204 2751 1352 2836 petimus,
1375 2760 1479 2815 tamen

159 2843 264 2929 paullo
291 2852 363 2928 post
392 2841 532 2907 sutorum
561 2849 653 2927 puto,
683 2850 718 2906 ut
744 2841 849 2907 hostes
875 2840 1052 2907 iudicemur
1072 2851 1125 2907 aut
1147 2864 1226 2929 aqua
1249 2854 1281 2907 et
1301 2843 1364 2927 igni
1386 2841 1518 2908 nobisne

159 2937 370 3001 interdicatur.
424 2941 454 3000 3.
486 2934 568 3013 Quid
601 2956 677 3020 ergo
699 2944 762 3011 est,
795 2935 914 3022 inquis,
947 2935 992 3000 tui
1014 2936 1154 3000 consilii?
1177 2937 1302 3002 [landus
1323 2944 1371 2999 est
1392 2936 1479 3001 locus

159 3031 317 3109 lortunae;
354 3028 527 3094 cedendum
550 3049 590 3092 ex
612 3028 713 3102 ltalia,
735 3028 932 3114 migrandum
955 3029 1100 3095 Rhodum
1121 3039 1174 3094 aut
1195 3029 1300 3115 aliquo
1322 3036 1477 3095 terrarum

159 3124 306 3191 arbitror.
349 3124 381 3189 Si
404 3124 516 3188 melior
538 3144 628 3187 casus
651 3122 756 3196 luerit,
789 3134 985 3188 revertemur
1006 3129 1153 3199 Romam;
1183 3123 1209 3187 si
1232 3124 1417 3196 mediocris,
1446 3127 1478 3187 in

159 3217 271 3285 exsilio
287 3221 441 3295 vivemus3
464 3217 490 3281 si
505 3216 675 3302 pessimus,
698 3215 737 3281 ad
759 3217 929 3282 novissima
943 3216 1058 3281 auxilia
1073 3216 1307 3281 descendemus.
1350 3221 1381 3282 d.
1403 3221 1479 3282 Suo·

159 3322 265 3377 curret
285 3310 417 3376 sortasse
449 3309 509 3375 boc
530 3309 601 3374 loco
622 3309 719 3375 alicui
735 3316 888 3384 vestrum,
920 3331 977 3376 cur
998 3311 1202 3377 novissimum
1224 3321 1347 3396 tempus
1368 3327 1518 3395 exspe-so
1565 3337 1568 3341 ·

159 3416 278 3472 eternus
298 3405 421 3492 potius,
445 3425 539 3490 quarn
561 3425 643 3468 nunc
664 3403 782 3491 aliquid
803 3405 994 3470 moliamur?
1028 3404 1110 3482 Quia
1124 3404 1178 3470 ubi
1194 3404 1397 3470 consistamus
1414 3424 1479 3468 noo

158 3500 309 3565 babemus
332 3509 456 3584 praeter
478 3502 550 3563 Sex.
573 3498 756 3584 Pompeium
777 3508 808 3563 et
829 3504 958 3563 Bassum
981 3498 1165 3571 Caecilium,
1195 3497 1250 3584 qui
1272 3496 1348 3561 mibi
1371 3494 1480 3560 viden·

158 3602 211 3658 tur
232 3593 292 3658 boc
313 3593 422 3658 nuntio
445 3591 483 3658 de
506 3596 637 3658 Caesare
659 3591 752 3657 allato
770 3591 926 3658 firmiores
948 3591 1056 3657 loturi.
1099 3591 1179 3655 Satis
1201 3601 1343 3675 tempore
1366 3587 1406 3653 ad
1422 3608 1479 3653 eos

158 3684 358 3761 accedemus,
391 3684 460 3759 ubi,
497 3683 574 3772 quid
600 3684 737 3761 valeant,
766 3685 939 3750 scierimus.
992 3688 1055 3749 Pro
1085 3683 1191 3750 Cassio
1220 3693 1251 3748 et
1272 3693 1321 3758 te,
1354 3680 1480 3767 siquid

159 3801 209 3844 me
238 3778 340 3845 velitis
369 3779 526 3865 recipere,
564 3778 723 3864 recipiam.
775 3778 915 3843 Postulat
943 3782 1027 3842 enim
1048 3777 1108 3841 boc
1129 3777 1267 3850 Hirtius,
1301 3785 1337 3840 ut
1356 3774 1519 3840 faciamve

160 3878 190 3938 5.
211 3878 301 3957 llogo
322 3892 395 3947 vos,
427 3893 520 3958 quam
542 3871 680 3957 primum
701 3870 778 3937 mibi
799 3869 979 3937 rescribatis
1001 3907 1041 3916 -
1063 3889 1134 3933 uam
1156 3889 1219 3934 non
1246 3866 1374 3941 dubito,
1404 3872 1481 3954 quin

159 3966 208 4032 his
229 3964 269 4030 de
290 3965 385 4031 rebus
407 3975 478 4030 ante
499 3964 609 4030 boram
633 3973 774 4051 quartam
796 3965 917 4029 Hirtius
945 3962 1112 4028 certiorem
1132 3983 1183 4027 me
1205 3965 1246 4026 sit
1265 3961 1404 4026 lactarus
1422 3983 1479 4040 -.;

160 4082 253 4148 quem
280 4059 314 4124 iu
341 4059 443 4124 locum
472 4058 640 4124 convenire
662 4058 833 4144 possimus,
867 4078 930 4143 quo
958 4079 1009 4122 me
1031 4056 1130 4122 velitis
1152 4056 1276 4130 venire,
1306 4053 1507 4121 rescribite‘

159 4159 190 4219 o.
224 4159 298 4220 Post
323 4152 529 4219 novissimum
556 4151 651 4217 Hirtii
673 4172 865 4227 sermonem,
900 4151 1047 4236 placitum
1069 4158 1116 4215 est
1136 4149 1211 4215 mibi
1233 4149 1409 4234 postulare,
1445 4156 1482 4212 nt

159 4247 269 4313 liceret
295 4247 387 4314 nobis
414 4267 482 4311 esse
511 4251 626 4312 Romae
647 4244 772 4331 publico
793 4244 968 4330 praesidio:
1003 4244 1088 4331 quod
1110 4244 1180 4309 illos
1203 4241 1293 4307 nobis
1314 4260 1519 4307 concessu-so

159 4362 213 4407 ros
242 4363 303 4408 non
334 4352 429 4426 puto;
466 4360 610 4424 magnam
632 4342 714 4404 enim
742 4338 889 4403 invidiam
915 4338 954 4403 iis
976 4336 1134 4402 iaciemus.
1190 4336 1271 4401 Nibil
1293 4346 1395 4400 nmen
1416 4353 1481 4400 non

158 4434 378 4520 postulandum
400 4432 523 4520 putavi,
546 4432 632 4519 quod
653 4455 788 4520 aequum
810 4454 879 4498 esse
900 4441 1079 4498 statuerem.

228 4653 271 4701 10.
290 4648 333 4714 tis]
352 4653 392 4699 bis
410 4650 454 4708 lli,
475 4649 524 4698 stbt
542 4648 699 4699 Lambinus.
719 4677 752 4686 -
772 4652 815 4701 12.
834 4652 892 4700 Hoc
909 4650 1019 4700 Ambrr.
1039 4654 1103 4698 tres.
1123 4646 1223 4709 Quidni
1241 4645 1331 4694 sonet
1348 4643 1429 4693 Bm.
1445 4666 1480 4677 -

159 4722 203 4772 1⁵.
235 4723 291 4785 toni
316 4721 390 4771 uobis
416 4721 589 4768 interdicatur
618 4719 665 4770 M:
696 4723 752 4784 iqui
777 4721 966 4771 interdicamur
991 4719 1020 4768 H.
1052 4743 1086 4752 -
1123 4718 1166 4767 19.
1185 4716 1358 4764 discendum
1383 4713 1420 4762 H.
1446 4736 1480 4747 -

159 4792 203 4843 22.
222 4792 330 4841 coelium
350 4790 388 4840 ll.
409 4814 439 4824 -
459 4789 504 4838 2³.
524 4791 634 4851 tempori
653 4791 782 4841 Romana.
801 4817 836 4826 -
854 4790 897 4840 27.
917 4791 948 4840 ds
962 4789 1002 4839 bis
1019 4788 1069 4837 Vb.
1089 4812 1118 4823 -
1139 4786 1182 4837 ³1.
1202 4781 1339 4844 invidiam]
1358 4796 1481 4845 umquam

159 4862 205 4923 tt,
225 4862 271 4927 qui
289 4862 418 4912 invidiam
436 4859 470 4909 ab
489 4859 543 4908 stin
562 4872 643 4908 manu
661 4860 742 4911 habet
761 4861 788 4911 in
808 4862 939 4924 margine.
959 4883 994 4893 -
1028 4859 1169 4922 [acrem
1185 4855 1271 4906 Palat.
1291 4854 1404 4917 primus·
