3256 5400
164 244 230 310 28⁴
597 240 873 309 EPISEOLARUII
891 244 945 307 Ab
965 242 1057 306 raet.

163 424 259 490 guum
281 422 352 468 esse
375 409 428 468 tua
455 400 614 474 amicitia,
645 420 711 465 non
730 399 854 475 solum,
891 399 964 486 quia
985 397 1062 462 mihi
1084 397 1216 484 Cuspius
1238 396 1332 471 dicit,
1365 397 1485 469 eredo,

163 496 286 562 tametsi
306 494 340 561 id
361 495 435 561 satis
455 515 526 561 esse
546 492 699 567 debebat,
722 494 778 559 sed
797 494 872 576 quis
892 492 968 559 novi
989 493 1058 558 eius
1079 491 1229 557 iudicium
1251 490 1283 556 in
1307 491 1488 556 hominibus

165 600 197 657 et
217 589 323 656 amicis
345 588 528 674 deligendis.
571 593 602 655 5.
624 591 743 654 Rarum
763 588 938 654 litterarum
960 586 1008 652 vis
1030 593 1146 673 quanta
1167 584 1278 658 luerit,
1302 584 1489 672 propediem

165 684 327 760 iudicabo,
347 682 486 771 tibique,
518 690 553 749 ut
578 680 717 758 confido,
746 682 863 769 gratias
884 702 985 768 egam.
1029 684 1114 766 Ego,
1135 699 1217 766 qnae
1238 688 1269 744 te
1290 678 1371 744 velle
1393 698 1490 765 quae-

140 800 227 866 sque
258 777 298 843 ad
325 786 356 844 te
386 777 545 864 pertinere
573 775 769 855 arbitrabor,
801 776 905 842 omnia
936 773 1078 841 studiose
1105 771 1336 861 diligenterque
1357 770 1489 838 curabo.

166 877 263 948 Cura,
284 881 321 939 ut
340 872 455 940 valeas.

621 1007 1033 1097 esocem)

365 1141 407 1203 Il.
429 1137 571 1204 CICERO
593 1137 634 1212 Q.
656 1134 829 1200 VALERIO
852 1135 892 1210 Q.
912 1135 946 1198 E.
969 1133 1099 1198 ORCAE
1120 1130 1285 1196 PROCOS.

251 1252 284 1313 P.
314 1248 491 1323 Cornelius,
524 1246 580 1334 qui
612 1245 669 1311 tibi
694 1246 750 1311 hes
777 1245 896 1311 litteras
924 1243 1031 1319 dedit,
1067 1251 1115 1308 est
1148 1242 1226 1307 mihi
1257 1264 1275 1307 a
1308 1247 1341 1308 P.
1372 1241 1490 1327 Cuspio

130 1362 156 1402 rc
165 1342 414 1417 commendatus,
436 1343 526 1406 cuius
548 1362 641 1406 causa
661 1349 779 1428 quanto
800 1360 900 1427 opere
921 1359 1070 1424 cuperem
1092 1336 1323 1423 deberemque,
1345 1337 1490 1422 prolecto

165 1457 206 1502 ex
227 1455 278 1500 me
299 1434 389 1501 facile
410 1435 564 1519 cognosti.
612 1433 823 1501 Vehementer
844 1443 874 1498 te
895 1453 993 1518 rogo,
1015 1440 1052 1497 ut
1072 1452 1182 1506 cures,
1204 1441 1240 1496 ut
1261 1453 1301 1496 ex
1323 1431 1381 1496 hac
1403 1451 1489 1496 com·

166 1528 366 1594 mendatione
394 1529 469 1594 mihi
493 1529 626 1614 Cuspius
658 1549 752 1615 quam
774 1528 926 1594 maximas
964 1524 1221 1614 quamprimum
1249 1547 1343 1613 quam
1372 1522 1491 1611 saepis-

169 1623 248 1690 sime
270 1623 387 1710 gratius
408 1633 488 1709 agat.
531 1622 616 1689 Vale.

641 1759 1022 1843 mmumw

131 1897 157 1938 ¹⁵
647 1886 789 1950 CICERO
813 1886 956 1951 CLUVIO
980 1886 1012 1949 S.

252 1999 280 2061 I.
309 2000 386 2063 Cum
420 1995 451 2060 in
486 1994 615 2060 Calliam
636 1994 836 2081 proficiscens
856 2015 916 2081 pro
938 2004 1045 2061 nostra
1067 1993 1311 2070 necessitudine,
1334 2015 1414 2080 quse
1437 2003 1490 2060 tua

166 2109 287 2155 summa
308 2089 340 2153 in
361 2110 412 2154 me
434 2087 650 2163 observantia,
684 2089 723 2154 ad
746 2111 796 2154 me
818 2088 946 2155 domum
968 2089 1128 2161 venisses,
1151 2089 1274 2153 Iocutus
1295 2109 1364 2153 sum
1386 2097 1489 2154 tecum

167 2181 206 2248 de
227 2203 304 2267 agro
325 2183 467 2268 vectigali
490 2183 651 2269 municipii
665 2182 815 2258 Atellani,
838 2183 891 2270 qui
906 2190 990 2248 esset
1004 2183 1036 2248 in
1052 2182 1167 2258 Gallia,
1190 2192 1369 2268 qucmoque
1390 2202 1490 2267 opere

168 2275 236 2340 eius
256 2274 418 2361 municipii
440 2298 532 2342 causa
559 2276 756 2352 laborarem,
790 2275 847 2342 tibi
868 2276 1000 2343 ostendi.
1043 2281 1117 2342 Post
1136 2285 1221 2341 tuum
1243 2286 1345 2340 autern
1368 2274 1490 2362 prolec-

129 2394 158 2436 cc
168 2368 284 2433 tionem
319 2390 391 2433 cum
420 2380 451 2435 et
479 2370 616 2435 maxima
647 2393 699 2437 res
728 2370 888 2456 municipii
910 2369 1121 2435 honestissimi
1140 2368 1280 2456 mihique
1300 2370 1492 2436 coniunctIs-

168 2461 240 2527 simi
262 2471 293 2527 et
313 2484 469 2530 summum
491 2486 596 2530 meum
617 2464 754 2530 officium
776 2474 940 2548 ageretur,
973 2484 1033 2551 pro
1055 2474 1110 2529 tuo
1131 2463 1236 2529 animo
1257 2462 1290 2528 in
1311 2484 1362 2527 me
1384 2463 1491 2547 singu·

167 2555 225 2621 lari
252 2556 429 2622 existimavi
461 2580 512 2622 me
545 2567 693 2644 oportere
726 2557 765 2622 ad
795 2567 825 2622 te
853 2557 1027 2623 accuratius
1056 2557 1211 2632 scribere,
1246 2557 1305 2622 etsi
1335 2577 1397 2622 non
1418 2579 1491 2622 sum

169 2649 307 2726 nescius,
329 2661 361 2714 et
380 2672 462 2737 quae
484 2661 663 2737 temporum
684 2652 767 2717 ratio
788 2660 821 2716 et
840 2672 922 2738 quae
943 2660 996 2717 tue
1018 2661 1156 2737 potestas
1177 2651 1231 2726 sit,
1251 2648 1372 2738 tibique
1394 2671 1493 2734 nego·

169 2743 247 2808 tium
269 2741 375 2808 datum
398 2766 465 2810 essc
487 2767 504 2809 a
527 2749 560 2812 C.
579 2750 726 2822 Caesare,
749 2766 813 2811 non
835 2745 1002 2821 iudicium,
1024 2745 1185 2831 praeclare
1196 2744 1346 2830 intelllgc.
1384 2747 1490 2822 Quare

130 2858 186 2901 ssa
214 2843 244 2900 te
276 2844 394 2903 tantum
427 2849 516 2924 peto,
549 2849 699 2925 quantum
732 2849 763 2904 et
791 2849 822 2904 te
848 2838 952 2904 Iacere
984 2860 1077 2925 posse
1100 2850 1130 2904 et
1151 2838 1285 2904 libenter
1305 2859 1376 2903 mea
1397 2858 1491 2903 causa

167 2928 321 2995 lucturum
343 2952 411 2996 esse
433 2932 581 2998 arbitror.
639 2939 668 2998 2.
702 2938 741 3000 Et
762 2933 899 3019 primum
920 2933 1014 3000 velim
1037 2932 1212 3008 existimes,
1246 2932 1331 3020 quod
1351 2952 1405 2996 res
1425 2939 1489 3005 est,

167 3024 328 3107 municipii
349 3023 490 3090 fortunas
512 3047 621 3092 omnes
643 3028 675 3092 in
696 3028 758 3094 isto
780 3025 923 3111 vectigali
944 3027 1136 3102 consistere,
1165 3026 1341 3092 bisantem
1370 3035 1492 3112 ternpo-

167 3114 255 3181 ribus
277 3117 337 3183 hoc
357 3119 561 3205 municipium
583 3120 728 3187 maximis
750 3118 902 3193 oneribus
925 3141 1085 3205 pressum,
1108 3119 1237 3186 summis
1259 3121 1403 3186 allectum
1419 3140 1491 3185 esse

167 3208 408 3278 difficultatibus.
458 3217 526 3279 IIoc
547 3215 604 3280 etsi
627 3235 792 3281 commune
815 3214 1030 3279 videturesse
1052 3235 1124 3279 cum
1145 3214 1266 3290 multis,
1288 3224 1392 3280 tamen
1413 3214 1492 3279 mihi

131 3302 260 3368 sccrede
281 3305 454 3390 singulares
477 3307 548 3373 huic
564 3308 738 3394 ‘municipio
762 3308 950 3374 calamitates
971 3307 1143 3385 accidisse3
1181 3329 1258 3394 quus
1285 3307 1405 3373 idcirco
1425 3328 1490 3373 non

167 3416 397 3474 commemoro,
420 3423 459 3465 nc
481 3401 520 3466 de
542 3403 678 3468 miseriis
699 3424 843 3468 meorum
858 3407 1105 3468 necessariorum
1121 3423 1316 3489 conquerens
1337 3400 1491 3475 homines,

167 3511 248 3577 quos
269 3491 359 3564 nolo,
382 3493 491 3558 videar
512 3495 683 3561 offendere.
726 3502 756 3562 3.
779 3503 904 3584 Itaque,
927 3496 987 3561 nisi
1008 3517 1151 3580 magnam
1173 3518 1261 3582 spem
1283 3493 1432 3560 haberem
1456 3497 1490 3560 C.

168 3584 292 3650 Caesari
313 3607 371 3650 nos
393 3607 516 3652 causam
539 3589 700 3676 municipii
722 3590 931 3677 probaturos,
953 3612 1018 3656 non
1039 3600 1106 3655 erat
1127 3612 1236 3665 causa,
1259 3611 1317 3654 cur
1337 3611 1354 3653 a
1376 3595 1408 3653 te
1431 3587 1492 3653 hoc

168 3688 309 3764 tempore
330 3679 447 3767 aliquid
468 3683 700 3750 contenderem.
752 3685 814 3751 Sed
836 3687 910 3772 quia
931 3685 1056 3751 conlido
1076 3685 1217 3772 mihique
1238 3682 1379 3771 persuasi
1402 3682 1491 3747 illurn

134 3781 200 3838 net
228 3771 387 3856 dignitatis
417 3776 576 3861 municipii
605 3787 638 3842 et
668 3779 832 3864 aequitatis
855 3788 886 3843 et
914 3778 1007 3844 etiarn
1028 3779 1196 3844 voluntatis
1218 3800 1292 3863 erga
1314 3800 1347 3843 se
1369 3775 1492 3841 habitu-

167 3886 238 3930 rum
261 3886 328 3930 esse
349 3868 519 3942 rationem,
542 3869 615 3935 ideo
636 3892 654 3936 a
674 3880 706 3936 te
727 3892 791 3937 non
813 3872 952 3937 dubitavi
975 3873 1180 3947 contendere,
1209 3881 1245 3938 ut
1265 3872 1345 3936 hanc
1363 3889 1491 3935 causam

168 3958 213 4024 illi
234 3959 387 4045 integram
415 3981 628 4029 conservares.
681 3969 710 4030 l.
734 3966 828 4044 Quod
850 3966 908 4032 etsi
929 3965 1028 4030 nihilo
1049 3967 1151 4032 minus
1174 3988 1191 4030 e
1212 3976 1243 4031 te
1269 3974 1425 4051 peterem,
1463 3961 1491 4029 si

169 4052 248 4118 nihil
268 4052 456 4120 audivissem
477 4066 508 4120 te
530 4057 590 4122 tale
610 4056 736 4132 secisse,
767 4069 870 4124 tamen
892 4059 1044 4125 maiorem
1066 4080 1153 4146 spem
1174 4057 1361 4146 impetrandi
1383 4065 1491 4122 nactus

170 4166 256 4222 sum,
278 4157 481 4234 posteaquam
504 4150 580 4214 mihi
602 4150 798 4229 dictumest,
820 4152 880 4218 hoc
895 4153 979 4218 idem
993 4175 1011 4217 a
1026 4162 1055 4218 te
1072 4154 1242 4239 Regienses
1257 4151 1490 4238 impetravisse;

133 4240 227 4327 ⁴⁰qni
248 4242 305 4307 etsi
328 4252 358 4307 te
379 4242 481 4328 aliqua
510 4245 737 4311 necessitudine
763 4247 932 4331 attingunt,
963 4256 1066 4312 tamen
1087 4258 1162 4313 tuus
1183 4269 1274 4313 arnor
1294 4248 1327 4312 in
1348 4267 1399 4311 me
1421 4266 1492 4331 spe-

170 4354 244 4398 rare
266 4354 318 4399 me
339 4335 423 4420 cogit
443 4346 493 4410 te,
516 4338 602 4423 quod
623 4339 685 4404 tuis
706 4340 890 4406 necessariis
912 4340 1081 4417 tribueris,
1104 4341 1187 4406 idern
1209 4363 1279 4407 esse
1300 4340 1491 4406 tributurum

171 4428 269 4503 meis,
302 4430 487 4513 praesertim
518 4452 589 4496 cnm
618 4454 679 4518 ego
714 4455 774 4519 pro
804 4433 852 4499 his
879 4435 950 4500 uuis
972 4445 1094 4521 petam,
1125 4434 1256 4500 habeam
1278 4444 1399 4507 autem,
1436 4432 1491 4518 qui

236 4590 264 4641 8.
282 4592 373 4643 Nosse
391 4594 522 4656 epistolae
541 4595 604 4645 hiuc
623 4597 730 4647 initium
749 4598 862 4648 lecimus
881 4612 942 4647 cnm
961 4597 1046 4648 Codd.
1065 4599 1086 4648 R
1104 4604 1131 4649 et
1150 4599 1221 4662 lips.
1252 4621 1284 4634 -
1321 4600 1348 4648 a.
1367 4599 1415 4647 trus
1432 4612 1490 4648 om.

166 4659 204 4712 at.
240 4662 314 4712 Fert.
333 4662 436 4712 litteras
452 4665 510 4715 lton.
538 4664 588 4717 On.
618 4691 649 4703 -
685 4668 729 4719 Ie.
756 4670 956 4727 manescere,
982 4681 1048 4731 ques
1066 4675 1113 4719 too
1131 4669 1175 4719 ll:
1194 4669 1377 4719 multudine
1395 4675 1492 4733 tuoque

166 4728 199 4782 tt.
242 4731 284 4787 (In
312 4733 402 4794 priora
427 4734 545 4784 editione
573 4735 637 4786 coll.
664 4733 693 4801 R.
724 4738 749 4789 5.
781 4739 908 4788 dederam
934 4739 1117 4788 moestitudine
1142 4752 1240 4803 proque
1265 4745 1321 4787 tce.
1357 4738 1423 4796 Oa.)
1458 4764 1491 4775 -

166 4799 211 4852 D.
237 4815 370 4853 commuue
396 4803 420 4854 ct
444 4804 602 4858 Lambturs.
631 4830 662 4844 -
702 4807 745 4858 ³5.
763 4815 788 4858 ct
805 4811 886 4860 ettam
902 4808 1047 4859 ccluotcts'a
1064 4808 1110 4862 Μ.
1141 4811 1221 4860 utun
1237 4808 1382 4859 culuototta
1400 4807 1438 4870 E,
1466 4814 1492 4859 et

166 4869 410 4924 commossem
427 4873 585 4928 Lambinus.
622 4877 673 4930 Sed
692 4877 742 4930 cfr.
762 4877 821 4930 Lib.
840 4878 903 4930 XII.
922 4871 967 4943 ip.
988 4877 1030 4929 18.
