<?xml version="1.0" encoding="UTF-8"?>
<!DOCTYPE html PUBLIC "-//W3C//DTD XHTML 1.0 Transitional//EN"
    "http://www.w3.org/TR/xhtml1/DTD/xhtml1-transitional.dtd">
<html xmlns="http://www.w3.org/1999/xhtml" xml:lang="en" lang="en">
 <head>
  <title>
</title>
<meta http-equiv="Content-Type" content="text/html;charset=utf-8" />
  <meta name='ocr-system' content='tesseract 3.04.00' />
  <meta name='ocr-capabilities' content='ocr_page ocr_carea ocr_par ocr_line ocrx_word'/>
</head>
<body>
  <div class='ocr_page' id='page_1' title='image "./operaquaesupers06halmgoog_0090.png"; bbox 0 0 3256 5400; ppageno 0'>
   <div class='ocr_carea' id='block_1_1' title="bbox 193 244 1080 326">
    <p class='ocr_par' dir='ltr' id='par_1_1' title="bbox 193 244 1080 326">
     <span class='ocr_line' id='line_1_1' title="bbox 193 244 1080 326; baseline -0.012 -9"><span class='ocrx_word' id='word_1_1' title='bbox 193 256 236 318; x_wconf 73' lang='lat'><strong>20</strong></span> <span class='ocrx_word' id='word_1_2' title='bbox 617 244 893 326; x_wconf 74' lang='lat' dir='ltr'><strong>Erlsroesatns</strong></span> <span class='ocrx_word' id='word_1_3' title='bbox 914 248 967 310; x_wconf 76' lang='lat' dir='ltr'><strong>Ab</strong></span> <span class='ocrx_word' id='word_1_4' title='bbox 989 246 1080 310; x_wconf 72' lang='grc' dir='ltr'><strong>ΕΔΜ.</strong></span> 
     </span>
    </p>
   </div>
   <div class='ocr_carea' id='block_1_2' title="bbox 61 397 1558 3020">
    <p class='ocr_par' dir='ltr' id='par_1_2' title="bbox 61 397 1558 3020">
     <span class='ocr_line' id='line_1_2' title="bbox 194 397 1514 492; baseline -0.005 -13"><span class='ocrx_word' id='word_1_5' title='bbox 194 413 311 479; x_wconf 83' lang='lat' dir='ltr'><strong>deluis</strong></span> <span class='ocrx_word' id='word_1_6' title='bbox 331 411 425 476; x_wconf 90' lang='lat' dir='ltr'><strong>rebus</strong></span> <span class='ocrx_word' id='word_1_7' title='bbox 451 397 597 474; x_wconf 86' lang='lat' dir='ltr'><strong>omnibus</strong></span> <span class='ocrx_word' id='word_1_8' title='bbox 618 418 650 473; x_wconf 93' lang='lat' dir='ltr'><strong>et</strong></span> <span class='ocrx_word' id='word_1_9' title='bbox 674 408 714 473; x_wconf 92' lang='lat' dir='ltr'><strong>de</strong></span> <span class='ocrx_word' id='word_1_10' title='bbox 738 407 862 471; x_wconf 83' lang='lat' dir='ltr'>Lentuli</span> <span class='ocrx_word' id='word_1_11' title='bbox 881 406 926 471; x_wconf 92' lang='lat' dir='ltr'><strong>tui</strong></span> <span class='ocrx_word' id='word_1_12' title='bbox 945 406 1107 492; x_wconf 71' lang='lat' dir='ltr'><strong>nostrique</strong></span> <span class='ocrx_word' id='word_1_13' title='bbox 1131 404 1241 471; x_wconf 84' lang='lat' dir='ltr'><strong>studiis</strong></span> <span class='ocrx_word' id='word_1_14' title='bbox 1262 417 1294 472; x_wconf 91' lang='lat' dir='ltr'><strong>et</strong></span> <span class='ocrx_word' id='word_1_15' title='bbox 1319 404 1514 472; x_wconf 86' lang='lat' dir='ltr'><strong>exercitatio-</strong></span> 
     </span>
     <span class='ocr_line' id='line_1_3' title="bbox 193 501 1518 591; baseline -0.008 -16"><span class='ocrx_word' id='word_1_16' title='bbox 193 508 285 574; x_wconf 84' lang='lat' dir='ltr'><strong>nibus</strong></span> <span class='ocrx_word' id='word_1_17' title='bbox 317 508 410 574; x_wconf 86' lang='lat' dir='ltr'><strong>velim</strong></span> <span class='ocrx_word' id='word_1_18' title='bbox 440 526 534 591; x_wconf 91' lang='lat' dir='ltr'><strong>quam</strong></span> <span class='ocrx_word' id='word_1_19' title='bbox 564 501 803 568; x_wconf 81' lang='lat' dir='ltr'><strong>familiarissime</strong></span> <span class='ocrx_word' id='word_1_20' title='bbox 830 502 998 565; x_wconf 75' lang='lat' dir='ltr'><strong>certiorem</strong></span> <span class='ocrx_word' id='word_1_21' title='bbox 1023 510 1055 565; x_wconf 91' lang='lat' dir='ltr'><strong>et</strong></span> <span class='ocrx_word' id='word_1_22' title='bbox 1079 521 1173 586; x_wconf 86' lang='lat' dir='ltr'><strong>quarn</strong></span> <span class='ocrx_word' id='word_1_23' title='bbox 1195 502 1376 585; x_wconf 83' lang='lat' dir='ltr'><strong>saepissime</strong></span> <span class='ocrx_word' id='word_1_24' title='bbox 1405 501 1518 576; x_wconf 84' lang='lat' dir='ltr'><strong>iacias,</strong></span> 
     </span>
     <span class='ocr_line' id='line_1_4' title="bbox 194 593 1515 686; baseline -0.005 -19"><span class='ocrx_word' id='word_1_25' title='bbox 194 602 415 686; x_wconf 82' lang='lat' dir='ltr'><strong>existimesque</strong></span> <span class='ocrx_word' id='word_1_26' title='bbox 444 599 600 664; x_wconf 91' lang='lat' dir='ltr'><strong>neminem</strong></span> <span class='ocrx_word' id='word_1_27' title='bbox 626 599 771 684; x_wconf 83' lang='lat' dir='ltr'><strong>cuiquam</strong></span> <span class='ocrx_word' id='word_1_28' title='bbox 793 617 895 681; x_wconf 89' lang='lat' dir='ltr'><strong>neque</strong></span> <span class='ocrx_word' id='word_1_29' title='bbox 922 596 1076 661; x_wconf 89' lang='lat' dir='ltr'><strong>cariorem</strong></span> <span class='ocrx_word' id='word_1_30' title='bbox 1097 616 1199 680; x_wconf 91' lang='lat' dir='ltr'><strong>neque</strong></span> <span class='ocrx_word' id='word_1_31' title='bbox 1218 593 1436 660; x_wconf 91' lang='lat' dir='ltr'><strong>iucundiorem</strong></span> <span class='ocrx_word' id='word_1_32' title='bbox 1458 619 1515 661; x_wconf 92' lang='lat' dir='ltr'><strong>un-</strong></span> 
     </span>
     <span class='ocr_line' id='line_1_5' title="bbox 195 690 1516 782; baseline -0.002 -22"><span class='ocrx_word' id='word_1_33' title='bbox 195 717 288 782; x_wconf 88' lang='lat' dir='ltr'><strong>quam</strong></span> <span class='ocrx_word' id='word_1_34' title='bbox 309 695 404 759; x_wconf 87' lang='lat' dir='ltr'><strong>luisse</strong></span> <span class='ocrx_word' id='word_1_35' title='bbox 428 715 521 781; x_wconf 89' lang='lat' dir='ltr'><strong>quam</strong></span> <span class='ocrx_word' id='word_1_36' title='bbox 544 703 574 757; x_wconf 90' lang='lat' dir='ltr'><strong>te</strong></span> <span class='ocrx_word' id='word_1_37' title='bbox 597 691 687 766; x_wconf 90' lang='lat' dir='ltr'><strong>mibi,</strong></span> <span class='ocrx_word' id='word_1_38' title='bbox 723 690 818 774; x_wconf 89' lang='lat' dir='ltr'><strong>idque</strong></span> <span class='ocrx_word' id='word_1_39' title='bbox 839 711 904 762; x_wconf 91' lang='lat' dir='ltr'><strong>me,</strong></span> <span class='ocrx_word' id='word_1_40' title='bbox 930 710 998 767; x_wconf 81' lang='lat' dir='ltr'><strong>¹non</strong></span> <span class='ocrx_word' id='word_1_41' title='bbox 1022 690 1118 754; x_wconf 92' lang='lat' dir='ltr'><strong>modo</strong></span> <span class='ocrx_word' id='word_1_42' title='bbox 1138 700 1174 754; x_wconf 93' lang='lat' dir='ltr'><strong>ut</strong></span> <span class='ocrx_word' id='word_1_43' title='bbox 1193 699 1227 754; x_wconf 91' lang='lat' dir='ltr'><strong>tu</strong></span> <span class='ocrx_word' id='word_1_44' title='bbox 1250 690 1385 764; x_wconf 88' lang='lat' dir='ltr'><strong>sentias,</strong></span> <span class='ocrx_word' id='word_1_45' title='bbox 1408 691 1462 756; x_wconf 93' lang='lat' dir='ltr'><strong>sed</strong></span> <span class='ocrx_word' id='word_1_46' title='bbox 1482 704 1516 757; x_wconf 90' lang='lat' dir='ltr'><strong>ut</strong></span> 
     </span>
     <span class='ocr_line' id='line_1_6' title="bbox 170 784 1514 873; baseline -0.003 -19"><span class='ocrx_word' id='word_1_47' title='bbox 170 807 304 854; x_wconf 68' lang='lat' dir='ltr'><strong>somnes</strong></span> <span class='ocrx_word' id='word_1_48' title='bbox 321 799 445 873; x_wconf 89' lang='lat' dir='ltr'><strong>gentes,</strong></span> <span class='ocrx_word' id='word_1_49' title='bbox 467 788 560 854; x_wconf 89' lang='lat' dir='ltr'><strong>etiam</strong></span> <span class='ocrx_word' id='word_1_50' title='bbox 571 795 606 851; x_wconf 93' lang='lat' dir='ltr'><strong>ut</strong></span> <span class='ocrx_word' id='word_1_51' title='bbox 618 785 783 873; x_wconf 88' lang='lat' dir='ltr'><strong>posteritas</strong></span> <span class='ocrx_word' id='word_1_52' title='bbox 795 784 895 849; x_wconf 89' lang='lat' dir='ltr'><strong>omnis</strong></span> <span class='ocrx_word' id='word_1_53' title='bbox 906 784 1072 868; x_wconf 86' lang='lat' dir='ltr'><strong>intelligat,</strong></span> <span class='ocrx_word' id='word_1_54' title='bbox 1095 804 1164 848; x_wconf 90' lang='lat' dir='ltr'><strong>esse</strong></span> <span class='ocrx_word' id='word_1_55' title='bbox 1177 784 1342 849; x_wconf 82' lang='lat' dir='ltr'><strong>facturum.</strong></span> <span class='ocrx_word' id='word_1_56' title='bbox 1378 789 1429 848; x_wconf 72' lang='lat'><strong>25.</strong></span> <span class='ocrx_word' id='word_1_57' title='bbox 1454 790 1514 870; x_wconf 77' lang='lat' dir='ltr'><strong>Ap</strong></span> 
     </span>
     <span class='ocr_line' id='line_1_7' title="bbox 193 877 1514 968; baseline -0.004 -23"><span class='ocrx_word' id='word_1_58' title='bbox 193 881 263 968; x_wconf 95' lang='lat' dir='ltr'><strong>pius</strong></span> <span class='ocrx_word' id='word_1_59' title='bbox 287 882 317 945; x_wconf 92' lang='lat' dir='ltr'><strong>in</strong></span> <span class='ocrx_word' id='word_1_60' title='bbox 340 881 539 946; x_wconf 86' lang='lat' dir='ltr'><strong>sermonibus</strong></span> <span class='ocrx_word' id='word_1_61' title='bbox 558 891 648 945; x_wconf 91' lang='lat' dir='ltr'><strong>antea</strong></span> <span class='ocrx_word' id='word_1_62' title='bbox 669 877 841 953; x_wconf 71' lang='lat' dir='ltr'><strong>dictitabat,</strong></span> <span class='ocrx_word' id='word_1_63' title='bbox 864 888 974 963; x_wconf 91' lang='lat' dir='ltr'><strong>postea</strong></span> <span class='ocrx_word' id='word_1_64' title='bbox 998 877 1077 942; x_wconf 85' lang='lat' dir='ltr'><strong>dixit</strong></span> <span class='ocrx_word' id='word_1_65' title='bbox 1099 877 1192 942; x_wconf 89' lang='lat' dir='ltr'><strong>etiam</strong></span> <span class='ocrx_word' id='word_1_66' title='bbox 1214 877 1245 940; x_wconf 90' lang='lat' dir='ltr'><strong>in</strong></span> <span class='ocrx_word' id='word_1_67' title='bbox 1267 887 1376 943; x_wconf 91' lang='lat' dir='ltr'><strong>senatu</strong></span> <span class='ocrx_word' id='word_1_68' title='bbox 1396 878 1514 963; x_wconf 82' lang='lat' dir='ltr'><strong>palam,</strong></span> 
     </span>
     <span class='ocr_line' id='line_1_8' title="bbox 193 971 1515 1058; baseline -0.003 -18"><span class='ocrx_word' id='word_1_69' title='bbox 193 996 276 1056; x_wconf 82' lang='lat' dir='ltr'><strong>sese,</strong></span> <span class='ocrx_word' id='word_1_70' title='bbox 299 975 331 1039; x_wconf 87' lang='lat' dir='ltr'><strong>si·</strong></span> <span class='ocrx_word' id='word_1_71' title='bbox 346 974 463 1040; x_wconf 88' lang='lat' dir='ltr'><strong>licitum</strong></span> <span class='ocrx_word' id='word_1_72' title='bbox 486 983 568 1041; x_wconf 90' lang='lat' dir='ltr'><strong>esset</strong></span> <span class='ocrx_word' id='word_1_73' title='bbox 589 974 689 1058; x_wconf 91' lang='lat' dir='ltr'><strong>legem</strong></span> <span class='ocrx_word' id='word_1_74' title='bbox 714 974 863 1038; x_wconf 87' lang='lat' dir='ltr'><strong>curiatam</strong></span> <span class='ocrx_word' id='word_1_75' title='bbox 884 972 986 1045; x_wconf 83' lang='lat' dir='ltr'><strong>ferre,</strong></span> <span class='ocrx_word' id='word_1_76' title='bbox 1008 973 1191 1038; x_wconf 88' lang='lat' dir='ltr'><strong>sortiturum</strong></span> <span class='ocrx_word' id='word_1_77' title='bbox 1215 992 1283 1036; x_wconf 90' lang='lat' dir='ltr'><strong>esse</strong></span> <span class='ocrx_word' id='word_1_78' title='bbox 1305 992 1376 1035; x_wconf 90' lang='lat' dir='ltr'><strong>eum</strong></span> <span class='ocrx_word' id='word_1_79' title='bbox 1396 971 1515 1055; x_wconf 83' lang='lat' dir='ltr'><strong>collega</strong></span> 
     </span>
     <span class='ocr_line' id='line_1_9' title="bbox 192 1063 1515 1156; baseline -0.004 -23"><span class='ocrx_word' id='word_1_80' title='bbox 192 1069 405 1156; x_wconf 89' lang='lat' dir='ltr'><strong>provinciam;</strong></span> <span class='ocrx_word' id='word_1_81' title='bbox 428 1068 454 1133; x_wconf 90' lang='lat' dir='ltr'><strong>si</strong></span> <span class='ocrx_word' id='word_1_82' title='bbox 477 1069 596 1133; x_wconf 87' lang='lat' dir='ltr'><strong>curiata</strong></span> <span class='ocrx_word' id='word_1_83' title='bbox 618 1066 669 1131; x_wconf 85' lang='lat' dir='ltr'><strong>lex</strong></span> <span class='ocrx_word' id='word_1_84' title='bbox 690 1087 754 1131; x_wconf 91' lang='lat' dir='ltr'><strong>non</strong></span> <span class='ocrx_word' id='word_1_85' title='bbox 776 1076 878 1141; x_wconf 89' lang='lat' dir='ltr'><strong>esset,</strong></span> <span class='ocrx_word' id='word_1_86' title='bbox 901 1087 934 1131; x_wconf 90' lang='lat' dir='ltr'><strong>se</strong></span> <span class='ocrx_word' id='word_1_87' title='bbox 957 1076 1140 1151; x_wconf 89' lang='lat' dir='ltr'><strong>paraturum</strong></span> <span class='ocrx_word' id='word_1_88' title='bbox 1164 1086 1235 1130; x_wconf 91' lang='lat' dir='ltr'><strong>cum</strong></span> <span class='ocrx_word' id='word_1_89' title='bbox 1255 1064 1374 1149; x_wconf 79' lang='lat' dir='ltr'><strong>collega</strong></span> <span class='ocrx_word' id='word_1_90' title='bbox 1396 1063 1515 1151; x_wconf 89' lang='lat' dir='ltr'><strong>tibique</strong></span> 
     </span>
     <span class='ocr_line' id='line_1_10' title="bbox 192 1159 1514 1245; baseline -0.003 -18"><span class='ocrx_word' id='word_1_91' title='bbox 192 1181 425 1239; x_wconf 90' lang='lat' dir='ltr'><strong>successurum;</strong></span> <span class='ocrx_word' id='word_1_92' title='bbox 447 1161 549 1245; x_wconf 88' lang='lat' dir='ltr'><strong>legem</strong></span> <span class='ocrx_word' id='word_1_93' title='bbox 574 1160 724 1225; x_wconf 86' lang='lat' dir='ltr'><strong>curiatam</strong></span> <span class='ocrx_word' id='word_1_94' title='bbox 742 1160 863 1226; x_wconf 90' lang='lat' dir='ltr'><strong>consuli</strong></span> <span class='ocrx_word' id='word_1_95' title='bbox 882 1159 958 1224; x_wconf 81' lang='lat' dir='ltr'><strong>ferri</strong></span> <span class='ocrx_word' id='word_1_96' title='bbox 983 1180 1063 1244; x_wconf 92' lang='lat' dir='ltr'><strong>opus</strong></span> <span class='ocrx_word' id='word_1_97' title='bbox 1085 1181 1174 1233; x_wconf 89' lang='lat' dir='ltr'><strong>esse,</strong></span> <span class='ocrx_word' id='word_1_98' title='bbox 1196 1179 1324 1224; x_wconf 90' lang='lat' dir='ltr'><strong>necesse</strong></span> <span class='ocrx_word' id='word_1_99' title='bbox 1344 1179 1408 1224; x_wconf 90' lang='lat' dir='ltr'><strong>non</strong></span> <span class='ocrx_word' id='word_1_100' title='bbox 1430 1180 1514 1235; x_wconf 87' lang='lat' dir='ltr'><strong>esse;</strong></span> 
     </span>
     <span class='ocr_line' id='line_1_11' title="bbox 156 1252 1514 1341; baseline 0.001 -26"><span class='ocrx_word' id='word_1_101' title='bbox 156 1277 246 1330; x_wconf 79' lang='lat' dir='ltr'><strong>sose,</strong></span> <span class='ocrx_word' id='word_1_102' title='bbox 268 1256 418 1341; x_wconf 89' lang='lat' dir='ltr'><strong>quoniam</strong></span> <span class='ocrx_word' id='word_1_103' title='bbox 440 1277 480 1320; x_wconf 87' lang='lat' dir='ltr'><strong>ex</strong></span> <span class='ocrx_word' id='word_1_104' title='bbox 501 1264 625 1320; x_wconf 85' lang='lat' dir='ltr'><strong>senatus</strong></span> <span class='ocrx_word' id='word_1_105' title='bbox 646 1254 789 1319; x_wconf 90' lang='lat' dir='ltr'><strong>consulto</strong></span> <span class='ocrx_word' id='word_1_106' title='bbox 811 1255 1003 1340; x_wconf 87' lang='lat' dir='ltr'><strong>provinciam</strong></span> <span class='ocrx_word' id='word_1_107' title='bbox 1019 1252 1171 1327; x_wconf 89' lang='lat' dir='ltr'><strong>baberet,</strong></span> <span class='ocrx_word' id='word_1_108' title='bbox 1194 1254 1263 1337; x_wconf 86' lang='lat' dir='ltr'><strong>lege</strong></span> <span class='ocrx_word' id='word_1_109' title='bbox 1290 1253 1434 1318; x_wconf 89' lang='lat' dir='ltr'><strong>Cornelia</strong></span> <span class='ocrx_word' id='word_1_110' title='bbox 1457 1253 1514 1316; x_wconf 93' lang='lat' dir='ltr'><strong>im-</strong></span> 
     </span>
     <span class='ocr_line' id='line_1_12' title="bbox 104 1346 1514 1435; baseline -0.003 -22"><span class='ocrx_word' id='word_1_111' title='bbox 104 1371 110 1378; x_wconf 93' lang='lat'>·</span> <span class='ocrx_word' id='word_1_112' title='bbox 191 1349 313 1435; x_wconf 89' lang='lat' dir='ltr'><strong>perium</strong></span> <span class='ocrx_word' id='word_1_113' title='bbox 340 1348 533 1421; x_wconf 88' lang='lat' dir='ltr'><strong>habiturum,</strong></span> <span class='ocrx_word' id='word_1_114' title='bbox 555 1348 660 1433; x_wconf 90' lang='lat' dir='ltr'><strong>quoad</strong></span> <span class='ocrx_word' id='word_1_115' title='bbox 682 1347 714 1411; x_wconf 88' lang='lat' dir='ltr'><strong>in</strong></span> <span class='ocrx_word' id='word_1_116' title='bbox 731 1347 843 1412; x_wconf 90' lang='lat' dir='ltr'><strong>urbem</strong></span> <span class='ocrx_word' id='word_1_117' title='bbox 864 1346 1032 1413; x_wconf 87' lang='lat' dir='ltr'><strong>introisset.</strong></span> <span class='ocrx_word' id='word_1_118' title='bbox 1074 1352 1162 1431; x_wconf 86' lang='lat' dir='ltr'><strong>Ego,</strong></span> <span class='ocrx_word' id='word_1_119' title='bbox 1185 1346 1261 1434; x_wconf 92' lang='lat' dir='ltr'><strong>quid</strong></span> <span class='ocrx_word' id='word_1_120' title='bbox 1275 1346 1315 1410; x_wconf 90' lang='lat' dir='ltr'><strong>ad</strong></span> <span class='ocrx_word' id='word_1_121' title='bbox 1335 1358 1368 1412; x_wconf 89' lang='lat' dir='ltr'><strong>te</strong></span> <span class='ocrx_word' id='word_1_122' title='bbox 1387 1355 1514 1411; x_wconf 89' lang='lat' dir='ltr'><strong>tuorum</strong></span> 
     </span>
     <span class='ocr_line' id='line_1_13' title="bbox 191 1439 1558 1528; baseline -0.001 -22"><span class='ocrx_word' id='word_1_123' title='bbox 191 1442 323 1528; x_wconf 91' lang='lat' dir='ltr'><strong>quisque</strong></span> <span class='ocrx_word' id='word_1_124' title='bbox 351 1442 599 1506; x_wconf 89' lang='lat' dir='ltr'><strong>necessariorum</strong></span> <span class='ocrx_word' id='word_1_125' title='bbox 627 1439 758 1515; x_wconf 87' lang='lat' dir='ltr'><strong>scribat,</strong></span> <span class='ocrx_word' id='word_1_126' title='bbox 790 1441 916 1518; x_wconf 91' lang='lat' dir='ltr'><strong>nescio;</strong></span> <span class='ocrx_word' id='word_1_127' title='bbox 950 1442 1053 1507; x_wconf 85' lang='lat' dir='ltr'><strong>varias</strong></span> <span class='ocrx_word' id='word_1_128' title='bbox 1082 1462 1151 1506; x_wconf 89' lang='lat' dir='ltr'><strong>esse</strong></span> <span class='ocrx_word' id='word_1_129' title='bbox 1177 1441 1342 1527; x_wconf 85' lang='lat' dir='ltr'><strong>opiniones</strong></span> <span class='ocrx_word' id='word_1_130' title='bbox 1364 1439 1514 1523; x_wconf 90' lang='lat' dir='ltr'><strong>intelligo.</strong></span> <span class='ocrx_word' id='word_1_131' title='bbox 1555 1464 1558 1475; x_wconf 92' lang='lat'><strong>·</strong></span> 
     </span>
     <span class='ocr_line' id='line_1_14' title="bbox 61 1531 1513 1628; baseline -0.002 -28"><span class='ocrx_word' id='word_1_132' title='bbox 61 1606 73 1628; x_wconf 27' lang='grc' dir='ltr'>δ</span> <span class='ocrx_word' id='word_1_133' title='bbox 192 1539 284 1608; x_wconf 89' lang='lat' dir='ltr'><strong>Sunt,</strong></span> <span class='ocrx_word' id='word_1_134' title='bbox 307 1535 360 1621; x_wconf 94' lang='lat' dir='ltr'><strong>qui</strong></span> <span class='ocrx_word' id='word_1_135' title='bbox 382 1546 490 1621; x_wconf 83' lang='lat' dir='ltr'><strong>putent</strong></span> <span class='ocrx_word' id='word_1_136' title='bbox 513 1544 657 1620; x_wconf 90' lang='lat' dir='ltr'><strong>possete</strong></span> <span class='ocrx_word' id='word_1_137' title='bbox 679 1555 743 1599; x_wconf 90' lang='lat' dir='ltr'><strong>non</strong></span> <span class='ocrx_word' id='word_1_138' title='bbox 765 1533 932 1609; x_wconf 86' lang='lat' dir='ltr'><strong>decedere,</strong></span> <span class='ocrx_word' id='word_1_139' title='bbox 955 1536 1040 1622; x_wconf 93' lang='lat' dir='ltr'><strong>quod</strong></span> <span class='ocrx_word' id='word_1_140' title='bbox 1061 1536 1128 1601; x_wconf 91' lang='lat' dir='ltr'><strong>sine</strong></span> <span class='ocrx_word' id='word_1_141' title='bbox 1148 1536 1218 1620; x_wconf 85' lang='lat' dir='ltr'><strong>lege</strong></span> <span class='ocrx_word' id='word_1_142' title='bbox 1233 1533 1351 1602; x_wconf 90' lang='lat' dir='ltr'><strong>curiata</strong></span> <span class='ocrx_word' id='word_1_143' title='bbox 1372 1531 1429 1598; x_wconf 86' lang='lat' dir='ltr'><strong>tibi</strong></span> <span class='ocrx_word' id='word_1_144' title='bbox 1445 1553 1513 1597; x_wconf 90' lang='lat' dir='ltr'><strong>sue·</strong></span> 
     </span>
     <span class='ocr_line' id='line_1_15' title="bbox 71 1625 1513 1716; baseline -0.004 -22"><span class='ocrx_word' id='word_1_145' title='bbox 71 1678 74 1684; x_wconf 82' lang='grc'><strong>.</strong></span> <span class='ocrx_word' id='word_1_146' title='bbox 191 1629 334 1704; x_wconf 65' lang='lat' dir='ltr'><strong>sedatum</strong></span> <span class='ocrx_word' id='word_1_147' title='bbox 357 1638 429 1693; x_wconf 89' lang='lat' dir='ltr'><strong>sunt</strong></span> <span class='ocrx_word' id='word_1_148' title='bbox 450 1629 559 1702; x_wconf 87' lang='lat' dir='ltr'><strong>etiam,</strong></span> <span class='ocrx_word' id='word_1_149' title='bbox 582 1627 654 1714; x_wconf 93' lang='lat' dir='ltr'><strong>qui,</strong></span> <span class='ocrx_word' id='word_1_150' title='bbox 677 1627 703 1692; x_wconf 88' lang='lat' dir='ltr'><strong>si</strong></span> <span class='ocrx_word' id='word_1_151' title='bbox 718 1627 866 1702; x_wconf 84' lang='lat' dir='ltr'><strong>decedas,</strong></span> <span class='ocrx_word' id='word_1_152' title='bbox 889 1638 953 1693; x_wconf 87' lang='lat' dir='ltr'><strong>ate</strong></span> <span class='ocrx_word' id='word_1_153' title='bbox 971 1630 1105 1716; x_wconf 87' lang='lat' dir='ltr'><strong>relinqui</strong></span> <span class='ocrx_word' id='word_1_154' title='bbox 1126 1649 1234 1716; x_wconf 88' lang='lat' dir='ltr'><strong>posse,</strong></span> <span class='ocrx_word' id='word_1_155' title='bbox 1257 1627 1310 1715; x_wconf 92' lang='lat' dir='ltr'><strong>qui</strong></span> <span class='ocrx_word' id='word_1_156' title='bbox 1333 1625 1513 1711; x_wconf 88' lang='lat' dir='ltr'><strong>provinciae</strong></span> 
     </span>
     <span class='ocr_line' id='line_1_16' title="bbox 155 1719 1514 1810; baseline 0.001 -28"><span class='ocrx_word' id='word_1_157' title='bbox 155 1743 182 1782; x_wconf 79' lang='lat' dir='ltr'><strong>as</strong></span> <span class='ocrx_word' id='word_1_158' title='bbox 191 1723 316 1808; x_wconf 90' lang='lat' dir='ltr'><strong>praesit.</strong></span> <span class='ocrx_word' id='word_1_159' title='bbox 360 1722 434 1787; x_wconf 86' lang='lat' dir='ltr'><strong>Mihi</strong></span> <span class='ocrx_word' id='word_1_160' title='bbox 459 1743 523 1787; x_wconf 93' lang='lat' dir='ltr'><strong>non</strong></span> <span class='ocrx_word' id='word_1_161' title='bbox 544 1732 607 1786; x_wconf 93' lang='lat' dir='ltr'><strong>tam</strong></span> <span class='ocrx_word' id='word_1_162' title='bbox 628 1721 668 1786; x_wconf 92' lang='lat' dir='ltr'><strong>de</strong></span> <span class='ocrx_word' id='word_1_163' title='bbox 688 1720 758 1785; x_wconf 94' lang='lat' dir='ltr'><strong>iure</strong></span> <span class='ocrx_word' id='word_1_164' title='bbox 779 1730 898 1785; x_wconf 89' lang='lat' dir='ltr'><strong>eertum</strong></span> <span class='ocrx_word' id='word_1_165' title='bbox 925 1732 1032 1786; x_wconf 90' lang='lat' dir='ltr'><strong>est-</strong></span> <span class='ocrx_word' id='word_1_166' title='bbox 1055 1743 1244 1810; x_wconf 86' lang='lat' dir='ltr'><strong>quamquam</strong></span> <span class='ocrx_word' id='word_1_167' title='bbox 1266 1742 1306 1786; x_wconf 92' lang='lat' dir='ltr'><strong>ne</strong></span> <span class='ocrx_word' id='word_1_168' title='bbox 1328 1719 1359 1784; x_wconf 92' lang='lat' dir='ltr'><strong>id</strong></span> <span class='ocrx_word' id='word_1_169' title='bbox 1388 1719 1514 1806; x_wconf 91' lang='lat' dir='ltr'><strong>quidem</strong></span> 
     </span>
     <span class='ocr_line' id='line_1_17' title="bbox 191 1812 1515 1902; baseline -0.005 -21"><span class='ocrx_word' id='word_1_170' title='bbox 191 1816 281 1882; x_wconf 86' lang='lat' dir='ltr'><strong>valde</strong></span> <span class='ocrx_word' id='word_1_171' title='bbox 303 1813 432 1880; x_wconf 91' lang='lat' dir='ltr'><strong>dubium</strong></span> <span class='ocrx_word' id='word_1_172' title='bbox 455 1823 565 1879; x_wconf 89' lang='lat' dir='ltr'><strong>est-</strong></span> <span class='ocrx_word' id='word_1_173' title='bbox 586 1835 679 1900; x_wconf 90' lang='lat' dir='ltr'><strong>quam</strong></span> <span class='ocrx_word' id='word_1_174' title='bbox 701 1812 777 1878; x_wconf 92' lang='lat' dir='ltr'><strong>illud</strong></span> <span class='ocrx_word' id='word_1_175' title='bbox 798 1812 837 1877; x_wconf 87' lang='lat' dir='ltr'><strong>ad</strong></span> <span class='ocrx_word' id='word_1_176' title='bbox 859 1823 944 1879; x_wconf 91' lang='lat' dir='ltr'><strong>tuam</strong></span> <span class='ocrx_word' id='word_1_177' title='bbox 965 1837 1118 1880; x_wconf 91' lang='lat' dir='ltr'><strong>summam</strong></span> <span class='ocrx_word' id='word_1_178' title='bbox 1140 1814 1392 1902; x_wconf 91' lang='lat' dir='ltr'><strong>amplitudinem,</strong></span> <span class='ocrx_word' id='word_1_179' title='bbox 1415 1813 1515 1897; x_wconf 90' lang='lat' dir='ltr'><strong>digni·</strong></span> 
     </span>
     <span class='ocr_line' id='line_1_18' title="bbox 190 1906 1514 1995; baseline -0.003 -21"><span class='ocrx_word' id='word_1_180' title='bbox 190 1918 299 1982; x_wconf 88' lang='lat' dir='ltr'><strong>tatem,</strong></span> <span class='ocrx_word' id='word_1_181' title='bbox 323 1908 513 1983; x_wconf 86' lang='lat' dir='ltr'><strong>libertatem,</strong></span> <span class='ocrx_word' id='word_1_182' title='bbox 536 1928 597 1994; x_wconf 92' lang='lat' dir='ltr'><strong>qua</strong></span> <span class='ocrx_word' id='word_1_183' title='bbox 621 1918 651 1973; x_wconf 90' lang='lat' dir='ltr'><strong>te</strong></span> <span class='ocrx_word' id='word_1_184' title='bbox 670 1907 735 1973; x_wconf 90' lang='lat' dir='ltr'><strong>scio</strong></span> <span class='ocrx_word' id='word_1_185' title='bbox 755 1906 957 1973; x_wconf 82' lang='lat' dir='ltr'><strong>libentissime</strong></span> <span class='ocrx_word' id='word_1_186' title='bbox 975 1907 1037 1973; x_wconf 84' lang='lat' dir='ltr'><strong>frui</strong></span> <span class='ocrx_word' id='word_1_187' title='bbox 1058 1908 1180 1983; x_wconf 90' lang='lat' dir='ltr'><strong>solere,</strong></span> <span class='ocrx_word' id='word_1_188' title='bbox 1202 1908 1377 1995; x_wconf 86' lang='lat' dir='ltr'><strong>pertinere,</strong></span> <span class='ocrx_word' id='word_1_189' title='bbox 1401 1919 1431 1974; x_wconf 89' lang='lat' dir='ltr'><strong>te</strong></span> <span class='ocrx_word' id='word_1_190' title='bbox 1446 1907 1514 1971; x_wconf 90' lang='lat' dir='ltr'><strong>sine</strong></span> 
     </span>
     <span class='ocr_line' id='line_1_19' title="bbox 190 1999 1514 2087; baseline -0.002 -21"><span class='ocrx_word' id='word_1_191' title='bbox 190 2001 252 2066; x_wconf 91' lang='lat' dir='ltr'><strong>ulla</strong></span> <span class='ocrx_word' id='word_1_192' title='bbox 275 2022 364 2065; x_wconf 92' lang='lat' dir='ltr'><strong>mora</strong></span> <span class='ocrx_word' id='word_1_193' title='bbox 393 2000 587 2087; x_wconf 81' lang='lat' dir='ltr'><strong>provinciam</strong></span> <span class='ocrx_word' id='word_1_194' title='bbox 610 1999 784 2065; x_wconf 87' lang='lat' dir='ltr'><strong>successori</strong></span> <span class='ocrx_word' id='word_1_195' title='bbox 806 1999 994 2074; x_wconf 88' lang='lat' dir='ltr'><strong>concedere,</strong></span> <span class='ocrx_word' id='word_1_196' title='bbox 1027 2001 1210 2087; x_wconf 89' lang='lat' dir='ltr'><strong>praesertim</strong></span> <span class='ocrx_word' id='word_1_197' title='bbox 1233 2022 1305 2066; x_wconf 92' lang='lat' dir='ltr'><strong>eum</strong></span> <span class='ocrx_word' id='word_1_198' title='bbox 1327 2002 1394 2066; x_wconf 91' lang='lat' dir='ltr'><strong>sine</strong></span> <span class='ocrx_word' id='word_1_199' title='bbox 1414 2000 1514 2086; x_wconf 91' lang='lat' dir='ltr'><strong>suspi-</strong></span> 
     </span>
     <span class='ocr_line' id='line_1_20' title="bbox 190 2092 1512 2180; baseline -0.001 -22"><span class='ocrx_word' id='word_1_200' title='bbox 190 2093 281 2159; x_wconf 88' lang='lat' dir='ltr'><strong>cione</strong></span> <span class='ocrx_word' id='word_1_201' title='bbox 303 2102 374 2158; x_wconf 89' lang='lat' dir='ltr'><strong>tuae</strong></span> <span class='ocrx_word' id='word_1_202' title='bbox 392 2093 566 2179; x_wconf 88' lang='lat' dir='ltr'><strong>cupiditatis</strong></span> <span class='ocrx_word' id='word_1_203' title='bbox 582 2114 645 2158; x_wconf 93' lang='lat' dir='ltr'><strong>non</strong></span> <span class='ocrx_word' id='word_1_204' title='bbox 667 2092 769 2178; x_wconf 91' lang='lat' dir='ltr'><strong>possis</strong></span> <span class='ocrx_word' id='word_1_205' title='bbox 789 2092 871 2157; x_wconf 89' lang='lat' dir='ltr'><strong>illius</strong></span> <span class='ocrx_word' id='word_1_206' title='bbox 894 2093 1093 2180; x_wconf 87' lang='lat' dir='ltr'><strong>cupiditatem</strong></span> <span class='ocrx_word' id='word_1_207' title='bbox 1111 2094 1261 2159; x_wconf 85' lang='lat' dir='ltr'><strong>rebrtare.</strong></span> <span class='ocrx_word' id='word_1_208' title='bbox 1304 2099 1371 2179; x_wconf 83' lang='lat' dir='ltr'><strong>Ego</strong></span> <span class='ocrx_word' id='word_1_209' title='bbox 1391 2103 1512 2159; x_wconf 89' lang='lat' dir='ltr'><strong>utrum·</strong></span> 
     </span>
     <span class='ocr_line' id='line_1_21' title="bbox 153 2186 1515 2274; baseline -0.001 -22"><span class='ocrx_word' id='word_1_210' title='bbox 153 2208 252 2273; x_wconf 67' lang='lat' dir='ltr'><strong>nque</strong></span> <span class='ocrx_word' id='word_1_211' title='bbox 273 2208 378 2251; x_wconf 90' lang='lat' dir='ltr'><strong>meum</strong></span> <span class='ocrx_word' id='word_1_212' title='bbox 398 2196 475 2272; x_wconf 90' lang='lat' dir='ltr'><strong>puto</strong></span> <span class='ocrx_word' id='word_1_213' title='bbox 495 2207 580 2260; x_wconf 91' lang='lat' dir='ltr'><strong>esse,</strong></span> <span class='ocrx_word' id='word_1_214' title='bbox 609 2197 640 2252; x_wconf 87' lang='lat' dir='ltr'><strong>et</strong></span> <span class='ocrx_word' id='word_1_215' title='bbox 663 2186 739 2272; x_wconf 93' lang='lat' dir='ltr'><strong>quid</strong></span> <span class='ocrx_word' id='word_1_216' title='bbox 763 2186 908 2263; x_wconf 90' lang='lat' dir='ltr'><strong>sentiam,</strong></span> <span class='ocrx_word' id='word_1_217' title='bbox 936 2187 1124 2262; x_wconf 86' lang='lat' dir='ltr'><strong>ostendere,</strong></span> <span class='ocrx_word' id='word_1_218' title='bbox 1147 2197 1178 2252; x_wconf 89' lang='lat' dir='ltr'><strong>et</strong></span> <span class='ocrx_word' id='word_1_219' title='bbox 1201 2186 1288 2274; x_wconf 91' lang='lat' dir='ltr'><strong>quod</strong></span> <span class='ocrx_word' id='word_1_220' title='bbox 1309 2186 1439 2260; x_wconf 85' lang='lat' dir='ltr'><strong>leceris,</strong></span> <span class='ocrx_word' id='word_1_221' title='bbox 1461 2187 1515 2252; x_wconf 93' lang='lat' dir='ltr'><strong>de·</strong></span> 
     </span>
     <span class='ocr_line' id='line_1_22' title="bbox 189 2279 1516 2366; baseline 0 -22"><span class='ocrx_word' id='word_1_222' title='bbox 189 2279 328 2345; x_wconf 77' lang='lat' dir='ltr'><strong>tendere.</strong></span> <span class='ocrx_word' id='word_1_223' title='bbox 384 2285 437 2344; x_wconf 76' lang='lat'><strong>26.</strong></span> <span class='ocrx_word' id='word_1_224' title='bbox 472 2280 594 2365; x_wconf 88' lang='lat' dir='ltr'><strong>Scripta</strong></span> <span class='ocrx_word' id='word_1_225' title='bbox 624 2279 686 2343; x_wconf 91' lang='lat' dir='ltr'><strong>iam</strong></span> <span class='ocrx_word' id='word_1_226' title='bbox 720 2280 851 2364; x_wconf 87' lang='lat' dir='ltr'><strong>epistola</strong></span> <span class='ocrx_word' id='word_1_227' title='bbox 881 2280 1047 2365; x_wconf 90' lang='lat' dir='ltr'><strong>superiore</strong></span> <span class='ocrx_word' id='word_1_228' title='bbox 1077 2279 1183 2366; x_wconf 89' lang='lat' dir='ltr'><strong>accepi</strong></span> <span class='ocrx_word' id='word_1_229' title='bbox 1220 2289 1289 2344; x_wconf 89' lang='lat' dir='ltr'><strong>tuas</strong></span> <span class='ocrx_word' id='word_1_230' title='bbox 1328 2279 1447 2345; x_wconf 86' lang='lat' dir='ltr'><strong>litteras</strong></span> <span class='ocrx_word' id='word_1_231' title='bbox 1476 2279 1516 2344; x_wconf 91' lang='lat' dir='ltr'><strong>de</strong></span> 
     </span>
     <span class='ocr_line' id='line_1_23' title="bbox 189 2363 1535 2460; baseline 0 -22"><span class='ocrx_word' id='word_1_232' title='bbox 189 2372 382 2458; x_wconf 87' lang='lat' dir='ltr'><strong>publicanis,</strong></span> <span class='ocrx_word' id='word_1_233' title='bbox 416 2372 530 2458; x_wconf 93' lang='lat' dir='ltr'><strong>quibus</strong></span> <span class='ocrx_word' id='word_1_234' title='bbox 556 2373 744 2458; x_wconf 87' lang='lat' dir='ltr'><strong>aequitatem</strong></span> <span class='ocrx_word' id='word_1_235' title='bbox 773 2382 858 2439; x_wconf 87' lang='lat' dir='ltr'><strong>tuam</strong></span> <span class='ocrx_word' id='word_1_236' title='bbox 885 2395 950 2439; x_wconf 90' lang='lat' dir='ltr'><strong>non</strong></span> <span class='ocrx_word' id='word_1_237' title='bbox 980 2374 1069 2460; x_wconf 84' lang='lat' dir='ltr'><strong>potui</strong></span> <span class='ocrx_word' id='word_1_238' title='bbox 1090 2396 1154 2439; x_wconf 94' lang='lat' dir='ltr'><strong>non</strong></span> <span class='ocrx_word' id='word_1_239' title='bbox 1175 2373 1329 2460; x_wconf 89' lang='lat' dir='ltr'><strong>probare;</strong></span> <span class='ocrx_word' id='word_1_240' title='bbox 1368 2363 1535 2438; x_wconf 70' lang='lat' dir='ltr'><strong>facilitate&#39;</strong></span> 
     </span>
     <span class='ocr_line' id='line_1_24' title="bbox 191 2466 1514 2553; baseline -0.001 -21"><span class='ocrx_word' id='word_1_241' title='bbox 191 2467 317 2552; x_wconf 92' lang='lat' dir='ltr'><strong>quidem</strong></span> <span class='ocrx_word' id='word_1_242' title='bbox 338 2467 450 2533; x_wconf 72' lang='lat' dir='ltr'><strong>sellem</strong></span> <span class='ocrx_word' id='word_1_243' title='bbox 473 2466 622 2552; x_wconf 88' lang='lat' dir='ltr'><strong>consequi</strong></span> <span class='ocrx_word' id='word_1_244' title='bbox 638 2467 809 2551; x_wconf 91' lang='lat' dir='ltr'><strong>potuisses,</strong></span> <span class='ocrx_word' id='word_1_245' title='bbox 834 2488 874 2531; x_wconf 89' lang='lat' dir='ltr'><strong>ne</strong></span> <span class='ocrx_word' id='word_1_246' title='bbox 889 2466 956 2531; x_wconf 88' lang='lat' dir='ltr'><strong>eius</strong></span> <span class='ocrx_word' id='word_1_247' title='bbox 971 2466 1110 2542; x_wconf 88' lang='lat' dir='ltr'><strong>ordinis,</strong></span> <span class='ocrx_word' id='word_1_248' title='bbox 1134 2488 1227 2553; x_wconf 91' lang='lat' dir='ltr'><strong>quem</strong></span> <span class='ocrx_word' id='word_1_249' title='bbox 1243 2487 1368 2552; x_wconf 88' lang='lat' dir='ltr'><strong>semper</strong></span> <span class='ocrx_word' id='word_1_250' title='bbox 1386 2467 1514 2540; x_wconf 85' lang='lat' dir='ltr'><strong>ornasti,</strong></span> 
     </span>
     <span class='ocr_line' id='line_1_25' title="bbox 190 2559 1514 2647; baseline 0 -23"><span class='ocrx_word' id='word_1_251' title='bbox 190 2580 258 2625; x_wconf 92' lang='lat' dir='ltr'><strong>rem</strong></span> <span class='ocrx_word' id='word_1_252' title='bbox 281 2569 335 2624; x_wconf 90' lang='lat' dir='ltr'><strong>aut</strong></span> <span class='ocrx_word' id='word_1_253' title='bbox 356 2559 548 2625; x_wconf 90' lang='lat' dir='ltr'><strong>voluntatem</strong></span> <span class='ocrx_word' id='word_1_254' title='bbox 569 2559 758 2625; x_wconf 81' lang='lat' dir='ltr'><strong>offenderes.</strong></span> <span class='ocrx_word' id='word_1_255' title='bbox 815 2560 969 2647; x_wconf 80' lang='lat' dir='ltr'><strong>Equidem</strong></span> <span class='ocrx_word' id='word_1_256' title='bbox 991 2583 1054 2627; x_wconf 90' lang='lat' dir='ltr'><strong>non</strong></span> <span class='ocrx_word' id='word_1_257' title='bbox 1076 2561 1215 2626; x_wconf 89' lang='lat' dir='ltr'><strong>desinam</strong></span> <span class='ocrx_word' id='word_1_258' title='bbox 1237 2570 1290 2626; x_wconf 89' lang='lat' dir='ltr'><strong>tua</strong></span> <span class='ocrx_word' id='word_1_259' title='bbox 1312 2561 1439 2624; x_wconf 90' lang='lat' dir='ltr'><strong>decreta</strong></span> <span class='ocrx_word' id='word_1_260' title='bbox 1461 2560 1514 2625; x_wconf 90' lang='lat' dir='ltr'><strong>de·</strong></span> 
     </span>
     <span class='ocr_line' id='line_1_26' title="bbox 154 2651 1516 2740; baseline -0.002 -19"><span class='ocrx_word' id='word_1_261' title='bbox 154 2651 340 2728; x_wconf 82' lang='lat' dir='ltr'><strong>sslendere;</strong></span> <span class='ocrx_word' id='word_1_262' title='bbox 364 2652 418 2717; x_wconf 92' lang='lat' dir='ltr'><strong>sed</strong></span> <span class='ocrx_word' id='word_1_263' title='bbox 442 2653 523 2716; x_wconf 90' lang='lat' dir='ltr'><strong>nosti</strong></span> <span class='ocrx_word' id='word_1_264' title='bbox 545 2652 802 2718; x_wconf 89' lang='lat' dir='ltr'><strong>consuetudinem</strong></span> <span class='ocrx_word' id='word_1_265' title='bbox 826 2654 1004 2731; x_wconf 69' lang='lat' dir='ltr'><strong>bominum</strong></span> <span class='ocrx_word' id='word_1_266' title='bbox 1027 2655 1103 2728; x_wconf 91' lang='lat' dir='ltr'><strong>scis,</strong></span> <span class='ocrx_word' id='word_1_267' title='bbox 1126 2675 1219 2740; x_wconf 90' lang='lat' dir='ltr'><strong>quam</strong></span> <span class='ocrx_word' id='word_1_268' title='bbox 1240 2653 1380 2739; x_wconf 87' lang='lat' dir='ltr'><strong>graviter</strong></span> <span class='ocrx_word' id='word_1_269' title='bbox 1401 2652 1516 2718; x_wconf 86' lang='lat' dir='ltr'><strong>inimici</strong></span> 
     </span>
     <span class='ocr_line' id='line_1_27' title="bbox 192 2745 1516 2832; baseline 0.002 -22"><span class='ocrx_word' id='word_1_270' title='bbox 192 2745 253 2831; x_wconf 90' lang='lat' dir='ltr'><strong>ipsi</strong></span> <span class='ocrx_word' id='word_1_271' title='bbox 283 2746 325 2811; x_wconf 92' lang='lat' dir='ltr'><strong>illi</strong></span> <span class='ocrx_word' id='word_1_272' title='bbox 356 2748 395 2823; x_wconf 85' lang='lat' dir='ltr'><strong>Q.</strong></span> <span class='ocrx_word' id='word_1_273' title='bbox 427 2747 596 2812; x_wconf 88' lang='lat' dir='ltr'><strong>Scaevolae</strong></span> <span class='ocrx_word' id='word_1_274' title='bbox 624 2746 750 2811; x_wconf 88' lang='lat' dir='ltr'><strong>luerint.</strong></span> <span class='ocrx_word' id='word_1_275' title='bbox 807 2747 876 2813; x_wconf 86' lang='lat' dir='ltr'><strong>Tibi</strong></span> <span class='ocrx_word' id='word_1_276' title='bbox 905 2757 1008 2812; x_wconf 89' lang='lat' dir='ltr'><strong>tamen</strong></span> <span class='ocrx_word' id='word_1_277' title='bbox 1030 2770 1099 2813; x_wconf 89' lang='lat' dir='ltr'><strong>sum</strong></span> <span class='ocrx_word' id='word_1_278' title='bbox 1121 2757 1246 2822; x_wconf 88' lang='lat' dir='ltr'><strong>auctor,</strong></span> <span class='ocrx_word' id='word_1_279' title='bbox 1279 2757 1332 2821; x_wconf 92' lang='lat' dir='ltr'><strong>ut,</strong></span> <span class='ocrx_word' id='word_1_280' title='bbox 1355 2745 1516 2832; x_wconf 88' lang='lat' dir='ltr'><strong>siquibus</strong></span> 
     </span>
     <span class='ocr_line' id='line_1_28' title="bbox 192 2834 1516 2926; baseline 0 -22"><span class='ocrx_word' id='word_1_281' title='bbox 192 2839 287 2904; x_wconf 90' lang='lat' dir='ltr'><strong>rebus</strong></span> <span class='ocrx_word' id='word_1_282' title='bbox 310 2841 427 2926; x_wconf 90' lang='lat' dir='ltr'><strong>possis,</strong></span> <span class='ocrx_word' id='word_1_283' title='bbox 449 2861 521 2905; x_wconf 89' lang='lat' dir='ltr'><strong>eum</strong></span> <span class='ocrx_word' id='word_1_284' title='bbox 544 2839 599 2905; x_wconf 91' lang='lat' dir='ltr'><strong>tibi</strong></span> <span class='ocrx_word' id='word_1_285' title='bbox 621 2839 764 2905; x_wconf 91' lang='lat' dir='ltr'><strong>ordinem</strong></span> <span class='ocrx_word' id='word_1_286' title='bbox 787 2851 841 2905; x_wconf 94' lang='lat' dir='ltr'><strong>ant</strong></span> <span class='ocrx_word' id='word_1_287' title='bbox 861 2841 1045 2906; x_wconf 88' lang='lat' dir='ltr'><strong>reconcilies</strong></span> <span class='ocrx_word' id='word_1_288' title='bbox 1067 2850 1122 2907; x_wconf 93' lang='lat' dir='ltr'><strong>aut</strong></span> <span class='ocrx_word' id='word_1_289' title='bbox 1142 2841 1276 2926; x_wconf 86' lang='lat' dir='ltr'><strong>mitiges.</strong></span> <span class='ocrx_word' id='word_1_290' title='bbox 1320 2834 1355 2906; x_wconf 87' lang='lat' dir='ltr'><strong>ld</strong></span> <span class='ocrx_word' id='word_1_291' title='bbox 1377 2840 1437 2905; x_wconf 88' lang='lat' dir='ltr'><strong>etsi</strong></span> <span class='ocrx_word' id='word_1_292' title='bbox 1457 2839 1516 2904; x_wconf 87' lang='lat' dir='ltr'><strong>dil·</strong></span> 
     </span>
     <span class='ocr_line' id='line_1_29' title="bbox 193 2931 1135 3020; baseline 0.001 -23"><span class='ocrx_word' id='word_1_293' title='bbox 193 2931 275 2998; x_wconf 86' lang='lat' dir='ltr'><strong>lieile</strong></span> <span class='ocrx_word' id='word_1_294' title='bbox 296 2942 359 3008; x_wconf 90' lang='lat' dir='ltr'><strong>est,</strong></span> <span class='ocrx_word' id='word_1_295' title='bbox 382 2942 486 2999; x_wconf 85' lang='lat' dir='ltr'><strong>tamen</strong></span> <span class='ocrx_word' id='word_1_296' title='bbox 508 2933 584 2999; x_wconf 92' lang='lat' dir='ltr'><strong>mibi</strong></span> <span class='ocrx_word' id='word_1_297' title='bbox 606 2934 730 3000; x_wconf 85' lang='lat' dir='ltr'><strong>videtur</strong></span> <span class='ocrx_word' id='word_1_298' title='bbox 752 2955 821 2999; x_wconf 86' lang='lat' dir='ltr'><strong>esse</strong></span> <span class='ocrx_word' id='word_1_299' title='bbox 841 2933 1028 3020; x_wconf 88' lang='lat' dir='ltr'><strong>prudentiae</strong></span> <span class='ocrx_word' id='word_1_300' title='bbox 1053 2944 1135 3000; x_wconf 89' lang='lat' dir='ltr'><strong>tuae.</strong></span> 
     </span>
    </p>
   </div>
   <div class='ocr_carea' id='block_1_3' title="bbox 154 3055 1311 3254">
    <p class='ocr_par' dir='ltr' id='par_1_3' title="bbox 154 3055 1311 3254">
     <span class='ocr_line' id='line_1_30' title="bbox 675 3055 1030 3156; baseline 0.006 -18"><span class='ocrx_word' id='word_1_301' title='bbox 675 3055 1030 3156; x_wconf 57' lang='lat' dir='ltr'><strong>smucmp</strong></span> 
     </span>
     <span class='ocr_line' id='line_1_31' title="bbox 154 3187 1311 3254; baseline 0.005 -7"><span class='ocrx_word' id='word_1_302' title='bbox 154 3205 183 3247; x_wconf 69' lang='grc' dir='ltr'><strong><em>ω</em></strong></span> <span class='ocrx_word' id='word_1_303' title='bbox 394 3191 435 3250; x_wconf 83' lang='lat' dir='ltr'><strong>u.</strong></span> <span class='ocrx_word' id='word_1_304' title='bbox 458 3187 601 3251; x_wconf 81' lang='lat' dir='ltr'><strong>cronno</strong></span> <span class='ocrx_word' id='word_1_305' title='bbox 624 3189 655 3251; x_wconf 89' lang='lat' dir='ltr'><strong>s.</strong></span> <span class='ocrx_word' id='word_1_306' title='bbox 678 3190 715 3250; x_wconf 91' lang='lat' dir='ltr'><strong>n.</strong></span> <span class='ocrx_word' id='word_1_307' title='bbox 736 3190 772 3252; x_wconf 82' lang='lat'><strong>1..</strong></span> <span class='ocrx_word' id='word_1_308' title='bbox 794 3188 968 3254; x_wconf 71' lang='lat' dir='ltr'><strong>venemo</strong></span> <span class='ocrx_word' id='word_1_309' title='bbox 991 3189 1311 3254; x_wconf 83' lang='lat' dir='ltr'><strong>mmsconsnnro.</strong></span> 
     </span>
    </p>
   </div>
   <div class='ocr_carea' id='block_1_4' title="bbox 156 3305 1517 4232">
    <p class='ocr_par' dir='ltr' id='par_1_4' title="bbox 156 3305 1517 4232">
     <span class='ocr_line' id='line_1_32' title="bbox 193 3305 1514 3394; baseline 0.002 -23"><span class='ocrx_word' id='word_1_310' title='bbox 193 3354 201 3371; x_wconf 93' lang='lat'><strong>.</strong></span> <span class='ocrx_word' id='word_1_311' title='bbox 225 3354 232 3371; x_wconf 95' lang='lat'><strong>.</strong></span> <span class='ocrx_word' id='word_1_312' title='bbox 256 3354 264 3371; x_wconf 94' lang='lat'><strong>.</strong></span> <span class='ocrx_word' id='word_1_313' title='bbox 286 3326 345 3371; x_wconf 88' lang='lat' dir='ltr'><strong>cur</strong></span> <span class='ocrx_word' id='word_1_314' title='bbox 365 3306 448 3370; x_wconf 90' lang='lat' dir='ltr'><strong>enim</strong></span> <span class='ocrx_word' id='word_1_315' title='bbox 469 3305 524 3371; x_wconf 90' lang='lat' dir='ltr'><strong>tibi</strong></span> <span class='ocrx_word' id='word_1_316' title='bbox 546 3305 608 3371; x_wconf 92' lang='lat' dir='ltr'><strong>boc</strong></span> <span class='ocrx_word' id='word_1_317' title='bbox 628 3328 692 3372; x_wconf 90' lang='lat' dir='ltr'><strong>non</strong></span> <span class='ocrx_word' id='word_1_318' title='bbox 713 3306 886 3392; x_wconf 87' lang='lat' dir='ltr'><strong>gratificer,</strong></span> <span class='ocrx_word' id='word_1_319' title='bbox 916 3308 1040 3385; x_wconf 88' lang='lat' dir='ltr'><strong>neseio;</strong></span> <span class='ocrx_word' id='word_1_320' title='bbox 1068 3308 1253 3394; x_wconf 83' lang='lat' dir='ltr'><strong>praesertim</strong></span> <span class='ocrx_word' id='word_1_321' title='bbox 1275 3329 1346 3373; x_wconf 89' lang='lat' dir='ltr'><strong>eum</strong></span> <span class='ocrx_word' id='word_1_322' title='bbox 1369 3308 1417 3374; x_wconf 93' lang='lat' dir='ltr'><strong>bis</strong></span> <span class='ocrx_word' id='word_1_323' title='bbox 1438 3318 1514 3375; x_wconf 91' lang='lat' dir='ltr'><strong>tem·</strong></span> 
     </span>
     <span class='ocr_line' id='line_1_33' title="bbox 191 3398 1516 3487; baseline 0.002 -23"><span class='ocrx_word' id='word_1_324' title='bbox 191 3398 324 3485; x_wconf 87' lang='lat' dir='ltr'><strong>poribus</strong></span> <span class='ocrx_word' id='word_1_325' title='bbox 344 3400 472 3465; x_wconf 88' lang='lat' dir='ltr'><strong>audacia</strong></span> <span class='ocrx_word' id='word_1_326' title='bbox 494 3421 554 3486; x_wconf 91' lang='lat' dir='ltr'><strong>pro</strong></span> <span class='ocrx_word' id='word_1_327' title='bbox 576 3400 727 3486; x_wconf 87' lang='lat' dir='ltr'><strong>sapientia</strong></span> <span class='ocrx_word' id='word_1_328' title='bbox 748 3401 840 3466; x_wconf 91' lang='lat' dir='ltr'><strong>liceat</strong></span> <span class='ocrx_word' id='word_1_329' title='bbox 861 3402 917 3466; x_wconf 86' lang='lat' dir='ltr'><strong>uti.</strong></span> <span class='ocrx_word' id='word_1_330' title='bbox 960 3402 1092 3468; x_wconf 88' lang='lat' dir='ltr'><strong>Lentulo</strong></span> <span class='ocrx_word' id='word_1_331' title='bbox 1114 3413 1223 3467; x_wconf 90' lang='lat' dir='ltr'><strong>nostro</strong></span> <span class='ocrx_word' id='word_1_332' title='bbox 1245 3402 1295 3487; x_wconf 88' lang='lat' dir='ltr'><strong>egi</strong></span> <span class='ocrx_word' id='word_1_333' title='bbox 1317 3422 1375 3487; x_wconf 94' lang='lat' dir='ltr'><strong>per</strong></span> <span class='ocrx_word' id='word_1_334' title='bbox 1396 3401 1516 3467; x_wconf 85' lang='lat' dir='ltr'><strong>litteras</strong></span> 
     </span>
     <span class='ocr_line' id='line_1_34' title="bbox 192 3492 1517 3578; baseline 0.002 -21"><span class='ocrx_word' id='word_1_335' title='bbox 192 3500 247 3557; x_wconf 93' lang='lat' dir='ltr'><strong>tuo</strong></span> <span class='ocrx_word' id='word_1_336' title='bbox 269 3492 395 3557; x_wconf 90' lang='lat' dir='ltr'><strong>nomine</strong></span> <span class='ocrx_word' id='word_1_337' title='bbox 416 3494 531 3578; x_wconf 84' lang='lat' dir='ltr'><strong>gratias</strong></span> <span class='ocrx_word' id='word_1_338' title='bbox 553 3493 728 3578; x_wconf 82' lang='lat' dir='ltr'><strong>diligenter.</strong></span> <span class='ocrx_word' id='word_1_339' title='bbox 783 3493 845 3560; x_wconf 87' lang='lat' dir='ltr'><strong>Sed</strong></span> <span class='ocrx_word' id='word_1_340' title='bbox 867 3504 901 3560; x_wconf 93' lang='lat' dir='ltr'><strong>tu</strong></span> <span class='ocrx_word' id='word_1_341' title='bbox 922 3495 1016 3560; x_wconf 87' lang='lat' dir='ltr'><strong>velim</strong></span> <span class='ocrx_word' id='word_1_342' title='bbox 1038 3494 1162 3560; x_wconf 91' lang='lat' dir='ltr'><strong>desinas</strong></span> <span class='ocrx_word' id='word_1_343' title='bbox 1184 3495 1246 3560; x_wconf 88' lang='lat' dir='ltr'><strong>iam</strong></span> <span class='ocrx_word' id='word_1_344' title='bbox 1267 3495 1384 3561; x_wconf 90' lang='lat' dir='ltr'><strong>nostris</strong></span> <span class='ocrx_word' id='word_1_345' title='bbox 1405 3495 1517 3560; x_wconf 89' lang='lat' dir='ltr'><strong>litteris</strong></span> 
     </span>
     <span class='ocr_line' id='line_1_35' title="bbox 193 3586 1516 3676; baseline 0.002 -24"><span class='ocrx_word' id='word_1_346' title='bbox 193 3586 238 3652; x_wconf 91' lang='lat' dir='ltr'><strong>uti</strong></span> <span class='ocrx_word' id='word_1_347' title='bbox 261 3595 292 3651; x_wconf 91' lang='lat' dir='ltr'><strong>et</strong></span> <span class='ocrx_word' id='word_1_348' title='bbox 320 3608 379 3652; x_wconf 91' lang='lat' dir='ltr'><strong>nos</strong></span> <span class='ocrx_word' id='word_1_349' title='bbox 411 3587 578 3674; x_wconf 92' lang='lat' dir='ltr'><strong>aliquando</strong></span> <span class='ocrx_word' id='word_1_350' title='bbox 599 3587 718 3653; x_wconf 78' lang='lat' dir='ltr'><strong>revisas</strong></span> <span class='ocrx_word' id='word_1_351' title='bbox 740 3597 772 3654; x_wconf 93' lang='lat' dir='ltr'><strong>et</strong></span> <span class='ocrx_word' id='word_1_352' title='bbox 792 3587 838 3653; x_wconf 92' lang='lat' dir='ltr'><strong>ibi</strong></span> <span class='ocrx_word' id='word_1_353' title='bbox 858 3589 947 3653; x_wconf 86' lang='lat' dir='ltr'><strong>nralis</strong></span> <span class='ocrx_word' id='word_1_354' title='bbox 976 3610 1061 3663; x_wconf 91' lang='lat' dir='ltr'><strong>esse,</strong></span> <span class='ocrx_word' id='word_1_355' title='bbox 1095 3588 1150 3654; x_wconf 94' lang='lat' dir='ltr'><strong>ubi</strong></span> <span class='ocrx_word' id='word_1_356' title='bbox 1172 3589 1279 3676; x_wconf 86' lang='lat' dir='ltr'><strong>aliquo</strong></span> <span class='ocrx_word' id='word_1_357' title='bbox 1300 3609 1435 3654; x_wconf 90' lang='lat' dir='ltr'><strong>numero</strong></span> <span class='ocrx_word' id='word_1_358' title='bbox 1456 3589 1516 3664; x_wconf 92' lang='lat' dir='ltr'><strong>sis,</strong></span> 
     </span>
     <span class='ocr_line' id='line_1_36' title="bbox 156 3680 1516 3767; baseline 0.003 -25"><span class='ocrx_word' id='word_1_359' title='bbox 156 3701 287 3766; x_wconf 78' lang='lat' dir='ltr'><strong>uquam</strong></span> <span class='ocrx_word' id='word_1_360' title='bbox 308 3680 393 3755; x_wconf 87' lang='lat' dir='ltr'><strong>istic,</strong></span> <span class='ocrx_word' id='word_1_361' title='bbox 427 3680 482 3745; x_wconf 88' lang='lat' dir='ltr'><strong>ubi</strong></span> <span class='ocrx_word' id='word_1_362' title='bbox 503 3682 589 3747; x_wconf 91' lang='lat' dir='ltr'><strong>solus</strong></span> <span class='ocrx_word' id='word_1_363' title='bbox 611 3701 721 3767; x_wconf 88' lang='lat' dir='ltr'><strong>sapere</strong></span> <span class='ocrx_word' id='word_1_364' title='bbox 743 3681 882 3746; x_wconf 89' lang='lat' dir='ltr'><strong>videare.</strong></span> <span class='ocrx_word' id='word_1_365' title='bbox 925 3685 1122 3767; x_wconf 86' lang='lat' dir='ltr'><strong>Quamquam</strong></span> <span class='ocrx_word' id='word_1_366' title='bbox 1144 3682 1199 3767; x_wconf 92' lang='lat' dir='ltr'><strong>qui</strong></span> <span class='ocrx_word' id='word_1_367' title='bbox 1219 3681 1311 3746; x_wconf 90' lang='lat' dir='ltr'><strong>istinc</strong></span> <span class='ocrx_word' id='word_1_368' title='bbox 1331 3702 1415 3747; x_wconf 90' lang='lat' dir='ltr'><strong>nunc</strong></span> <span class='ocrx_word' id='word_1_369' title='bbox 1429 3681 1516 3746; x_wconf 85' lang='lat' dir='ltr'><strong>veni·</strong></span> 
     </span>
     <span class='ocr_line' id='line_1_37' title="bbox 193 3773 1515 3862; baseline 0.001 -24"><span class='ocrx_word' id='word_1_370' title='bbox 193 3783 265 3846; x_wconf 92' lang='lat' dir='ltr'><strong>unt,</strong></span> <span class='ocrx_word' id='word_1_371' title='bbox 297 3774 411 3858; x_wconf 87' lang='lat' dir='ltr'><strong>partim</strong></span> <span class='ocrx_word' id='word_1_372' title='bbox 440 3784 471 3840; x_wconf 91' lang='lat' dir='ltr'><strong>te</strong></span> <span class='ocrx_word' id='word_1_373' title='bbox 499 3773 670 3860; x_wconf 88' lang='lat' dir='ltr'><strong>superbum</strong></span> <span class='ocrx_word' id='word_1_374' title='bbox 698 3795 767 3839; x_wconf 90' lang='lat' dir='ltr'><strong>esse</strong></span> <span class='ocrx_word' id='word_1_375' title='bbox 794 3774 918 3849; x_wconf 90' lang='lat' dir='ltr'><strong>dicunt,</strong></span> <span class='ocrx_word' id='word_1_376' title='bbox 951 3774 1037 3862; x_wconf 93' lang='lat' dir='ltr'><strong>qnod</strong></span> <span class='ocrx_word' id='word_1_377' title='bbox 1064 3776 1140 3840; x_wconf 93' lang='lat' dir='ltr'><strong>nibil</strong></span> <span class='ocrx_word' id='word_1_378' title='bbox 1162 3776 1370 3861; x_wconf 87' lang='lat' dir='ltr'><strong>respondeas;</strong></span> <span class='ocrx_word' id='word_1_379' title='bbox 1402 3774 1515 3861; x_wconf 85' lang='lat' dir='ltr'><strong>partim</strong></span> 
     </span>
     <span class='ocr_line' id='line_1_38' title="bbox 193 3865 1517 3954; baseline 0.002 -24"><span class='ocrx_word' id='word_1_380' title='bbox 193 3867 470 3942; x_wconf 88' lang='lat' dir='ltr'><strong>contumeliosum,</strong></span> <span class='ocrx_word' id='word_1_381' title='bbox 507 3865 593 3953; x_wconf 87' lang='lat' dir='ltr'><strong>quod</strong></span> <span class='ocrx_word' id='word_1_382' title='bbox 620 3867 700 3932; x_wconf 90' lang='lat' dir='ltr'><strong>male</strong></span> <span class='ocrx_word' id='word_1_383' title='bbox 728 3866 929 3952; x_wconf 89' lang='lat' dir='ltr'><strong>respondeas.</strong></span> <span class='ocrx_word' id='word_1_384' title='bbox 981 3867 1044 3932; x_wconf 86' lang='lat' dir='ltr'><strong>Sed</strong></span> <span class='ocrx_word' id='word_1_385' title='bbox 1072 3867 1134 3932; x_wconf 92' lang='lat' dir='ltr'><strong>iam</strong></span> <span class='ocrx_word' id='word_1_386' title='bbox 1162 3868 1256 3954; x_wconf 88' lang='lat' dir='ltr'><strong>cupio</strong></span> <span class='ocrx_word' id='word_1_387' title='bbox 1283 3877 1388 3934; x_wconf 89' lang='lat' dir='ltr'><strong>tecum</strong></span> <span class='ocrx_word' id='word_1_388' title='bbox 1409 3888 1517 3933; x_wconf 87' lang='lat' dir='ltr'><strong>coram</strong></span> 
     </span>
     <span class='ocr_line' id='line_1_39' title="bbox 193 3958 1517 4048; baseline 0.003 -25"><span class='ocrx_word' id='word_1_389' title='bbox 193 3959 303 4024; x_wconf 89' lang='lat' dir='ltr'><strong>iocari.</strong></span> <span class='ocrx_word' id='word_1_390' title='bbox 357 3962 464 4037; x_wconf 86' lang='lat' dir='ltr'><strong>Quare</strong></span> <span class='ocrx_word' id='word_1_391' title='bbox 492 3958 556 4034; x_wconf 86' lang='lat' dir='ltr'><strong>lac,</strong></span> <span class='ocrx_word' id='word_1_392' title='bbox 586 3968 621 4023; x_wconf 91' lang='lat' dir='ltr'><strong>ut</strong></span> <span class='ocrx_word' id='word_1_393' title='bbox 648 3959 905 4046; x_wconf 91' lang='lat' dir='ltr'><strong>quamprimum</strong></span> <span class='ocrx_word' id='word_1_394' title='bbox 933 3961 1039 4026; x_wconf 88' lang='lat' dir='ltr'><strong>venias</strong></span> <span class='ocrx_word' id='word_1_395' title='bbox 1067 3983 1170 4048; x_wconf 90' lang='lat' dir='ltr'><strong>neque</strong></span> <span class='ocrx_word' id='word_1_396' title='bbox 1199 3961 1232 4027; x_wconf 94' lang='lat' dir='ltr'><strong>in</strong></span> <span class='ocrx_word' id='word_1_397' title='bbox 1260 3962 1403 4048; x_wconf 77' lang='lat' dir='ltr'><strong>Apuliam</strong></span> <span class='ocrx_word' id='word_1_398' title='bbox 1432 3970 1517 4026; x_wconf 81' lang='lat' dir='ltr'><strong>tuam</strong></span> 
     </span>
     <span class='ocr_line' id='line_1_40' title="bbox 194 4052 1516 4140; baseline 0.002 -24"><span class='ocrx_word' id='word_1_399' title='bbox 194 4052 340 4128; x_wconf 86' lang='lat' dir='ltr'><strong>accedas,</strong></span> <span class='ocrx_word' id='word_1_400' title='bbox 361 4063 397 4118; x_wconf 93' lang='lat' dir='ltr'><strong>ut</strong></span> <span class='ocrx_word' id='word_1_401' title='bbox 416 4053 573 4140; x_wconf 91' lang='lat' dir='ltr'><strong>possimus</strong></span> <span class='ocrx_word' id='word_1_402' title='bbox 594 4053 714 4118; x_wconf 83' lang='lat' dir='ltr'><strong>salvum</strong></span> <span class='ocrx_word' id='word_1_403' title='bbox 735 4053 858 4119; x_wconf 86' lang='lat' dir='ltr'><strong>venisse</strong></span> <span class='ocrx_word' id='word_1_404' title='bbox 879 4053 1027 4137; x_wconf 87' lang='lat' dir='ltr'><strong>gaudere.</strong></span> <span class='ocrx_word' id='word_1_405' title='bbox 1070 4060 1148 4120; x_wconf 87' lang='lat' dir='ltr'><strong>Nam</strong></span> <span class='ocrx_word' id='word_1_406' title='bbox 1169 4055 1223 4121; x_wconf 90' lang='lat' dir='ltr'><strong>illo</strong></span> <span class='ocrx_word' id='word_1_407' title='bbox 1238 4055 1264 4123; x_wconf 90' lang='lat' dir='ltr'><strong>si</strong></span> <span class='ocrx_word' id='word_1_408' title='bbox 1279 4055 1423 4130; x_wconf 89' lang='lat' dir='ltr'><strong>veneris,</strong></span> <span class='ocrx_word' id='word_1_409' title='bbox 1440 4063 1516 4119; x_wconf 76' lang='lat' dir='ltr'><strong>tam</strong></span> 
     </span>
     <span class='ocr_line' id='line_1_41' title="bbox 157 4145 942 4232; baseline 0.006 -24"><span class='ocrx_word' id='word_1_410' title='bbox 157 4166 290 4232; x_wconf 78' lang='lat' dir='ltr'><strong>mquam</strong></span> <span class='ocrx_word' id='word_1_411' title='bbox 311 4145 415 4212; x_wconf 86' lang='lat' dir='ltr'><strong>Ulixes</strong></span> <span class='ocrx_word' id='word_1_412' title='bbox 436 4166 606 4231; x_wconf 83' lang='lat' dir='ltr'><strong>cognosces</strong></span> <span class='ocrx_word' id='word_1_413' title='bbox 626 4155 753 4212; x_wconf 90' lang='lat' dir='ltr'><strong>tuorum</strong></span> <span class='ocrx_word' id='word_1_414' title='bbox 775 4146 942 4213; x_wconf 89' lang='lat' dir='ltr'><strong>neminem.</strong></span> 
     </span>
    </p>
   </div>
   <div class='ocr_carea' id='block_1_5' title="bbox 1392 4265 1516 4278">
    <p class='ocr_par' dir='ltr' id='par_1_5' title="bbox 1392 4265 1516 4278">
     <span class='ocr_line' id='line_1_42' title="bbox 1392 4265 1516 4278; baseline -0.008 -2"><span class='ocrx_word' id='word_1_415' title='bbox 1392 4265 1516 4278; x_wconf 55' lang='grc' dir='ltr'><strong>μ*-</strong></span> 
     </span>
    </p>
   </div>
   <div class='ocr_carea' id='block_1_6' title="bbox 195 4306 1517 4724">
    <p class='ocr_par' dir='ltr' id='par_1_6' title="bbox 195 4306 1517 4724">
     <span class='ocr_line' id='line_1_43' title="bbox 264 4306 1515 4374; baseline 0.005 -19"><span class='ocrx_word' id='word_1_416' title='bbox 264 4306 291 4355; x_wconf 78' lang='grc'><strong>7.</strong></span> <span class='ocrx_word' id='word_1_417' title='bbox 321 4321 377 4356; x_wconf 73' lang='lat' dir='ltr'><strong>casm</strong></span> <span class='ocrx_word' id='word_1_418' title='bbox 403 4307 501 4371; x_wconf 71' lang='lat' dir='ltr'><strong>collega</strong></span> <span class='ocrx_word' id='word_1_419' title='bbox 526 4309 637 4370; x_wconf 78' lang='lat' dir='ltr'><strong>omli,</strong></span> <span class='ocrx_word' id='word_1_420' title='bbox 665 4311 743 4372; x_wconf 88' lang='lat' dir='ltr'><strong>quasi</strong></span> <span class='ocrx_word' id='word_1_421' title='bbox 767 4322 830 4358; x_wconf 88' lang='lat' dir='ltr'><strong>enm</strong></span> <span class='ocrx_word' id='word_1_422' title='bbox 861 4310 921 4359; x_wconf 89' lang='lat' dir='ltr'><strong>cod.</strong></span> <span class='ocrx_word' id='word_1_423' title='bbox 947 4310 1044 4374; x_wconf 74' lang='lat' dir='ltr'><strong>Lips,</strong></span> <span class='ocrx_word' id='word_1_424' title='bbox 1070 4312 1113 4362; x_wconf 91' lang='lat' dir='ltr'><strong>eul</strong></span> <span class='ocrx_word' id='word_1_425' title='bbox 1141 4317 1232 4363; x_wconf 80' lang='lat' dir='ltr'><strong>tamen</strong></span> <span class='ocrx_word' id='word_1_426' title='bbox 1260 4326 1315 4363; x_wconf 91' lang='lat' dir='ltr'><strong>non</strong></span> <span class='ocrx_word' id='word_1_427' title='bbox 1347 4311 1455 4362; x_wconf 86' lang='lat' dir='ltr'><strong>desunt.</strong></span> <span class='ocrx_word' id='word_1_428' title='bbox 1484 4335 1515 4346; x_wconf 88' lang='lat'><em>-</em></span> 
     </span>
     <span class='ocr_line' id='line_1_44' title="bbox 195 4376 1517 4446; baseline 0.003 -19"><span class='ocrx_word' id='word_1_429' title='bbox 195 4377 316 4441; x_wconf 59' lang='lat' dir='ltr'><strong>aequm</strong></span> <span class='ocrx_word' id='word_1_430' title='bbox 334 4376 394 4427; x_wconf 79' lang='lat' dir='ltr'><strong>BE:</strong></span> <span class='ocrx_word' id='word_1_431' title='bbox 423 4377 551 4442; x_wconf 81' lang='lat' dir='ltr'><strong>tspsmqos</strong></span> <span class='ocrx_word' id='word_1_432' title='bbox 569 4378 606 4429; x_wconf 92' lang='grc' dir='ltr'><strong>Μ.</strong></span> <span class='ocrx_word' id='word_1_433' title='bbox 628 4403 656 4413; x_wconf 92' lang='grc'>-</span> <span class='ocrx_word' id='word_1_434' title='bbox 687 4381 753 4444; x_wconf 75' lang='lat' dir='ltr'><strong>serrt</strong></span> <span class='ocrx_word' id='word_1_435' title='bbox 772 4385 882 4429; x_wconf 88' lang='lat' dir='ltr'><strong>anctore</strong></span> <span class='ocrx_word' id='word_1_436' title='bbox 906 4379 1028 4430; x_wconf 80' lang='lat' dir='ltr'><strong>Ernestio</strong></span> <span class='ocrx_word' id='word_1_437' title='bbox 1046 4395 1101 4432; x_wconf 91' lang='lat' dir='ltr'><strong>om.</strong></span> <span class='ocrx_word' id='word_1_438' title='bbox 1125 4382 1204 4432; x_wconf 83' lang='lat' dir='ltr'><strong>Mart.</strong></span> <span class='ocrx_word' id='word_1_439' title='bbox 1230 4382 1296 4444; x_wconf 79' lang='lat' dir='ltr'><strong>Lag.</strong></span> <span class='ocrx_word' id='word_1_440' title='bbox 1316 4405 1348 4418; x_wconf 93' lang='lat'>-</span> <span class='ocrx_word' id='word_1_441' title='bbox 1385 4383 1429 4432; x_wconf 85' lang='lat' dir='ltr'><strong>ll.</strong></span> <span class='ocrx_word' id='word_1_442' title='bbox 1448 4379 1517 4446; x_wconf 79' lang='lat' dir='ltr'><strong>quod</strong></span> 
     </span>
     <span class='ocr_line' id='line_1_45' title="bbox 196 4446 1517 4514; baseline 0.004 -18"><span class='ocrx_word' id='word_1_443' title='bbox 196 4446 233 4497; x_wconf 95' lang='grc' dir='ltr'><strong>Μ.</strong></span> <span class='ocrx_word' id='word_1_444' title='bbox 255 4473 283 4483; x_wconf 93' lang='grc'><strong>-</strong></span> <span class='ocrx_word' id='word_1_445' title='bbox 324 4447 365 4496; x_wconf 82' lang='grc'><strong>13.</strong></span> <span class='ocrx_word' id='word_1_446' title='bbox 384 4454 481 4508; x_wconf 78' lang='lat' dir='ltr'><strong>putant</strong></span> <span class='ocrx_word' id='word_1_447' title='bbox 500 4448 537 4499; x_wconf 94' lang='grc' dir='ltr'><strong>Μ.</strong></span> <span class='ocrx_word' id='word_1_448' title='bbox 557 4475 590 4484; x_wconf 96' lang='grc'>-</span> <span class='ocrx_word' id='word_1_449' title='bbox 626 4449 670 4498; x_wconf 80' lang='grc'><strong>17.</strong></span> <span class='ocrx_word' id='word_1_450' title='bbox 689 4449 892 4500; x_wconf 79' lang='lat' dir='ltr'><strong>libertotsmll:</strong></span> <span class='ocrx_word' id='word_1_451' title='bbox 913 4450 1095 4501; x_wconf 79' lang='lat' dir='ltr'><strong>liberalitatem</strong></span> <span class='ocrx_word' id='word_1_452' title='bbox 1114 4452 1144 4501; x_wconf 81' lang='lat' dir='ltr'><strong>ll.</strong></span> <span class='ocrx_word' id='word_1_453' title='bbox 1164 4451 1219 4502; x_wconf 76' lang='lat' dir='ltr'><strong>Cir.</strong></span> <span class='ocrx_word' id='word_1_454' title='bbox 1239 4448 1309 4514; x_wconf 69' lang='grc' dir='ltr'><strong>Μ.</strong></span> <span class='ocrx_word' id='word_1_455' title='bbox 1332 4474 1356 4485; x_wconf 91' lang='grc'><strong>-</strong></span> <span class='ocrx_word' id='word_1_456' title='bbox 1396 4450 1444 4500; x_wconf 64' lang='lat'><strong>22.</strong></span> <span class='ocrx_word' id='word_1_457' title='bbox 1461 4450 1517 4514; x_wconf 79' lang='lat' dir='ltr'><strong>qul·</strong></span> 
     </span>
     <span class='ocr_line' id='line_1_46' title="bbox 196 4511 1517 4586; baseline 0.005 -22"><span class='ocrx_word' id='word_1_458' title='bbox 196 4511 252 4577; x_wconf 82' lang='lat' dir='ltr'><strong>bus]</strong></span> <span class='ocrx_word' id='word_1_459' title='bbox 278 4517 308 4564; x_wconf 79' lang='lat' dir='ltr'><strong>to</strong></span> <span class='ocrx_word' id='word_1_460' title='bbox 330 4517 421 4580; x_wconf 81' lang='lat' dir='ltr'><strong>quibus</strong></span> <span class='ocrx_word' id='word_1_461' title='bbox 445 4523 555 4567; x_wconf 86' lang='lat' dir='ltr'><strong>auctore</strong></span> <span class='ocrx_word' id='word_1_462' title='bbox 580 4517 702 4569; x_wconf 80' lang='lat' dir='ltr'><strong>Ernestio</strong></span> <span class='ocrx_word' id='word_1_463' title='bbox 729 4520 885 4571; x_wconf 83' lang='lat' dir='ltr'><strong>Schuetaius</strong></span> <span class='ocrx_word' id='word_1_464' title='bbox 905 4521 932 4570; x_wconf 93' lang='lat' dir='ltr'><strong>ln</strong></span> <span class='ocrx_word' id='word_1_465' title='bbox 950 4521 1014 4571; x_wconf 84' lang='lat' dir='ltr'><strong>edit.</strong></span> <span class='ocrx_word' id='word_1_466' title='bbox 1036 4522 1099 4571; x_wconf 86' lang='lat' dir='ltr'><strong>mal.</strong></span> <span class='ocrx_word' id='word_1_467' title='bbox 1118 4547 1153 4556; x_wconf 90' lang='lat'><em>-</em></span> <span class='ocrx_word' id='word_1_468' title='bbox 1187 4522 1318 4586; x_wconf 76' lang='lat' dir='ltr'><strong>[uettttute</strong></span> <span class='ocrx_word' id='word_1_469' title='bbox 1333 4519 1376 4571; x_wconf 84' lang='lat' dir='ltr'><strong>N:</strong></span> <span class='ocrx_word' id='word_1_470' title='bbox 1393 4519 1517 4584; x_wconf 60' lang='lat' dir='ltr'><strong>{stellata</strong></span> 
     </span>
     <span class='ocr_line' id='line_1_47' title="bbox 196 4584 1514 4653; baseline 0.002 -17"><span class='ocrx_word' id='word_1_471' title='bbox 196 4586 256 4636; x_wconf 81' lang='grc' dir='ltr'><strong>ΜΕ.</strong></span> <span class='ocrx_word' id='word_1_472' title='bbox 278 4610 308 4621; x_wconf 94' lang='grc'>-</span> <span class='ocrx_word' id='word_1_473' title='bbox 345 4586 389 4636; x_wconf 77' lang='lat'><strong>2³.</strong></span> <span class='ocrx_word' id='word_1_474' title='bbox 416 4584 527 4651; x_wconf 78' lang='lat' dir='ltr'><strong>qastdem]</strong></span> <span class='ocrx_word' id='word_1_475' title='bbox 555 4602 572 4637; x_wconf 86' lang='lat' dir='ltr'><strong>o</strong></span> <span class='ocrx_word' id='word_1_476' title='bbox 597 4589 660 4651; x_wconf 83' lang='lat' dir='ltr'><strong>quid</strong></span> <span class='ocrx_word' id='word_1_477' title='bbox 685 4589 721 4640; x_wconf 92' lang='grc' dir='ltr'><strong>Μ.</strong></span> <span class='ocrx_word' id='word_1_478' title='bbox 754 4614 784 4625; x_wconf 92' lang='grc'>-</span> <span class='ocrx_word' id='word_1_479' title='bbox 820 4593 865 4642; x_wconf 84' lang='grc'><strong>30.</strong></span> <span class='ocrx_word' id='word_1_480' title='bbox 884 4590 994 4640; x_wconf 81' lang='lat' dir='ltr'><strong>Lentulo</strong></span> <span class='ocrx_word' id='word_1_481' title='bbox 1015 4591 1119 4641; x_wconf 60' lang='lat' dir='ltr'><strong>Valerio</strong></span> <span class='ocrx_word' id='word_1_482' title='bbox 1135 4590 1173 4643; x_wconf 90' lang='grc' dir='ltr'><strong>Μ.</strong></span> <span class='ocrx_word' id='word_1_483' title='bbox 1195 4618 1224 4628; x_wconf 97' lang='grc'>-</span> <span class='ocrx_word' id='word_1_484' title='bbox 1262 4591 1307 4642; x_wconf 81' lang='grc'><strong>35.</strong></span> <span class='ocrx_word' id='word_1_485' title='bbox 1325 4591 1371 4640; x_wconf 82' lang='lat' dir='ltr'><strong>tstl</strong></span> <span class='ocrx_word' id='word_1_486' title='bbox 1387 4604 1457 4639; x_wconf 72' lang='lat' dir='ltr'><strong>nunc</strong></span> <span class='ocrx_word' id='word_1_487' title='bbox 1474 4601 1514 4653; x_wconf 87' lang='lat' dir='ltr'><strong>pr.</strong></span> 
     </span>
     <span class='ocr_line' id='line_1_48' title="bbox 198 4654 1515 4724; baseline 0.004 -20"><span class='ocrx_word' id='word_1_488' title='bbox 198 4655 238 4712; x_wconf 85' lang='grc' dir='ltr'><strong>Μ,</strong></span> <span class='ocrx_word' id='word_1_489' title='bbox 257 4657 328 4704; x_wconf 76' lang='lat' dir='ltr'><strong>latim</strong></span> <span class='ocrx_word' id='word_1_490' title='bbox 346 4671 414 4705; x_wconf 80' lang='lat' dir='ltr'><strong>nuos</strong></span> <span class='ocrx_word' id='word_1_491' title='bbox 433 4654 482 4706; x_wconf 84' lang='lat' dir='ltr'><strong>Vb.</strong></span> <span class='ocrx_word' id='word_1_492' title='bbox 510 4657 564 4707; x_wconf 83' lang='lat' dir='ltr'><strong>Clr.</strong></span> <span class='ocrx_word' id='word_1_493' title='bbox 584 4656 643 4707; x_wconf 82' lang='lat' dir='ltr'><strong>le.</strong></span> <span class='ocrx_word' id='word_1_494' title='bbox 663 4659 697 4718; x_wconf 80' lang='lat'><strong>7,</strong></span> <span class='ocrx_word' id='word_1_495' title='bbox 719 4659 761 4721; x_wconf 80' lang='lat' dir='ltr'><strong>so,</strong></span> <span class='ocrx_word' id='word_1_496' title='bbox 779 4659 805 4709; x_wconf 83' lang='grc'><strong>3.</strong></span> <span class='ocrx_word' id='word_1_497' title='bbox 851 4661 929 4711; x_wconf 78' lang='lat' dir='ltr'><strong>llsnd</strong></span> <span class='ocrx_word' id='word_1_498' title='bbox 949 4661 1028 4711; x_wconf 84' lang='lat' dir='ltr'><strong>Turs.</strong></span> <span class='ocrx_word' id='word_1_499' title='bbox 1056 4661 1106 4711; x_wconf 92' lang='lat' dir='ltr'><strong>lll.</strong></span> <span class='ocrx_word' id='word_1_500' title='bbox 1134 4675 1160 4724; x_wconf 92' lang='lat' dir='ltr'><strong>p.</strong></span> <span class='ocrx_word' id='word_1_501' title='bbox 1187 4662 1249 4711; x_wconf 63' lang='grc' dir='ltr'><strong>Μ.</strong></span> <span class='ocrx_word' id='word_1_502' title='bbox 1269 4674 1337 4711; x_wconf 77' lang='lat' dir='ltr'><strong>oenc</strong></span> <span class='ocrx_word' id='word_1_503' title='bbox 1355 4673 1411 4711; x_wconf 86' lang='lat' dir='ltr'><strong>om.</strong></span> <span class='ocrx_word' id='word_1_504' title='bbox 1431 4656 1463 4709; x_wconf 75' lang='grc' dir='ltr'><strong>Ε.</strong></span> <span class='ocrx_word' id='word_1_505' title='bbox 1482 4683 1515 4693; x_wconf 94' lang='lat'><strong>·-</strong></span> 
     </span>
    </p>
   </div>
   <div class='ocr_carea' id='block_1_7' title="bbox 196 4726 1517 4859">
    <p class='ocr_par' dir='ltr' id='par_1_7' title="bbox 196 4726 1517 4859">
     <span class='ocr_line' id='line_1_49' title="bbox 196 4726 1517 4796; baseline 0.005 -24"><span class='ocrx_word' id='word_1_506' title='bbox 196 4726 239 4773; x_wconf 78' lang='lat'><strong>³7.</strong></span> <span class='ocrx_word' id='word_1_507' title='bbox 268 4727 423 4787; x_wconf 78' lang='lat' dir='ltr'><strong>respondeas</strong></span> <span class='ocrx_word' id='word_1_508' title='bbox 447 4727 502 4776; x_wconf 88' lang='lat' dir='ltr'><strong>del.</strong></span> <span class='ocrx_word' id='word_1_509' title='bbox 521 4726 600 4778; x_wconf 82' lang='lat' dir='ltr'><strong>Mart.</strong></span> <span class='ocrx_word' id='word_1_510' title='bbox 622 4727 688 4790; x_wconf 83' lang='lat' dir='ltr'><strong>Lag.</strong></span> <span class='ocrx_word' id='word_1_511' title='bbox 710 4755 740 4765; x_wconf 87' lang='lat'>-</span> <span class='ocrx_word' id='word_1_512' title='bbox 759 4729 803 4780; x_wconf 74' lang='lat' dir='ltr'><strong>to.</strong></span> <span class='ocrx_word' id='word_1_513' title='bbox 825 4731 909 4781; x_wconf 69' lang='lat' dir='ltr'><strong>meu</strong></span> <span class='ocrx_word' id='word_1_514' title='bbox 928 4731 973 4782; x_wconf 84' lang='lat' dir='ltr'><strong>ld:</strong></span> <span class='ocrx_word' id='word_1_515' title='bbox 994 4731 1093 4796; x_wconf 73' lang='lat' dir='ltr'><strong>Ulpssss</strong></span> <span class='ocrx_word' id='word_1_516' title='bbox 1110 4731 1142 4782; x_wconf 76' lang='lat' dir='ltr'><strong>E.</strong></span> <span class='ocrx_word' id='word_1_517' title='bbox 1163 4755 1193 4768; x_wconf 92' lang='lat'>-</span> <span class='ocrx_word' id='word_1_518' title='bbox 1212 4732 1312 4783; x_wconf 72' lang='lat' dir='ltr'><strong>illrum</strong></span> <span class='ocrx_word' id='word_1_519' title='bbox 1331 4730 1360 4779; x_wconf 88' lang='lat' dir='ltr'><strong>ni</strong></span> <span class='ocrx_word' id='word_1_520' title='bbox 1378 4728 1517 4793; x_wconf 77' lang='lat' dir='ltr'><strong>scripserit</strong></span> 
     </span>
     <span class='ocr_line' id='line_1_50' title="bbox 197 4795 860 4859; baseline 0.014 -17"><span class='ocrx_word' id='word_1_521' title='bbox 197 4795 321 4844; x_wconf 85' lang='lat' dir='ltr'><strong>Tullius:</strong></span> <span class='ocrx_word' id='word_1_522' title='bbox 353 4809 502 4859; x_wconf 69' lang='lat' dir='ltr'><strong>cognoscere</strong></span> <span class='ocrx_word' id='word_1_523' title='bbox 518 4810 536 4846; x_wconf 84' lang='lat' dir='ltr'><strong>a</strong></span> <span class='ocrx_word' id='word_1_524' title='bbox 555 4803 661 4847; x_wconf 74' lang='lat' dir='ltr'><strong>tasonem</strong></span> <span class='ocrx_word' id='word_1_525' title='bbox 678 4801 787 4850; x_wconf 82' lang='lat' dir='ltr'><strong>nsmtos.</strong></span> <span class='ocrx_word' id='word_1_526' title='bbox 807 4799 860 4852; x_wconf 84' lang='lat' dir='ltr'><strong>0n.</strong></span> 
     </span>
    </p>
   </div>
   <div class='ocr_carea' id='block_1_8' title="bbox 0 0 1638 5400">
    <p class='ocr_par' dir='ltr' id='par_1_8' title="bbox 0 0 1638 5400">
     <span class='ocr_line' id='line_1_51' title="bbox 0 0 1638 5400; baseline 0 0"><span class='ocrx_word' id='word_1_527' title='bbox 0 0 1638 5400; x_wconf 95' lang='lat' dir='ltr'><strong> </strong></span> 
     </span>
    </p>
   </div>
  </div>
 </body>
</html>
