3256 5400
210 208 273 271 294
633 207 907 272 EPISTULARUM
928 210 980 272 nl)
1003 207 1094 272 EAM.

705 365 1032 450 umnam)

209 488 369 553 TULLIUS
398 489 449 552 ET
477 487 619 552 CICERO
649 489 700 549 ET
728 486 766 561 Q.
792 486 830 642 ἓ.
847 487 988 642 ΙΤΙΙῘ)ΟΝΙ
1008 489 1278 554 HUMANISSIMO
1300 492 1351 553 ET
1374 491 1524 557 OPTIMO

295 701 324 762 1.
356 692 450 767 Vide,
482 700 595 778 quauta
623 690 724 756 sitin
754 699 784 756 te
815 690 960 760 suavitas.
1015 695 1100 756 Duas
1132 690 1226 758 horas
1258 693 1373 782 Thyrei
1398 694 1525 764 luimus.

186 804 408 865 exouomenes
430 795 543 882 hospes
565 804 627 859 tam
649 802 679 858 te
700 793 818 878 diligit,
840 815 933 879 quam
955 794 981 859 si
1002 795 1120 860 vixerit
1134 805 1247 861 tecum.
1289 803 1318 863 Is
1340 803 1444 863 omnia
1457 800 1527 885 pol-

208 893 310 958 licitus
331 901 392 967 est,
414 910 495 977 quae
516 888 573 953 tihi
595 896 698 952 essent
718 908 818 972 opus;
839 885 995 952 lecturum
1013 898 1100 975 puto.
1143 890 1219 955 Mihi
1240 890 1394 977 placebat,
1425 894 1452 957 si
1473 894 1524 958 fir·

209 987 292 1052 mior
317 1006 418 1057 esses,
455 992 490 1050 ut
518 992 548 1048 te
576 980 752 1047 Leucadem
780 981 977 1067 deportaret,
1009 991 1044 1047 ut
1073 981 1118 1047 ihi
1144 991 1174 1047 te
1201 985 1291 1069 plane
1313 987 1525 1053 confirmares.

208 1077 354 1151 Videbis,
383 1077 458 1164 quid
492 1077 601 1151 Curio,
634 1074 708 1162 quid
729 1075 864 1162 Lysoni,
901 1074 977 1161 quid
997 1076 1120 1141 medico
1141 1076 1270 1162 placeat.
1311 1080 1463 1145 Volebam
1485 1081 1526 1147 ad

208 1180 239 1236 te
260 1171 432 1238 Marionem
453 1172 632 1242 remittere,
656 1190 766 1254 quem
796 1190 865 1233 eum
887 1168 1069 1234 meliuscule
1091 1167 1148 1233 tibi
1169 1180 1268 1246 esset,
1290 1172 1330 1237 ad
1352 1196 1401 1238 me
1422 1176 1526 1240 mitte-

173 1285 278 1343 rorcs;
314 1265 369 1330 sad
391 1263 524 1349 cogitavi
545 1285 623 1328 unas
644 1263 762 1328 litteras
782 1263 954 1327 Marionem
974 1262 1087 1326 afferre
1112 1283 1220 1347 posse,
1257 1287 1307 1330 me
1329 1278 1431 1332 aulem
1456 1289 1523 1332 cre·

208 1359 281 1424 bras
308 1368 501 1445 exspectare.
558 1361 587 1420 2.
616 1356 737 1420 Poteris
759 1355 855 1440 igitur
876 1366 907 1420 et
927 1357 1038 1430 lacios,
1061 1356 1088 1420 si
1110 1377 1160 1419 me
1182 1356 1301 1442 diligis,
1328 1372 1363 1427 ut
1384 1362 1525 1448 quotidie

207 1454 248 1519 sit
268 1458 395 1519 Acastus
417 1452 576 1537 inportu.
616 1450 706 1515 Multi
728 1459 835 1524 eruut,
858 1448 971 1535 quihus
993 1459 1077 1514 recte
1099 1450 1217 1516 litteras
1240 1452 1314 1517 dare
1335 1454 1446 1539 possis,
1470 1456 1525 1541 qui

207 1545 247 1612 ad
266 1567 316 1610 me
337 1544 470 1611 libenter
490 1543 659 1629 perferant.
701 1542 852 1628 Equidem
880 1546 985 1608 Patras
1008 1552 1133 1608 euntem
1154 1549 1309 1610 nemiuem
1331 1549 1526 1633 praetermit-

208 1650 280 1704 tam.
332 1643 400 1724 Ego
428 1660 553 1704 omnem
582 1658 669 1723 spem
699 1637 744 1702 tui
767 1636 930 1721 diligenter
958 1636 1087 1701 curandi
1109 1637 1141 1701 in
1163 1639 1258 1705 Curio
1275 1639 1386 1705 habeo.
1442 1643 1524 1708 Nihil

174 1741 309 1819 sopotest
342 1732 396 1798 illo
422 1730 492 1796 lieri
523 1731 704 1804 humanius,
741 1728 818 1795 nihil
854 1731 953 1796 nostri
980 1731 1143 1798 amantius.
1197 1734 1233 1798 Ei
1256 1742 1286 1798 te
1307 1743 1406 1799 totum
1425 1736 1524 1801 trade.

208 1825 290 1893 Malo
322 1836 352 1891 te
378 1824 483 1912 paullo
513 1833 583 1910 post
612 1824 766 1889 valentem
801 1845 893 1909 quam
922 1825 1024 1890 statim
1054 1824 1243 1892 imbecillum
1271 1827 1389 1893 videro.
1442 1834 1524 1895 Cura

207 1920 303 2005 igilur
327 1919 405 1984 nihil
420 1917 505 1983 aliud
525 1918 585 1983 nisi
606 1926 642 1983 ut
662 1918 782 1992 valeam
814 1927 918 1983 cetera
944 1939 1004 2004 ego
1024 1917 1153 1984 curabo.
1194 1921 1295 1985 Etiam
1317 1933 1409 2009 atque
1431 1923 1524 1988 otiam

208 2013 286 2079 vale.
328 2011 471 2079 Leucade
492 2012 709 2098 proficiscens,
731 2030 793 2076 vu.
814 2010 887 2078 Idus
907 2011 1074 2082 Novomhr.

690 2151 1047 2236 umnam)

170 2304 198 2348 m
345 2278 506 2342 TULLIUS
527 2279 579 2340 ET
600 2275 741 2340 CICERO
764 2276 815 2338 ET
838 2275 876 2351 Q.
899 2275 938 2351 Q.
959 2275 1095 2339 TIRONI
1116 2276 1199 2341 sal..
1219 2279 1329 2346 PLUR.
1349 2281 1388 2343 D.

297 2394 326 2453 1.
348 2388 484 2454 Tertiam
505 2386 545 2452 ad
565 2394 595 2452 te
623 2385 702 2451 hauc
728 2385 889 2472 epistolam
913 2384 1024 2471 scripsi
1046 2385 1158 2452 eodem
1179 2387 1248 2463 die,
1270 2388 1368 2473 magis
1393 2389 1525 2456 instituti

206 2483 270 2548 mei
298 2481 423 2547 tenendi
449 2501 558 2556 causa,
594 2480 667 2565 quia
694 2487 801 2544 nactus
823 2499 907 2543 eram
928 2479 979 2545 eui
997 2479 1122 2559 darem;
1155 2502 1248 2567 quam
1272 2503 1336 2568 quo
1357 2482 1522 2560 haberem,

207 2575 283 2663 quid
311 2575 493 2641 scriberem.
548 2572 646 2658 Igitur
666 2572 733 2638 illa:
756 2580 905 2658 quantum
934 2594 984 2638 mo
1004 2573 1124 2659 diligis,
1155 2584 1273 2640 tautum
1294 2573 1407 2641 adhibe
1435 2578 1467 2642 in
1493 2587 1524 2643 le

207 2670 396 2756 diligentiae.
452 2666 499 2734 Ad
520 2675 573 2732 tua
594 2665 832 2731 innumerabilia
856 2667 888 2733 iu
916 2688 967 2732 mc
990 2668 1091 2733 officia
1120 2669 1199 2734 adde
1224 2668 1303 2743 hoc,
1339 2671 1424 2757 quod
1446 2671 1524 2736 mihi

171 2764 269 2830 merit
288 2761 498 2849 gratissimum
515 2762 664 2830 omnium
719 2764 796 2827 Cum
821 2760 1005 2825 valetudinis
1023 2762 1195 2838 rationem,
1217 2771 1251 2827 ut
1275 2784 1385 2849 spero,
1408 2762 1525 2829 hahue-

208 2858 266 2933 ris,
290 2856 403 2921 habeto
418 2855 510 2920 etiam
524 2854 741 2941 navigationis.
784 2857 814 2919 2.
834 2857 869 2918 ln
887 2854 1006 2919 Italiam
1028 2855 1173 2921 euntibus
1191 2855 1338 2922 omuibus
1354 2857 1394 2921 ad
1409 2879 1459 2922 me
1475 2859 1524 2922 Ilt-

208 2959 291 3016 teras
320 2947 426 3021 dabis,
454 2950 489 3013 u't
518 2968 577 3032 ego
605 2956 730 3013 euntem
748 2952 855 3012 Patras
875 2946 1032 3012 neminem
1053 2950 1277 3034 praetermitto.
1331 2955 1426 3027 Cura,
1449 2972 1525 3016 cura

207 3053 254 3119 te,
276 3044 320 3107 mi
346 3043 437 3108 Tiro:
467 3042 615 3127 quoniam
637 3062 700 3106 uon
721 3041 864 3125 contigit,
885 3050 922 3106 ut
942 3042 1034 3107 simul
1053 3045 1232 3129 navigares,
1254 3043 1330 3110 uihil
1350 3056 1416 3121 est,
1439 3044 1525 3132 quod

208 3135 357 3214 lestines;
390 3133 638 3222 necquidquam
661 3155 772 3210 cures,
794 3135 854 3200 ulsi
875 3144 911 3201 ut
935 3135 1048 3203 valeas.
1090 3139 1191 3203 Etiam
1216 3148 1309 3225 atque
1331 3140 1424 3204 etiam
1443 3139 1524 3205 vale.

171 3249 271 3298 nvn.
293 3227 366 3296 Idus
386 3225 553 3298 Novemhr.
574 3228 678 3303 acuo,
700 3229 836 3315 vesperi.

676 3366 1050 3456 monem)

480 3493 641 3558 TULLIUS
662 3495 713 3556 ET
734 3493 885 3563 CICERO¹
899 3495 930 3557 S.
950 3497 989 3558 D.
1010 3495 1144 3559 TIRONI
1165 3496 1251 3560 SUO.

293 3604 465 3692 Septimum
491 3603 553 3669 iam
574 3603 657 3668 diem
685 3606 839 3690 Corcyrae
862 3603 1061 3684 tenebamur;
1098 3606 1233 3684 Quintus
1253 3616 1357 3672 autem
1383 3616 1526 3694 pateret

173 3698 290 3768 mlilius
311 3697 465 3765 Buthroti.
523 3696 651 3762 Solliciti
680 3716 804 3762 eramus
831 3695 871 3761 do
903 3707 955 3762 tua
982 3698 1158 3763 valetudine
1180 3700 1294 3765 mirum
1316 3700 1349 3765 in
1373 3700 1524 3779 modum;

210 3813 267 3858 nec
287 3789 480 3857 mirabamur
505 3790 583 3855 nihil
607 3810 625 3854 a
653 3797 684 3853 te
701 3789 885 3854 litteram.
940 3790 981 3855 Iis
1005 3791 1087 3855 enim
1110 3798 1210 3858 ventIs
1236 3794 1326 3859 istinc
1345 3795 1523 3878 navigatur,

209 3887 264 3974 qui
286 3887 311 3951 si
333 3897 452 3961 essent,
475 3904 533 3949 nos
556 3888 711 3971 Corcyrae
733 3903 797 3947 nou
818 3881 1008 3948 sederemus.
1052 3888 1134 3950 Cura
1154 3887 1251 3972 igitur
1268 3897 1298 3953 te
1314 3898 1345 3953 et
1364 3887 1524 3963 conlirma,

211 3988 261 4055 et,
297 4001 367 4044 cum
390 3977 552 4044 commode
573 3987 605 4043 el
623 3998 681 4063 per
703 3975 911 4042 valetudinem
934 3985 965 4040 et
985 3997 1042 4062 per
1062 3980 1134 4043 anni
1155 3990 1278 4066 tempus
1302 3981 1448 4064 navigare
1467 4002 1526 4067 po·

211 4074 303 4149 teris,
337 4072 376 4138 ad
398 4086 456 4138 uos
478 4070 701 4138 amantissimos
729 4069 878 4134 tuliani.
921 4073 1017 4135 Nemo
1043 4092 1100 4136 nos
1118 4083 1218 4150 amat,
1250 4076 1304 4161 qui
1326 4084 1356 4140 te
1376 4094 1439 4139 nou
1455 4074 1526 4140 dili-

173 4175 271 4251 eogat.
314 4171 410 4233 Carus
433 4162 577 4230 omnihus
599 4170 855 4249 exspectatusque
876 4162 993 4229 venies.
1037 4168 1132 4242 Cura,
1155 4177 1191 4232 ut
1204 4168 1307 4234 valeas
1324 4169 1416 4235 otiam
1431 4176 1524 4256 atque

211 4259 322 4333 etiam,
344 4259 418 4325 Tiro
440 4265 556 4324 noster.
598 4256 685 4325 Vale.
727 4277 785 4326 rr.
804 4255 934 4322 Kalend.
954 4258 1137 4335 Decemhr.,
1160 4264 1304 4350 Corcyra.

281 4473 308 4526 4.
332 4473 515 4522 decachorda
541 4474 633 4524 thirrei
655 4473 693 4524 111.
723 4495 754 4508 -
790 4472 816 4522 7.
842 4479 872 4521 ut
896 4474 941 4523 ebt
963 4473 1002 4525 Μ.
1038 4475 1110 4526 Fert.
1129 4477 1174 4527 obt
1190 4479 1299 4536 (omisso
1316 4475 1369 4542 ut).
1389 4479 1469 4530 Barr.
1488 4505 1523 4516 —

213 4542 257 4595 1³.
276 4550 488 4606 petrammalam
506 4543 544 4594 M.
575 4565 608 4578 -
645 4543 688 4593 15.
714 4547 739 4592 ta
764 4556 818 4592 om.
843 4542 881 4593 III.
914 4569 945 4581 -
982 4543 1025 4595 17.
1044 4547 1141 4598 athi:
1164 4554 1192 4597 ut
1219 4555 1248 4597 tu
1274 4549 1305 4598 ll.
1329 4574 1356 4584 -
1394 4550 1525 4613 22an

213 4612 362 4664 Schdtzius.
383 4639 412 4650 -
449 4613 494 4663 23.
523 4613 586 4677 quid
611 4611 657 4664 hl:
685 4613 755 4676 quod
772 4613 802 4662 E.
836 4638 865 4648 -
914 4615 959 4665 25.
986 4616 1088 4665 ratione
1113 4617 1150 4667 hl.
1183 4640 1214 4653 -
1249 4618 1293 4668 28.
1325 4620 1449 4682 quostiam
1477 4621 1521 4672 M:

211 4683 317 4748 quondo
335 4683 367 4734 Il.
387 4708 416 4720 ·-
451 4683 496 4735 41.
517 4683 648 4735 Decembr·
666 4683 820 4736 mantino:
840 4682 974 4738 Novembr.
994 4686 1053 4738 ΜΕ.
1075 4685 1129 4738 Cir.
1149 4701 1210 4739 mox
1228 4687 1276 4750 Rp.
1295 4688 1327 4749 9,
1347 4689 1374 4739 1.
