3256 5400
1383 270 1476 324 mil

150 419 286 488 videtur
314 418 414 487 etlam
441 417 669 503 Erturtensis,
705 418 760 506 qul
788 418 917 498 tamem
948 422 1113 503 nmquam
1135 418 1222 486 alter
1242 416 1403 506 Proteus,
1439 421 1475 489 ln

150 525 204 591 his
232 525 341 590 teneri
368 543 437 591 non
464 526 594 608 potest,
628 541 700 589 eum
728 523 790 588 vix
815 523 958 607 septima
985 521 1073 605 llpp.
1099 541 1178 608 pars
1198 524 1233 589 in
1254 540 1295 590 eu
1316 525 1475 608 supersit.

148 628 273 698 Restat
301 628 406 720 igitur
434 645 566 713 semper
594 626 749 715 effugium
777 623 912 711 aliquod
940 626 1100 691 latebram
1130 627 1219 710 eius,
1251 626 1340 712 quod
1367 629 1401 694 in
1432 646 1474 697 eo

147 735 309 818 scriptum
342 749 417 798 esse
450 730 613 817 potuerit,
642 730 853 816 quaesituris
894 728 967 795 Nec
998 746 1083 794 vero
1115 729 1163 795 ita
1190 728 1254 799 hoc
1284 732 1474 819 quisquam,

148 853 292 923 quaeso,
312 835 475 921 accipiat,
501 836 595 920 quasi
616 851 683 924 ego
705 832 818 900 dedita
841 850 945 917 opera
965 834 1023 898 aut
1044 833 1158 899 neseio
1181 851 1248 919 qua
1267 833 1391 902 stolida
1411 855 1475 904 cu.

147 935 291 1025 piditate
320 937 441 1007 ductus
468 939 661 1005 auctoritati
682 934 742 1005 cd.
759 936 972 1003 Erfurtensis
992 939 1026 1000 ln
1048 937 1124 1002 allis
1146 936 1317 1004 Ciceronis
1338 942 1476 1028 scriptis

146 1043 205 1110 vel
226 1043 389 1109 minimum
419 1041 596 1109 detrahere
625 1059 736 1108 coner.
779 1040 1062 1124 circumspectum
1094 1058 1177 1106 sane
1204 1043 1239 1106 et
1268 1045 1476 1111 verissimum

146 1145 301 1214 iudicium
323 1146 366 1213 de
384 1150 570 1215 ceterorum
585 1145 759 1230 librorum,
783 1163 867 1230 quus
881 1144 1131 1228 complectitur,
1152 1142 1260 1209 torma
1274 1162 1315 1212 ac
1329 1146 1476 1215 lectione

146 1251 224 1315 tulit
252 1249 467 1317 Wunderus:
499 1248 589 1316 unde
616 1249 738 1315 seimus
767 1265 841 1314 eum
868 1248 904 1313 in
931 1248 1006 1313 aliis
1035 1248 1189 1333 optimum
1219 1265 1311 1335 esse,
1344 1251 1379 1315 in
1400 1252 1476 1320 allis

146 1355 255 1419 minus
275 1358 518 1440 praestantem3
540 1352 574 1419 id
596 1350 684 1438 quod
706 1352 897 1418 necessario
919 1371 982 1416 usu
1003 1352 1121 1417 venire
1138 1349 1252 1416 debuit
1266 1352 1301 1416 ln
1316 1352 1476 1420 eiusmodi

146 1455 343 1541 (lodicibus,
375 1475 512 1542 quorum
535 1456 654 1523 scribis
678 1452 712 1519 id
735 1455 939 1540 propositum
962 1457 1069 1541 esset,
1102 1458 1140 1520 ut
1161 1445 1318 1537 suiad]
1339 1457 1476 1547 aliquod
1624 1481 1627 1486 ·

146 1559 320 1626 efficerem
344 1558 547 1626 lldllaorum
569 1577 665 1645 quam
688 1559 827 1623 maxime
847 1558 1032 1644 perfectum
1046 1561 1148 1643 atque
1161 1559 1359 1626 absolutum.
1400 1562 1477 1628 Ar·-

144 1662 298 1748 rlpienda
319 1664 422 1752 igitur
443 1667 540 1730 erant
561 1663 780 1748 exemplaria,
802 1678 889 1747 quae
909 1662 1030 1747 ubique
1049 1663 1192 1746 reperlrl
1212 1665 1387 1748 poterant,
1408 1666 1475 1747 lta,

144 1769 184 1832 ut
211 1768 316 1832 eain
346 1785 384 1832 re
412 1766 549 1832 fortuna
577 1766 770 1851 plerumque
802 1763 1046 1849 dominaretur3
1078 1762 1167 1830 unde
1198 1768 1344 1848 pessima
1369 1785 1475 1853 saepe

145 1871 340 1937 consociata
361 1873 441 1936 sunt
458 1873 494 1936 et
507 1868 728 1936 mediocribus
742 1872 777 1934 et
793 1868 890 1933 bonis
904 1870 939 1933 et
954 1868 1103 1954 optimis,
1124 1868 1216 1935 nullo
1230 1876 1326 1936 certo
1340 1869 1475 1940 delectu

145 1975 310 2040 instituto.
352 1970 450 2056 Quod
473 1971 602 2059 quidem
625 1969 823 2052 συναγωγῶν
855 1989 982 2061 genus,
1014 1972 1079 2037 nisi
1107 1974 1216 2038 omnia
1248 1990 1302 2040 me
1332 1973 1474 2060 fallunt,

144 2081 298 2145 exortum
327 2084 379 2143 est
408 2076 522 2163 paullo
549 2079 628 2143 ante
655 2078 826 2142 inventam
848 2074 1128 2166 typographiam,
1160 2092 1234 2143 eum
1255 2077 1475 2162 antiquissimi

145 2182 266 2269 quique
294 2179 378 2248 cdd.
400 2181 536 2270 singula
564 2179 737 2246 dumtaxat
767 2180 910 2267 scripta,
945 2178 1003 2245 vel
1035 2179 1197 2245 simillima
1225 2198 1377 2267 quaeque
1408 2180 1474 2248 duo

144 2287 254 2351 triave
273 2286 514 2371 amplexentur.
556 2282 727 2350 Habemus
748 2288 858 2350 autem
880 2281 1065 2348 huiuamodi
1088 2286 1225 2367 praeter
1239 2283 1474 2352 Eriurtensem

145 2384 369 2456 oxoniensem
390 2389 431 2463 ψ.
453 2384 488 2452 1.
508 2388 541 2464 β.
563 2389 641 2452 anni
666 2385 800 2471 1447,
822 2384 1035 2471 eiusdemque
1057 2386 1219 2452 formulae
1240 2390 1339 2453 eraut
1360 2387 1475 2455 Mem-

143 2492 242 2557 miani
270 2492 317 2556 illi
344 2490 513 2571 Lambini,
549 2489 592 2556 de
619 2490 738 2575 quihus
767 2489 829 2555 Vir
855 2507 1000 2554 summus
1021 2486 1106 2555 haec
1127 2490 1235 2555 refert
1255 2491 1291 2555 in
1312 2491 1473 2559 Lucretio

143 2613 219 2661 suo:
241 2593 408 2661 Lutetiae
426 2591 552 2661 1670.
574 2590 697 2678 Pruef.
719 2612 800 2680 pap.
824 2589 909 2658 16..·
941 2589 1045 2656 «mihi
1064 2627 1085 2644 -
1105 2626 1128 2645 -
1148 2594 1379 2679 iampridem
1401 2600 1475 2663 toea
1511 2676 1513 2683 ¹

142 2702 381 2766 sedulissima
409 2687 470 2779 (ut
490 2698 520 2763 is
541 2697 671 2763 seilicet
692 2695 862 2762 iudicabat
884 2712 927 2760 ex
956 2695 1045 2759 lilius
1074 2696 1198 2761 aetatis
1225 2687 1341 2779 more)
1369 2704 1474 2788 utpote

143 2803 428 2869 mandatorem
450 2805 634 2867 omeliam
652 2793 705 2866 Μ.
727 2798 1000 2882 incoeperam
1021 2798 1241 2885 eaempIurio
1254 2799 1350 2865 altro
1366 2802 1473 2868 deta-

143 2904 226 2972 iota
270 2903 371 2971 'l'ales
392 2922 476 2995 ergo
498 2902 580 2970 cdl.
601 2905 635 2969 in
657 2900 875 2971 Orationibus
896 2903 1028 2991 egregii
1049 2920 1127 2968 esse
1150 2905 1294 2987 possunt
1316 2899 1472 2990 omnique

141 3006 241 3075 laude
262 3006 374 3097 digni,
403 3008 438 3073 in
459 3007 622 3094 Epistolis
645 3007 839 3092 interpolati
861 3009 896 3072 et
919 3005 1088 3073 erroribus
1108 3005 1243 3094 referti,
1265 3008 1304 3073 ut
1326 3010 1380 3074 cst
1403 3007 1475 3074 blr.

141 3112 312 3180 tarterrsls.
354 3111 426 3178 lam
452 3111 755 3197 circumspiciamus
782 3110 921 3177 similem
947 3110 1091 3195 aliquam
1118 3110 1409 3194 interpolationem
1438 3113 1474 3178 ln

141 3215 229 3302 hipp.
249 3214 293 3281 ad
313 3214 520 3282 Familiares
561 3215 633 3283 Nec
660 3232 745 3281 uero
776 3212 833 3279 diu
854 3216 919 3279 erit
941 3211 1143 3299 quaerenda.
1186 3212 1320 3279 Etenim
1342 3214 1473 3282 illustre

141 3318 297 3407 proiectu
327 3322 400 3385 elus
427 3320 477 3384 rei
505 3319 690 3404 exemplum
720 3318 860 3403 praebet
887 3315 966 3383 Mb.
984 3314 1048 3383 XI.
1078 3315 1150 3402 Ep.
1179 3314 1262 3399 13„
1292 3317 1367 3404 ubl,
1398 3335 1473 3384 eum

140 3423 182 3489 ll.
201 3423 329 3489 Brutus
347 3422 556 3507 scripsisset:
578 3420 739 3488 Hirtium
751 3424 884 3508 perisse
898 3420 1113 3503 owseiebom3
1137 3413 1289 3486 Caesam
1303 3439 1374 3487 ιιοιι
1392 3439 1473 3488 cre-

140 3527 281 3615 debam,
303 3527 419 3593 nescio
441 3546 507 3611 quo
528 3523 749 3611 amplificandi
771 3524 887 3590 furore
908 3524 1058 3590 instincti
1079 3524 1228 3608 Hlttorp.
1244 3526 1279 3589 et
1297 3523 1419 3590 ilresd.
1435 3522 1473 3592 8.

140 3632 188 3697 ita
210 3628 390 3696 dederunt:
422 3628 582 3696 Hirtium
602 3633 735 3715 perisse
756 3626 971 3712 nesciebam,
1004 3625 1161 3712 Aquilam
1183 3628 1313 3720 perisse
1334 3630 1473 3695 nescie-

140 3735 232 3822 bam3
256 3729 406 3811 Caesari
425 3751 496 3800 ιιοιι
517 3731 717 3800 credebam:
750 3729 850 3815 idque
872 3731 936 3795 iam
958 3728 1106 3798 Graevlo
1129 3730 1305 3823 probatum
1326 3749 1472 3818 recepe-

139 3840 219 3904 runt
247 3835 409 3920 Weiske,
445 3834 665 3919 Benedictus,
697 3828 900 3902 Schuetaius
925 3834 960 3898 in
987 3832 1051 3898 Ed.
1077 3837 1167 3925 mai,
1203 3833 1471 3902 Luenemannas.

139 3941 211 4008 lam
232 3942 262 4007 si
283 3936 433 4030 Acrillae
453 3940 651 4006 mentionem
673 3938 789 4005 tacere
806 3937 972 4002 voluisset
985 3936 1130 4025 Brutus,
1153 3937 1251 4004 aliter
1264 3955 1348 4031 sane
1363 3940 1470 4006 verba

140 4044 390 4127 constituisset,
412 4061 475 4110 nec
496 4046 563 4108 tam
584 4042 703 4128 puerili
726 4043 760 4107 et
782 4038 906 4129 frigida
928 4042 1130 4125 repetitione
1152 4060 1235 4108 usus
1256 4044 1364 4108 esset:
1390 4041 1469 4129 sed,

139 4151 178 4214 ut
200 4150 335 4233 opinor,
356 4147 488 4213 Hirtius
506 4145 704 4212 sufficiebat.
746 4140 876 4210 Similia
893 4147 1003 4209 autem
1019 4145 1214 4211 emblemata
1228 4163 1469 4230 saepenumero

140 4253 345 4336 attingemus
365 4253 400 4316 in
421 4249 640 4317 adnotatione
665 4248 784 4316 critica
804 4268 838 4313 v.
856 4265 885 4313 e.
902 4248 935 4330 1,
959 4243 1002 4330 7,
1024 4247 1060 4313 8.
1083 4249 1118 4331 l,
1140 4245 1179 4332 9,
1203 4247 1322 4331 11.1‚
1345 4242 1382 4314 9.
1404 4245 1469 4317 23.

141 4359 208 4423 cet.
247 4353 320 4421 Nee
340 4357 448 4420 minus
470 4352 699 4420 memorabiles
720 4350 880 4417 habemus
896 4351 929 4415 ln
945 4352 1083 4436 reliquis
1096 4350 1226 4418 duabus
1244 4363 1469 4440 mayuyat53

140 4459 247 4526 veluti
267 4458 316 4524 ud
339 4456 380 4542 Q.
398 4456 462 4524 Fr.
487 4456 529 4545 1,
552 4455 591 4524 4.
613 4455 649 4522 in
675 4454 740 4521 tine
767 4471 812 4520 ae
840 4459 990 4521 cessaris
1017 4457 1201 4541 scripserat
1226 4456 1355 4524 Cicero.
1396 4452 1469 4525 Sed

141 4563 237 4629 simili
265 4559 406 4628 audacia
435 4578 477 4629 ac
503 4563 622 4627 nostm
650 4560 684 4624 ln
712 4558 789 4624 loco
810 4552 895 4625 cdd.
917 4555 1007 4623 baad
1028 4560 1142 4643 pauci:
1176 4577 1221 4625 ae
1242 4564 1392 4628 cessoris
1412 4577 1469 4626 me

142 4800 431 4944 ω’)υεγιοιῦιοὰἕα
445 4803 528 4862 attio.
551 4803 650 4870 a,1.,
677 4813 773 4871 corpur
789 4799 823 4854 ad
840 4800 914 4854 ram·
930 4800 967 4866 l,
986 4800 1038 4866 li,
1062 4800 1108 4866 4.,
1137 4814 1234 4870 corpor
1250 4800 1336 4854 onata
1352 4801 1467 4858 amal

277 4919 286 4942 ι
332 4917 342 4950 o
