3256 5400
162 245 225 308 2⁷2
593 244 867 308 EPISTOLARUII
889 246 941 308 AI)
963 247 1053 309 I'Altl.

622 404 702 465 ru.
745 404 797 482 (A.
824 405 856 466 u.
878 406 910 467 o.
936 401 1021 487 roo.)

503 528 664 589 TULLIUS
687 528 906 589 TERENTIAE
928 527 1025 588 SUAE
1048 525 1079 587 S.
1101 528 1138 587 1).

246 638 278 702 Si
300 636 399 711 vales,
433 635 512 701 bene
534 644 594 701 est:
631 636 730 702 valeo.
774 636 838 700 Etsi
865 633 1021 700 eiusmodi
1043 643 1184 718 tempora
1207 644 1314 703 nostra
1335 646 1426 710 sunt,
1449 645 1484 701 ut

161 731 235 795 nihil
258 729 402 804 babeam,
437 729 522 816 quod
551 740 604 795 aut
632 752 649 794 a
679 741 708 795 te
730 732 903 796 litterarum
926 737 1104 815 exspectem
1128 738 1181 794 ant
1203 729 1268 815 ipse
1291 730 1329 794 ad
1352 740 1382 794 te
1405 733 1482 796 scri-

137 824 247 897 obam,
284 834 385 888 tarneu
416 825 521 888 nescio
543 824 703 909 quomodo
725 825 843 909 etipse
866 834 984 888 vestras
1006 823 1125 887 litteras
1148 833 1296 908 exspecto
1323 834 1354 887 el
1376 824 1481 889 scribo

159 917 197 981 ad
220 938 295 991 vos,
328 938 399 982 cum
420 916 537 991 habeo,
566 917 619 1004 qui
643 918 731 981 lorat.
776 918 940 982 Volumnia
963 916 1071 980 debuit
1091 917 1124 980 in
1147 925 1176 980 te
1199 917 1369 982 olliciosior
1391 942 1478 990 osse,

158 1032 251 1097 quam
273 1010 347 1084 luit,
369 1022 400 1076 et
421 1010 453 1075 id
474 1011 594 1097 ipsum,
628 1011 712 1096 quod
733 1011 827 1084 lecit,
849 1011 951 1095 potuit
972 1010 1150 1094 diligentius
1172 1009 1275 1074 lacere
1299 1023 1330 1075 et
1350 1014 1481 1077 cautius.

159 1108 354 1191 Quamquam
385 1104 443 1168 alia
476 1114 563 1177 sunt,
597 1126 678 1190 quae
707 1105 805 1188 magis
831 1124 978 1167 curemus
1001 1103 1162 1189 magisque
1185 1103 1365 1183 doleamus;
1401 1127 1482 1193 quae

159 1220 208 1263 me
237 1199 278 1263 ita
306 1197 487 1273 conficiunt,
524 1198 570 1262 uti
592 1200 621 1262 ei
643 1198 826 1271 voluerunt,
863 1198 917 1283 qui
939 1219 990 1261 me
1012 1197 1051 1261 de
1073 1219 1143 1262 mea
1165 1199 1315 1263 sententia
1338 1199 1481 1264 detruse-

125 1311 149 1347 ¹⁰
158 1300 240 1356 runt.
284 1294 380 1366 Cura,
403 1301 437 1357 ut
459 1293 570 1357 valeas.
614 1290 718 1356 Pridie
739 1296 817 1355 Non.
839 1295 961 1355 Ianuar.

608 1435 704 1495 rm.
749 1433 801 1511 (A.
832 1434 863 1495 u.
886 1434 918 1495 o.
941 1435 1031 1512 roc.)

499 1557 660 1618 TULLIUS
683 1556 902 1618 TERENTIAE
925 1556 1022 1618 SUAE
1046 1557 1075 1618 S.
1099 1559 1136 1618 D.

243 1671 274 1731 S.
296 1672 334 1733 V.
356 1671 389 1731 B.
411 1670 446 1731 E.
469 1671 507 1732 V.
551 1666 584 1730 Si
606 1664 681 1750 quid
703 1664 867 1737 haberem,
900 1664 984 1751 quod
1009 1664 1048 1729 ad
1070 1675 1100 1730 te
1122 1665 1313 1737 scriberem,
1344 1663 1480 1730 lacerem

158 1760 191 1825 id
212 1770 243 1825 et
263 1758 405 1846 pluribus
427 1759 532 1825 verbis
554 1769 585 1824 et
606 1759 738 1844 saepius.
797 1763 884 1822 Nunc
905 1778 986 1842 quae
1008 1767 1080 1822 suut
1101 1758 1239 1841 negotia,
1273 1757 1369 1823 vidos.
1413 1764 1481 1844 Ego

126 1862 262 1919 nantem
284 1852 444 1940 quomodo
467 1854 524 1918 sim
547 1852 694 1925 allectus,
732 1873 772 1915 ex
793 1855 889 1937 Lepta
911 1862 942 1916 ct
970 1851 1116 1916 Trebatio
1137 1853 1258 1937 poteris
1279 1873 1478 1937 cognoscere.

158 1952 204 2012 Tu
226 1946 290 2019 lac,
312 1956 347 2012 ut
369 1957 453 2012 tuam
474 1955 506 2011 et
527 1946 645 2011 Tulliae
667 1945 877 2010 valetudinem
899 1965 1002 2010 cures.
1047 1945 1131 2010 Vale.

603 2090 716 2150 xlm.
760 2085 810 2167 (A.
837 2088 869 2149 u.
891 2087 922 2149 c.
946 2086 1036 2165 705.)

219 2212 379 2276 TULLIUS
402 2212 622 2274 TERENTIAE
644 2211 742 2273 SUAE
769 2211 820 2270 ET
841 2210 968 2271 PATER
991 2209 1247 2272 SUAVISSIMAE
1269 2211 1412 2284 TILIAE,

472 2304 614 2367 CICERO
636 2304 759 2366 MATRI
780 2304 831 2364 ET
854 2302 1001 2366 SORORI
1023 2303 1053 2364 S.
1076 2305 1113 2364 D.
1136 2305 1168 2364 P.

120 2439 147 2477 zo
242 2420 271 2480 1.
294 2411 560 2479 Considerandum
581 2411 671 2477 vobis
693 2413 786 2477 etiam
808 2422 901 2497 atque
916 2412 1025 2485 ctiam,
1048 2410 1171 2476 animae
1185 2433 1290 2486 meae,
1314 2413 1479 2499 diligenter

157 2517 248 2594 puto,
286 2507 359 2593 quid
388 2506 523 2583 laciatis3
560 2511 717 2571 Romaene
746 2505 812 2571 sitis
837 2527 876 2568 au
902 2526 1023 2570 mecum
1046 2505 1078 2568 in
1100 2505 1208 2591 aliquo
1231 2516 1297 2571 tuto
1320 2506 1400 2573 loco.
1444 2508 1478 2573 Id

157 2622 220 2666 nou
241 2601 343 2666 solum
360 2621 465 2664 meum
487 2599 651 2664 constiium
673 2609 718 2665 est
735 2599 790 2663 sed
807 2600 899 2663 etiam
922 2609 1074 2663 vestrum.
1105 2598 1181 2664 blihi
1197 2600 1324 2665 veniunt
1338 2601 1370 2664 in
1393 2623 1478 2665 mon·

159 2707 220 2758 tem
242 2693 333 2758 haec:
371 2699 488 2759 Romae
519 2714 576 2758 vos
609 2713 677 2756 esse
707 2701 773 2759 tuto
795 2713 887 2779 posse
919 2713 977 2777 per
998 2690 1210 2768 Dolabellam,
1247 2715 1378 2777 eamque
1410 2716 1476 2759 rem

158 2808 249 2873 posse
270 2786 360 2851 uobis
382 2786 561 2850 adiumento
594 2807 679 2860 esse,
717 2785 743 2850 si
766 2806 846 2871 quae
868 2785 915 2850 vis
938 2797 991 2851 aut
1012 2786 1038 2849 si
1061 2808 1141 2872 quae
1164 2787 1290 2872 rapinae
1314 2788 1381 2852 lieri
1405 2810 1479 2853 coe-

120 2880 269 2964 rsperint.
312 2879 371 2945 Sed
401 2901 510 2945 rursus
540 2879 617 2944 illud
645 2900 694 2943 me
723 2888 850 2953 movet,
887 2877 972 2965 quod
1002 2879 1093 2943 video
1114 2900 1224 2944 omnes
1245 2879 1345 2945 bonos
1367 2879 1477 2945 abesse

157 2978 253 3038 Roma
276 2982 307 3036 et
328 2994 383 3037 eos
404 2973 551 3037 mulieres
573 2995 644 3037 suas
666 2995 772 3040 secum
804 2971 930 3037 habere.
985 2977 1069 3037 Haec
1092 2984 1195 3037 autem
1215 2975 1323 3058 regio,
1360 2975 1477 3061 inqua

156 3085 215 3151 ego
237 3087 321 3140 sum,
351 3076 531 3131 nostrorum
554 3076 600 3130 est
621 3087 691 3132 cnm
714 3066 918 3153 oppidorum,
941 3074 1007 3131 tum
1030 3071 1122 3130 etiam
1145 3066 1367 3151 praediorum;
1390 3075 1424 3132 ut
1446 3076 1477 3131 ct

157 3156 286 3225 mullum
309 3180 377 3223 esse
399 3180 521 3224 mecum
544 3168 589 3233 et,
612 3180 682 3224 cum
701 3160 863 3234 abieritis,
886 3159 1048 3225 commodo
1069 3171 1099 3223 et
1121 3160 1153 3224 in
1175 3160 1289 3224 nostris
1312 3182 1380 3225 esse
1403 3182 1477 3246 pos-

156 3250 232 3316 sitis.
275 3255 305 3315 2.
333 3251 408 3316 Mihi
437 3253 527 3337 plane
550 3275 612 3318 nou
645 3254 719 3318 satis
747 3261 867 3318 constat
896 3252 1012 3326 adhuc,
1050 3261 1154 3317 utrum
1177 3253 1216 3317 sit
1247 3252 1368 3318 melius,
1412 3260 1475 3318 Vos

119 3343 275 3420 navidem,
308 3345 383 3431 quid
406 3346 484 3410 aliae
512 3347 625 3410 iaciant
647 3352 706 3411 isto
728 3347 798 3412 loco
821 3347 973 3419 feminae,
1011 3356 1118 3418 etue,
1151 3367 1221 3410 cum
1247 3346 1363 3412 volitis.
1386 3346 1475 3410 crire

157 3458 219 3502 nou
241 3438 339 3503 liceat.
383 3439 416 3504 ld
436 3441 528 3505 velim
552 3440 715 3524 diligenter
736 3440 827 3503 etiam
850 3451 942 3525 atque
964 3439 1055 3502 eliam
1077 3438 1239 3504 vobiscum
1262 3448 1293 3502 et
1314 3460 1384 3502 cum
1400 3439 1477 3503 ami-

156 3531 199 3596 cis
220 3532 435 3598 consideretis.
494 3541 611 3599 Domus
635 3544 667 3598 ut
688 3533 921 3619 propugnacula
943 3542 973 3596 et
994 3533 1184 3617 praesidium
1207 3530 1339 3604 habeat,
1372 3531 1476 3596 Philo-

156 3623 232 3687 timo
253 3625 371 3689 dicetis.
421 3631 459 3690 Et
480 3627 573 3690 velim
604 3625 781 3690 tabellarios
802 3626 965 3690 instituatis
988 3634 1107 3699 certos,
1136 3636 1170 3690 ut
1192 3625 1332 3708 quotidie
1354 3625 1475 3710 aliquas

156 3737 174 3780 a
195 3716 285 3782 vobis
317 3719 434 3783 litteras
464 3720 622 3804 accipiam.
679 3719 814 3783 Maxime
836 3729 938 3783 autem
961 3718 1031 3783 date
1053 3740 1204 3803 operam,
1226 3728 1260 3783 ut
1282 3718 1425 3791 valcatIs,
1448 3717 1475 3782 si

119 3829 214 3876 :sanos
235 3812 328 3877 vultis
350 3813 464 3878 valere.
507 3832 598 3878 vnn.
620 3812 686 3876 Kal.
711 3812 851 3877 Formiis.

611 3954 693 4014 rin.
737 3953 787 4029 (Α.
814 3953 845 4014 u,
868 3954 900 4015 o.
922 3943 1006 4035 roo.)

496 4075 656 4137 TULLIUS
679 4075 899 4136 TERENTIAE
923 4076 1019 4138 SUAE
1041 4076 1072 4138 S.
1095 4078 1131 4137 D.

239 4189 274 4250 In
304 4184 448 4249 maximis
476 4185 552 4249 meis
582 4182 743 4248 doloribus
772 4183 930 4248 excruciat
957 4206 1007 4248 me
1030 4184 1175 4249 valetudo
1197 4184 1314 4249 Tulliae
1337 4193 1473 4248 nostrae.

154 4280 201 4343 Ile
222 4300 284 4365 qua
305 4276 380 4343 nihil
404 4287 470 4349 est,
507 4277 590 4363 quod
614 4276 651 4340 ad
675 4285 704 4340 te
726 4276 815 4361 plura
843 4275 994 4355 scribam;
1027 4276 1084 4341 tibi
1111 4277 1194 4340 enim
1223 4297 1321 4364 aeque
1343 4296 1473 4360 magnae

119 4391 249 4437 cocnrae
271 4392 340 4435 esse
361 4382 447 4434 certo
470 4371 544 4434 scio.
589 4369 681 4447 Quod
703 4390 753 4432 me
775 4370 905 4454 propius
923 4370 1015 4434 vultis
1038 4370 1203 4442 accedere,
1227 4370 1318 4434 video
1341 4369 1380 4433 ita
1403 4390 1471 4433 csse

225 4597 254 4648 d.
271 4598 333 4660 quid
350 4597 387 4647 Μ.
407 4622 441 4631 -
459 4598 607 4646 litterarum
626 4595 691 4646 mihi
711 4597 856 4647 insiticium
876 4598 981 4647 videtur
998 4603 1024 4647 et
1042 4611 1057 4648 a
1076 4598 1223 4661 glossatore
1237 4602 1335 4646 ortum.
1357 4596 1474 4646 Eun.-

158 4666 344 4717 t.nneclt:
375 4669 443 4716 uret
463 4667 491 4716 E.
523 4691 552 4702 -·
591 4668 632 4716 10.
660 4667 728 4717 Non.
747 4666 774 4716 Μ
785 4682 792 4715 2
823 4667 934 4716 Kalend.
957 4668 986 4717 E.
1022 4693 1050 4704 -
1090 4667 1132 4717 tl.
1151 4675 1211 4715 runt
1230 4667 1275 4716 Ill:
1306 4669 1360 4715 stat
1380 4665 1410 4714 u.
1440 4690 1471 4701 -

158 4735 201 4786 15.
229 4737 339 4800 adpotus
361 4736 397 4786 Μ.
430 4760 460 4773 -
507 4736 549 4785 18.
578 4737 710 4801 filtoebl:
740 4737 810 4801 filine
837 4738 963 4787 Tulliolae
988 4738 1019 4786 Ε.
1054 4761 1084 4772 -
1120 4739 1163 4785 21.
1184 4734 1230 4798 on]
1250 4743 1297 4785 out
1316 4735 1354 4785 Μ.
1392 4735 1471 4785 Cous.

157 4805 235 4855 fland
255 4806 332 4853 Turs.
355 4805 375 4854 1.
396 4821 422 4869 p.
442 4807 504 4856 552.
526 4830 556 4841 -
592 4806 636 4855 21.
654 4809 677 4854 rt
695 4807 823 4869 quoobt:
854 4809 877 4855 rt
894 4823 946 4871 quo
965 4807 995 4855 E.
1024 4829 1057 4840 -
1092 4807 1134 4856 29·
1155 4804 1363 4869 ntrumJnemm
1380 4805 1418 4855 Μ.
1442 4829 1469 4840 -
1586 4803 1591 4816 ’

156 4873 199 4925 32.
218 4876 337 4938 prodirem
354 4874 392 4924 Μ.
413 4899 443 4911 -
480 4876 524 4926 35.
547 4887 619 4924 νιιιι.
640 4875 696 4924 Vb:
718 4890 778 4925 surr.
798 4876 830 4926 E.
850 4875 902 4939 (Ite
921 4878 947 4927 Μ
967 4890 1021 4925 uon
1040 4877 1104 4925 sutis
1123 4873 1249 4940 constat.)
