3256 5400
202 256 267 320 stt
703 251 764 314 ΕΡ.
784 250 837 313 ΔΙ)
859 247 1031 313 ΑΤΤΙΟΠΜ

202 413 360 479 hactenus.
403 413 501 483 Cura,
523 419 559 473 ut
578 407 681 473 valeas
703 416 735 472 et
754 417 789 473 ut
809 407 923 479 sciam,
946 402 1072 491 quando
1092 402 1210 486 cogites
1232 407 1372 467 Romam.
1415 399 1518 466 Etiam

202 516 295 593 atque
316 507 409 570 etiam
432 503 509 568 vale.
560 506 610 567 1⁰.
632 507 697 566 Tua
720 510 852 586 tuosque
874 499 1010 564 Thermo
1031 506 1062 562 et
1082 517 1229 582 praesens
1250 495 1364 581 Ephesi
1386 494 1519 579 diligen-

200 599 320 665 tissime
342 596 593 663 commendaram
616 606 647 660 et
669 616 751 659 nunc
772 615 829 680 per
850 593 984 670 litteras;
1007 593 1172 677 ipsumque
1194 591 1333 655 intellexi
1353 611 1423 654 esse
1445 610 1515 674 per·

200 692 375 758 studiosum
396 691 450 757 tui.
493 696 540 756 Tu
561 682 669 762 relim,
691 688 775 775 quod
793 697 882 753 antea
905 686 943 751 ad
965 695 995 750 te
1016 685 1146 770 scripsi,
1169 683 1208 748 de
1230 684 1324 749 domo
1345 685 1515 756 Pammeni,

178 786 256 852 sdes
277 805 422 872 operam,
444 794 493 858 ut,
516 783 600 870 quod
623 791 677 847 tuo
698 803 832 868 meoque
853 778 1007 845 beneficio
1027 799 1108 863 puer
1133 777 1241 851 habet,
1263 798 1370 851 cures,
1393 799 1433 842 ne
1455 799 1516 863 qua

199 880 323 945 ratione
344 879 546 945 convellatur.
588 876 717 962 Utrique
738 880 878 941 nostrum
900 874 1064 938 honestum
1087 871 1248 949 existimo;
1270 882 1335 937 tum
1358 873 1434 937 mihi
1456 872 1517 937 erit

199 983 390 1060 pergratum.

654 1113 738 1176 XXI.
781 1108 836 1195 (A.
862 1113 893 1174 ll.
916 1106 1058 1194 (3.701.)

677 1243 818 1308 CICERO
840 1245 983 1307 ATTICO
1005 1245 1038 1306 S.

164 1409 191 1449 m
286 1380 313 1441 l.
341 1379 385 1440 Te
406 1375 438 1440 in
460 1374 590 1460 Epirum
612 1372 730 1436 salvum
752 1371 876 1437 venisse
897 1382 946 1448 et,
978 1381 1013 1437 ut
1033 1370 1157 1447 scribis,
1192 1391 1233 1436 ex
1253 1373 1406 1438 sententia
1428 1374 1516 1440 navi·

198 1490 287 1556 gesse
307 1469 509 1535 vehementer
529 1465 666 1551 gaudeo:
692 1485 755 1530 non
778 1487 846 1531 esse
867 1471 985 1531 Romae
1006 1488 1078 1532 meo
1099 1477 1240 1553 tempore
1262 1466 1516 1552 pernescessario

198 1564 385 1630 submoleste
415 1562 500 1637 lero:
535 1561 595 1626 hoc
623 1581 673 1623 me
701 1568 803 1625 umen
831 1562 993 1626 consolor:
1029 1581 1093 1625 non
1122 1581 1216 1646 spero
1238 1569 1267 1624 te
1289 1561 1358 1625 istic
1379 1559 1516 1626 iucunde

199 1658 336 1723 hiemare
357 1667 388 1723 et
409 1656 543 1722 libenter
563 1654 774 1740 requiescere.
817 1659 846 1719 2.
869 1655 1008 1727 Cassius,
1036 1654 1134 1718 frater
1156 1657 1194 1732 Q.
1217 1653 1329 1727 Cassii,
1352 1653 1516 1719 familiaris

198 1752 260 1823 tui,
282 1750 483 1836 pudentiores
505 1749 574 1814 illas
596 1747 714 1812 litteras
743 1747 873 1812 miserat
900 1783 939 1794 -
973 1748 1011 1812 de
1033 1746 1146 1835 quibus
1168 1759 1202 1812 tu
1223 1769 1262 1811 ex
1285 1768 1335 1811 me
1357 1749 1513 1834 requiris,

163 1845 272 1933 mquid
304 1843 364 1907 sibi
392 1843 548 1908 voluerint
579 1877 618 1888 -
649 1861 742 1927 qnam
770 1863 840 1917 eas,
872 1841 952 1927 huss
979 1852 1087 1929 postea
1116 1841 1215 1915 misit,
1249 1839 1362 1926 quibus
1391 1863 1450 1928 per
1481 1863 1517 1907 se

197 1936 305 2005 scribit
333 1935 505 2002 conlectum
538 1956 622 2000 essse
651 1935 825 2000 Parthicum
854 1934 981 2000 bellum.
1033 1940 1236 2000 Recesseraut
1256 1933 1300 1998 illi
1324 1934 1452 2022 quidem
1474 1935 1516 2000 ab

195 2030 358 2098 Antiochia
381 2038 449 2093 ante
472 2028 573 2094 Bibuli
603 2028 786 2102 adventum,
816 2029 870 2094 sed
891 2029 978 2095 nullo
1004 2038 1114 2094 nostro
1141 2028 1368 2112 εὖημερῆματι.
1412 2029 1516 2095 Hodie

196 2146 273 2191 vero
304 2124 442 2189 hiemant
467 2123 498 2187 in
535 2122 729 2210 Cyrrhestica
757 2124 990 2212 maximumque
1023 2123 1140 2189 bellum
1167 2121 1334 2208 impendet.
1384 2127 1462 2187 Nam
1484 2134 1517 2188 et

197 2218 310 2293 Orodi,
333 2216 418 2303 regis
439 2216 644 2290 Parthorum,
668 2215 748 2281 lilius
770 2216 802 2280 in
824 2218 986 2303 provincia
1003 2228 1111 2283 nostra
1128 2226 1189 2295 est;
1214 2237 1271 2280 nec
1285 2215 1405 2281 dubitat
1419 2216 1516 2282 Deio-

159 2324 282 2384 natarus
311 2346 349 2357 -
382 2310 471 2375 cuins
504 2309 568 2375 filio
589 2321 677 2395 pacta
699 2322 747 2376 est
767 2311 944 2376 Artavasdis
967 2312 1044 2387 lilia,
1075 2332 1116 2376 ex
1138 2332 1202 2396 qno
1232 2310 1305 2376 sciri
1327 2318 1431 2395 potest
1452 2346 1513 2383 -,

196 2406 271 2492 quin
293 2424 365 2469 cum
392 2402 537 2469 omnibus
569 2405 668 2490 copiis
696 2404 763 2491 ipse
792 2409 894 2490 prima
916 2413 1031 2469 aestate
1053 2405 1232 2490 Euphraten
1255 2404 1442 2469 transiturus
1464 2402 1514 2469 sit.

197 2500 268 2575 Quo
290 2508 392 2562 autem
421 2496 472 2562 die
503 2497 597 2562 Cassii
626 2498 747 2563 litterae
769 2498 912 2563 victrices
940 2498 973 2563 in
994 2506 1102 2563 senatu
1124 2499 1269 2563 recitatae
1292 2509 1377 2573 sunt,
1400 2497 1433 2562 id
1455 2505 1514 2570 est,

195 2590 291 2655 Nonis
315 2588 519 2662 Octobribus,
553 2589 663 2655 eodem
685 2611 775 2655 meae
790 2592 962 2665 ¹tumultum
984 2592 1170 2658 nuntiantes.
1223 2592 1320 2657 Axius
1341 2604 1450 2656 noster
1470 2589 1514 2654 ait

195 2693 317 2749 nostras
345 2684 535 2749 auctoritatis
562 2684 668 2770 plenas
701 2683 811 2762 luisse:
845 2686 905 2752 illis
927 2695 1020 2770 negat
1042 2685 1206 2752 creditum.
1249 2683 1351 2750 Bibuli
1373 2682 1514 2748 nondum

158 2787 286 2850 eserant
306 2777 429 2854 allatae;
452 2798 528 2862 quas
550 2787 636 2842 certo
658 2777 723 2842 scio
747 2779 853 2864 plenas
874 2778 998 2845 timoris
1028 2779 1106 2845 lore.
1151 2785 1180 2846 3.
1202 2784 1250 2845 Ex
1272 2779 1310 2844 iis
1331 2777 1428 2843 rebus
1453 2777 1513 2841 hoc

195 2890 325 2944 vereor,
354 2891 408 2944 ne,
438 2890 507 2935 cum
535 2871 701 2957 Pompeius
733 2884 863 2958 propter
897 2883 1013 2938 metum
1036 2894 1145 2939 rerum
1175 2895 1328 2939 novarum
1358 2891 1513 2958 nusquam

196 2964 384 3037 dimittatur,
413 2964 537 3029 Caesari
560 2985 577 3028 a
600 2975 709 3031 senatu
731 2966 832 3033 nullus
855 2967 955 3033 honos
978 2967 1144 3043 habeatur,
1168 2968 1240 3034 dum
1263 2967 1312 3031 hic
1333 2965 1435 3032 nodus
1457 2987 1513 3030 ex·

196 3057 337 3145 peditur,
359 3079 422 3123 non
444 3066 532 3142 putet
552 3068 677 3124 senatus
698 3079 771 3131 nos,
794 3070 959 3147 antequam
977 3082 1155 3127 successum
1178 3061 1236 3136 sit,
1259 3071 1406 3146 oportere
1422 3058 1514 3124 dece-

196 3151 272 3216 dere
290 3172 348 3215 nec
368 3151 400 3215 in
423 3159 507 3216 tanto
529 3161 616 3217 motu
638 3173 744 3217 rernm
766 3153 857 3218 tantis
878 3155 1049 3239 provinciis
1071 3155 1209 3240 singulos
1224 3153 1341 3238 legatos
1354 3172 1512 3239 praeesse.

159 3245 268 3318 sollio,
302 3265 342 3308 ne
371 3244 446 3330 quid
474 3244 549 3309 mibi
576 3255 785 3332 prorogetur,
819 3247 902 3332 qnod
931 3270 970 3312 ne
999 3251 1188 3314 intercessor
1209 3247 1334 3334 quidem
1358 3246 1512 3311 sustinere

196 3338 308 3425 possit,
332 3337 463 3410 horreo,
486 3346 577 3423 atque
599 3358 638 3403 eo
660 3338 774 3424 magis,
798 3340 883 3426 quod
898 3349 931 3406 tn
946 3340 1035 3415 abes,
1060 3343 1113 3428 qui
1135 3341 1280 3414 consilio,
1304 3340 1419 3424 gratia,
1448 3348 1513 3403 stu-

197 3431 250 3496 dio
278 3430 383 3496 multis
416 3431 511 3496 rebus
543 3452 736 3522 occurreres.
780 3433 841 3498 Sed
864 3433 949 3499 dices
971 3456 1020 3499 me
1049 3436 1151 3521 ipsum
1173 3433 1248 3499 mihi
1271 3432 1511 3498 sollicitudinem

199 3533 330 3589 struere.
374 3529 493 3609 Cogor,
516 3536 546 3590 et
568 3524 660 3590 velim
682 3526 723 3591 ita
745 3526 794 3592 sit.
838 3528 899 3592 Sed
922 3528 1026 3593 omnia
1041 3539 1158 3594 metuo.
1201 3527 1266 3592 Etsi
1281 3525 1395 3591 bellum
1412 3528 1514 3609 ἀκρο-

198 3619 355 3684 tsladuon
377 3617 470 3683 habet
490 3619 543 3684 illa
565 3628 616 3684 tua
639 3619 786 3705 epistola,
810 3642 902 3706 quam
924 3621 1037 3687 dedisti
1053 3642 1204 3687 nauseans
1225 3619 1391 3685 Buthroto:
1416 3617 1511 3693 „tibi,

161 3720 233 3786 aaut
253 3709 345 3776 video
368 3720 399 3775 et
420 3733 523 3797 spero,
546 3712 628 3777 nulla
643 3712 682 3777 ad
698 3712 910 3779 decedendum
926 3716 986 3780 erit
1000 3720 1117 3779 mora.''
1159 3713 1281 3779 Mallem
1298 3721 1356 3785 „ut
1378 3711 1511 3786 video'';

199 3803 275 3868 nihil
297 3824 377 3890 opus
398 3804 472 3878 luit,
507 3815 569 3880 „ut
590 3811 712 3891 spero?
760 3811 791 3872 l.
812 3813 1000 3893 Acceperam
1029 3818 1133 3872 autem
1154 3807 1227 3871 satis
1249 3805 1392 3870 celeriter
1412 3804 1512 3870 leonii

269 4026 294 4074 1.
314 4026 408 4088 sopitos
425 4026 464 4074 ire
483 4026 591 4074 Romam
612 4025 632 4073 l.
657 4050 686 4062 -
735 4025 761 4076 4.
780 4025 888 4076 Pcmsna'
905 4027 928 4076 lt
948 4032 974 4076 et
992 4040 1062 4076 corr.
1087 4026 1131 4086 Μ,
1163 4026 1286 4074 Permessi
1304 4024 1332 4082 1,
1360 4023 1512 4072 ansntdss

201 4108 242 4156 pr.
261 4095 306 4149 Μ.
326 4095 471 4144 Pammenis
488 4095 635 4144 Manutius.
663 4115 697 4131 ·-
732 4096 759 4146 5.
777 4109 810 4145 sae
827 4091 888 4160 quo]
907 4109 987 4160 mque
1005 4111 1046 4159 pr.
1066 4096 1104 4145 Μ.
1133 4118 1164 4131 -·
1200 4096 1226 4145 5.
1255 4095 1385 4143 avellatur
1407 4092 1453 4142 ltl.
1479 4117 1511 4128 -

201 4164 498 4215 hemerammum.
537 4165 582 4221 (Ut
601 4178 660 4223 nos,
680 4165 720 4214 ΥΖ
739 4172 766 4215 et
785 4164 955 4227 Cratander.)
985 4191 1018 4202 ·-
1054 4167 1194 4221 existimo:
1220 4161 1286 4226 tum]
1305 4164 1513 4213 schismatum

201 4248 241 4297 pr.
262 4235 298 4284 Μ.
331 4257 362 4269 -
399 4234 442 4283 11.
461 4235 597 4294 consolor,
628 4235 697 4298 quod
713 4249 768 4285 oon
783 4248 858 4297 spero
878 4236 903 4294 l,
931 4237 1065 4290 consolor.
1095 4236 1164 4300 quod
1186 4247 1264 4297 spero
1288 4236 1348 4284 Asc.
1368 4235 1457 4282 tertia.
1480 4257 1508 4274 ··

201 4303 535 4368 superaccesserat.
560 4328 585 4339 -
625 4303 667 4354 tt.
686 4307 864 4367 prudentioris
880 4306 955 4357 nint.
977 4329 1008 4342 ·-
1045 4306 1087 4355 15.
1107 4306 1218 4355 voleurit
1237 4305 1258 4353 1.
1278 4324 1310 4360 ·.·
1346 4303 1389 4352 17.
1408 4309 1513 4352 nostro·

200 4388 259 4423 rum
285 4374 305 4422 1.
331 4397 359 4409 -
398 4372 441 4422 18.
469 4374 667 4437 chyrrhestlcum
694 4375 738 4434 Μ,
770 4375 952 4425 Chirrsstlcom
982 4376 1028 4425 ttl.
1055 4399 1084 4412 -
1127 4376 1220 4438 pendet
1245 4374 1267 4423 R
1297 4379 1323 4423 et
1350 4386 1390 4435 pr·
1419 4373 1457 4424 Μ.
1481 4393 1508 4405 ·-

201 4444 243 4493 19.
264 4443 347 4492 Orode
365 4443 410 4501 Μ.
430 4443 526 4492 Orodes
544 4444 583 4502 n,
612 4445 726 4494 Emoda
745 4445 766 4493 1.
804 4445 934 4498 (Correxit
953 4444 1162 4502 Ernestiusd-
1197 4444 1240 4493 2⁰.
1259 4443 1401 4493 Artuoodts
1419 4443 1456 4492 Μ.
1479 4462 1513 4478 ·-·

200 4514 243 4562 at.
262 4515 321 4575 ipsu
340 4514 362 4561 l.
384 4535 414 4546 -
450 4513 492 4562 at.
511 4515 636 4562 mumdum
652 4513 689 4563 Μ.
711 4537 741 4548 -
777 4514 1021 4567 1515311111.-
1058 4516 1101 4565 27.
1121 4530 1138 4564 u
1155 4520 1248 4563 senato
1264 4514 1352 4562 nullus
1369 4514 1450 4562 llooos
1468 4511 1510 4559 tt:

199 4583 383 4631 sallustianos
400 4595 418 4630 a
436 4590 529 4631 seontn
546 4584 612 4632 stc.
634 4608 665 4620 -
701 4583 809 4634 habetur
826 4583 863 4634 Μ.
883 4609 916 4623 -
950 4587 1042 4636 modus
1059 4600 1130 4636 corr.
1150 4584 1186 4634 Μ.
1209 4608 1239 4619 -
1275 4584 1412 4646 expeditur
1430 4581 1513 4628 bam-

201 4653 299 4701 biuns:
331 4653 486 4714 expediatur
504 4653 554 4711 ts,
586 4656 739 4716 sapatum
756 4654 778 4703 n
796 4659 822 4703 et
839 4667 910 4704 corr.
930 4656 978 4717 Μ,
1006 4658 1176 4719 expetuntur
1202 4668 1243 4716 pr.
1267 4653 1303 4703 Μ.
1330 4676 1360 4688 -
1397 4652 1440 4700 ³2.
1461 4649 1512 4700 Sed

198 4724 345 4772 diceneum
364 4723 459 4771 ceteris
478 4723 650 4775 tibrisllltl:
671 4725 744 4776 bicos
763 4723 909 4774 Bruestlus.
931 4751 959 4763 -
997 4726 1039 4776 35.
1058 4728 1166 4775 munus
1184 4738 1225 4786 pr.
1245 4724 1282 4773 M.
1307 4745 1333 4756 -
1371 4721 1510 4771 Buthroto.

198 4793 262 4912 (Cle.
290 4793 343 4912 111.
359 4791 435 4925 iffi.
457 4791 514 4842 Tibi
530 4800 560 4843 ut
577 4795 651 4845 utdoo
667 4794 705 4848 Μ.
735 4814 770 4832 ··
804 4793 921 4847 351ηέ
946 4809 1000 4846 nm.
1023 4796 1098 4848 hllll.
1137 4793 1283 4860 (insertum
1309 4806 1340 4843 es
1366 4791 1432 4842 xlz
1450 4797 1512 4841 eta

210 4863 294 4913 'satan
316 4876 354 4912 ro.
