3256 5400
189 228 253 290 399
686 220 747 284 ΕΡ.
767 223 820 286 ΑΙ)
842 221 1016 286 ATTlCUM

189 388 326 471 tiamquo
358 389 495 446 nostram
524 377 672 445 testificor
693 401 743 444 me
765 378 821 444 tibi
843 377 1038 464 praedixisse
1059 396 1161 463 neque
1183 386 1301 441 temere
1323 379 1507 450 monuisse,

188 481 258 554 sed,
295 486 458 562 postquam
481 478 643 539 Caesarem
671 475 871 538 convenerim
893 470 1139 556 sententiamque
1161 471 1242 545 eius,
1275 473 1376 558 qualis
1398 473 1508 538 sutura

188 582 270 638 esset
291 580 377 656 parta
399 567 550 641 victoria,
572 567 750 652 cognorim,
775 578 805 632 te
828 567 994 632 certiorem
1016 564 1137 630 iecisse.
1195 566 1227 630 si
1249 566 1407 630 existimas
1431 586 1510 629 ean·

188 666 258 733 dem
289 664 441 729 rationem
472 661 543 727 lore
573 661 699 728 Caesari
727 661 759 726 in
789 659 979 725 dimittendis
1000 658 1188 724 adversariis
1215 669 1247 724 et
1268 658 1509 725 condicionibus

164 757 338 833 iterandis,
363 777 461 821 erras.
517 753 598 820 Nihil
625 755 683 820 nisi
714 764 806 819 atrox
834 764 865 818 et
886 775 1014 819 saevum
1036 755 1151 839 cogitat
1173 765 1264 841 atquc
1287 756 1378 820 etiam
1401 753 1510 840 loqui·

187 864 249 921 tur.
292 856 392 916 Iratus
421 848 541 914 senatui
562 849 657 926 &xiim
690 848 740 912 his
760 848 1038 914 intercessionibus
1060 849 1150 935 plane
1171 848 1314 914 incitatus
1336 861 1391 915 est
1435 854 1509 913 Non

187 946 366 1013 mehercule
388 944 447 1009 erit
469 942 681 1032 deprecationi
703 943 801 1011 locus.
845 946 875 1006 2.
899 944 1020 1018 Quare,
1042 943 1068 1008 si
1089 942 1147 1007 tibi
1169 951 1220 1017 tu,
1244 949 1269 1008 si
1287 944 1368 1009 lilius
1382 942 1507 1015 unicus,

188 1042 214 1108 si
236 1040 362 1113 domus,
386 1038 412 1104 si
433 1059 505 1125 spes
526 1047 598 1104 tuae
618 1038 758 1125 reliquae
781 1034 836 1100 tibi
859 1056 949 1101 carae
970 1046 1059 1114 sunt;
1087 1037 1114 1102 si
1136 1038 1252 1124 aliquid
1273 1037 1354 1123 apud
1379 1048 1407 1102 te
1429 1055 1507 1106 nos,

187 1135 215 1201 si
236 1135 285 1200 vir
306 1133 458 1219 optimus,
481 1153 578 1218 gener
597 1143 686 1206 tuus,
708 1131 861 1204 valemus,
884 1151 1018 1217 quorum
1040 1131 1197 1197 fortunam
1220 1153 1282 1197 non
1304 1130 1399 1196 debes
1423 1129 1507 1194 vello

154 1226 402 1300 voconturbare,
430 1235 465 1290 ut
486 1248 555 1291 earn
577 1246 715 1298 causam,
751 1224 784 1289 in
806 1224 895 1288 cuius
916 1225 1046 1289 victoria
1069 1227 1150 1291 salus
1172 1236 1277 1291 nostra
1300 1236 1362 1298 est,
1398 1222 1507 1288 odisse

189 1331 242 1388 aut
273 1322 453 1408 relinquere
481 1341 631 1406 cogamur
656 1328 708 1384 aut
735 1318 862 1404 impiam
892 1318 1091 1404 cupiditatem
1122 1331 1230 1385 contra
1259 1321 1389 1386 salutem
1419 1330 1506 1384 tuam

189 1415 369 1481 habeamus.
425 1415 566 1500 lienique
592 1413 669 1479 illud
698 1413 815 1497 cogita,
852 1412 935 1498 quod
964 1413 1102 1479 offensae
1130 1413 1277 1479 fueritin
1299 1416 1357 1479 ista
1379 1423 1508 1479 cuncta-

189 1509 292 1582 tione,
325 1517 356 1572 te
378 1507 508 1573 subisse.
561 1513 649 1573 Nunc
670 1517 700 1572 te
721 1515 829 1572 contra
851 1506 1002 1570 victorem
1024 1506 1140 1582 lacere,
1167 1530 1260 1594 quem
1283 1507 1385 1574 dubiis
1407 1506 1507 1572 rebus

190 1602 314 1667 laedere
336 1602 479 1677 noluisti,
509 1611 539 1667 et
560 1602 600 1667 ad
621 1623 677 1667 eos
698 1601 820 1685 fugatos
842 1601 1006 1676 accedere,
1037 1624 1115 1689 quos
1136 1603 1315 1668 resistentes
1337 1602 1425 1688 sequi
1447 1621 1507 1665 no·

156 1696 304 1767 raineris,
327 1716 467 1761 summae
487 1696 634 1761 stultitiae
656 1706 712 1760 est.
756 1695 852 1769 Vide,
886 1716 941 1768 ne,
974 1695 1048 1761 dum
1069 1697 1165 1783 pudet
1187 1709 1216 1762 te
1238 1717 1350 1784 parum
1372 1695 1508 1781 optima·

191 1800 252 1855 tem
282 1811 366 1864 esse,
403 1810 513 1875 parum
542 1789 724 1875 diligenter,
761 1788 837 1876 quid
863 1795 1014 1874 optimum
1044 1792 1105 1865 sit,
1139 1791 1244 1877 eligas.
1292 1795 1321 1854 3.
1356 1788 1450 1867 Quod
1478 1788 1506 1853 si

189 1894 289 1949 totum
318 1884 374 1948 tibi
405 1882 596 1970 persuadere
622 1905 685 1948 non
715 1904 858 1971 possum,
894 1885 1022 1960 saltem,
1059 1885 1148 1959 dum,
1186 1885 1259 1972 quid
1285 1885 1324 1949 de
1346 1883 1507 1970 Hispaniis

189 1998 331 2062 agamus,
364 1979 477 2050 scitur,
515 1987 676 2066 exspecta3
714 1999 790 2063 quas
817 1977 872 2042 tibi
900 1979 1009 2043 nuntio
1034 1978 1169 2044 adventu
1192 1979 1331 2045 Caesaris
1353 1977 1422 2043 iore
1447 1998 1507 2043 no·

189 2081 279 2136 stras.
323 2074 424 2148 Quam
446 2072 497 2137 isti
519 2094 606 2158 spem
628 2072 761 2137 habeant
781 2072 902 2137 amissis
923 2072 1093 2159 llispaniis,
1124 2073 1240 2139 nescio.
1291 2072 1382 2150 Quod
1405 2091 1506 2157 porro

152 2178 278 2232 tttnum
310 2166 474 2232 consilium
508 2167 548 2231 sit
574 2167 612 2232 ad
645 2166 826 2252 desperatos
847 2165 1012 2241 accedere,
1049 2187 1112 2231 non
1133 2166 1346 2233 mediusfidius
1367 2165 1505 2252 reperio.

188 2264 219 2325 4.
250 2264 338 2334 lloc,
375 2260 461 2346 quod
488 2271 523 2326 tu
550 2283 613 2327 non
641 2260 773 2326 dicendo
802 2260 878 2325 mihi
904 2260 1102 2346 significasti,
1139 2266 1253 2328 Caesar
1275 2262 1433 2338 audierat;
1470 2281 1507 2326 ac

190 2353 281 2418 simul
309 2361 403 2440 atque
431 2359 518 2420 llave
547 2356 623 2421 mihi
652 2356 746 2430 dixit,
780 2355 903 2430 statim,
939 2353 1015 2440 qnid
1045 2354 1083 2419 de
1105 2366 1135 2420 te
1156 2355 1310 2430 audisset,
1348 2355 1505 2442 exposuit

189 2447 305 2534 Negavi
326 2469 377 2513 me
398 2449 493 2527 scirc;
526 2458 627 2515 tamen
650 2449 689 2516 ab
712 2470 751 2515 eo
772 2449 888 2535 petivi,
911 2458 946 2514 ut
967 2449 1005 2514 ad
1026 2459 1057 2514 ta
1079 2450 1195 2515 litteras
1216 2451 1367 2521 mitteret,
1390 2448 1506 2536 quibus

190 2541 326 2606 maxime
352 2541 392 2608 ad
418 2543 643 2609 remanendum
671 2545 862 2610 commoveri
891 2565 1009 2631 posses.
1065 2550 1115 2610 Me
1137 2565 1243 2609 secum
1272 2543 1304 2608 in
1326 2541 1506 2628 Hispaniam

154 2633 286 2702 esdncit.
336 2637 430 2710 Nam,
462 2636 522 2700 nisi
544 2637 586 2700 ita
609 2636 740 2712 laceret,
775 2658 833 2722 ego
854 2640 959 2727 prius,
995 2638 1148 2725 quemad
1175 2637 1285 2703 urbem
1308 2638 1505 2710 accederem,

190 2727 370 2813 ubicunque
398 2750 500 2803 esses,
530 2729 568 2794 ad
591 2739 621 2794 te
643 2732 908 2816 percucurrissem
930 2743 960 2798 et
981 2734 1042 2798 hoc
1070 2755 1087 2797 a
1109 2743 1139 2796 tc
1160 2753 1308 2820 praesens
1330 2730 1508 2798 contendis·

191 2844 258 2889 sem
285 2832 378 2909 atque
407 2825 492 2888 omni
520 2825 550 2888 vi
582 2835 612 2888 te
633 2825 841 2890 retinuissem.
885 2832 914 2892 5.
936 2829 1035 2892 Etiam
1057 2837 1150 2914 atque
1172 2828 1280 2902 etiarn,
1305 2830 1430 2898 Cicero,
1454 2845 1507 2888 co-

192 2916 270 3003 gita,
293 2938 333 2981 ne
355 2928 385 2982 te
407 2927 539 3003 tuosque
560 2940 668 2983 omnes
690 2917 828 2984 funditus
850 2930 987 2994 evertas,
1011 2942 1049 2984 ne
1072 2932 1101 2985 tc
1122 2922 1223 2986 sciens
1244 2921 1444 3006 prudensque
1466 2939 1506 2983 eo

192 3012 354 3087 demittas,
387 3013 470 3077 unde
498 3013 615 3077 exitum
647 3012 733 3077 vides
754 3013 873 3078 nullum
899 3035 977 3078 esse.
1032 3013 1153 3091 Quodsi
1184 3024 1213 3078 tc
1235 3023 1289 3078 aut
1310 3034 1403 3079 voces
1425 3012 1506 3097 opti·

156 3128 183 3166 so
193 3106 321 3171 matium
349 3116 548 3171 commovent
579 3117 632 3171 aut
659 3106 879 3171 nonnullorum
908 3107 1069 3171 hominum
1097 3107 1291 3172 insolentiam
1315 3116 1346 3171 ct
1367 3106 1506 3171 iactatio·

192 3220 263 3264 nem
285 3198 370 3263 serre
392 3221 454 3265 non
475 3209 581 3285 potes,
605 3199 702 3285 eligas
716 3229 734 3272 ,·
747 3221 874 3272 censeo,
901 3199 1027 3287 aliquod
1049 3200 1198 3286 oppidum
1220 3221 1351 3265 vacuum
1374 3221 1391 3264 a
1412 3199 1505 3271 bello,

193 3292 266 3358 dum
290 3292 365 3359 haec
387 3295 612 3367 decernuntur,
649 3313 728 3379 quae
750 3293 810 3357 iam
834 3302 926 3358 erunt
947 3294 1096 3358 conlecta.
1139 3294 1173 3358 ld
1196 3294 1221 3360 si
1241 3294 1370 3369 feceris,
1394 3304 1425 3357 ct
1446 3312 1506 3376 ego

193 3396 224 3452 te
245 3387 402 3474 sapienter
422 3386 534 3452 secisse
554 3386 699 3453 iudicabo
722 3395 753 3451 et
775 3390 937 3453 Caesarem
960 3408 1022 3451 non
1044 3388 1193 3453 offendes.

667 3557 1040 3636 rmumw

159 3694 187 3734 ³⁵
677 3698 819 3763 cronno
841 3699 985 3789 arrico
1009 3700 1040 3761 s.

281 3836 309 3897 1.
331 3836 381 3896 lle
413 3849 557 3901 caecum,
591 3832 645 3913 qui
674 3825 749 3891 haec
770 3836 840 3891 ante
861 3848 924 3892 non
947 3828 1095 3894 videriml
1132 3830 1200 3896 Misi
1223 3830 1262 3897 ad
1291 3840 1321 3896 te
1343 3807 1507 3917 epistolam

196 3924 332 3990 Antonii.
373 3922 411 3988 Ei
441 3943 511 3987 cum
540 3941 599 4006 ego
626 3920 806 4005 saepissime
832 3921 1025 4006 scripsissem
1052 3923 1128 3988 nihil
1157 3944 1208 3989 me
1236 3935 1343 3990 contra
1367 3925 1508 3992 Caesaris

264 4144 290 4192 2.
310 4141 475 4192 convenirem
493 4153 533 4203 pr.
552 4140 589 4190 Μ.
611 4163 642 4175 -
666 4139 692 4188 3.
712 4141 880 4201 cognoverim
897 4141 971 4189 Fam.
991 4167 1023 4178 -
1042 4141 1069 4191 4.
1089 4140 1157 4204 {orte
1173 4143 1210 4191 Μ.
1232 4166 1263 4178 -
1283 4144 1392 4194 Caesari
1411 4145 1507 4192 Fam:

197 4214 317 4264 Caesaris
325 4211 465 4262 Μ11111.-
483 4211 509 4260 o.
525 4212 579 4258 enit
590 4210 621 4270 R,
635 4210 726 4257 mistis
738 4210 759 4257 1.
776 4232 804 4241 -
823 4211 849 4260 9.
865 4211 937 4258 vaiet
948 4211 1022 4259 Fam.
1036 4236 1065 4248 -
1086 4225 1199 4274 qnorum
1210 4214 1260 4263 MR
1272 4219 1298 4263 et
1308 4215 1381 4262 Fam.
1395 4226 1402 4262 ε
1417 4227 1508 4261 eornm

197 4286 241 4335 111.
261 4307 291 4320 -
308 4277 383 4343 velie]
401 4281 442 4329 oei
460 4295 500 4344 pr.
519 4281 557 4331 Μ.
576 4302 610 4315 -
637 4281 680 4329 10.
700 4280 790 4328 odiose
806 4294 846 4342 pr.
865 4280 903 4330 Μ.
926 4306 959 4316 -
978 4282 1021 4330 12.
1041 4281 1112 4343 qnod
1130 4282 1232 4344 defense
1249 4282 1349 4344 suerint
1366 4284 1412 4341 Μ,
1443 4290 1508 4345 quot

197 4354 293 4418 offense
319 4352 420 4419 tuerint
442 4365 497 4413 mg.
517 4352 562 4409 Μ,
591 4354 656 4411 quot
678 4349 798 4410 defensae
815 4349 923 4410 [nerunt
941 4351 972 4399 ll.
1003 4374 1033 4385 -
1069 4355 1221 4402 comotione
1239 4355 1271 4403 lr.
1290 4378 1325 4389 -
1344 4354 1386 4402 13.
1405 4354 1510 4402 subesse

204 4424 279 4476 Μ111.
298 4448 332 4458 -
367 4423 493 4471 victorem
510 4421 655 4469 Lambinus
668 4426 695 4470 et
707 4420 862 4469 Schuetzius
882 4433 942 4469 cum
962 4421 1054 4470 Fam-r
1074 4424 1198 4470 victorem
1218 4422 1354 4472 Caesarem
1372 4424 1467 4473 Mota.
1479 4446 1509 4460 -

198 4495 241 4546 16.
267 4494 332 4556 qnid
357 4493 450 4543 Fam:
478 4490 549 4553 qood
578 4491 675 4541 Μ11111.
707 4513 733 4524 ··
772 4491 814 4539 19.
836 4490 907 4552 Quid
924 4491 998 4540 Mlil.
1028 4517 1059 4528 -
1095 4493 1139 4540 22.
1158 4491 1234 4555 doce]
1253 4494 1329 4543 habet
1349 4494 1387 4554 li,
1415 4494 1509 4542 induit

198 4566 274 4616 1.-
308 4562 382 4626 qnid}
402 4560 519 4625 qnoeli.
541 4584 571 4596 -·
608 4557 737 4624 emesan]
757 4573 788 4609 ea
802 4562 894 4622 posuit
912 4561 942 4609 R.
964 4584 995 4596 -
1031 4561 1075 4610 23.
1094 4563 1337 4613 sedtamenFam.
1358 4565 1451 4614 -25.
1472 4564 1510 4612 ad

198 4636 289 4684 nrbem
307 4647 388 4697 qaam
414 4632 435 4680 1.
461 4656 493 4667 -
529 4631 573 4681 23.
597 4630 745 4693 ubicunqne
767 4637 795 4678 tu
823 4643 890 4678 esses
909 4630 930 4677 l.
959 4653 985 4663 -
1020 4635 1242 4693 percucurrissem
1259 4635 1302 4685 M:
1319 4636 1509 4695 percurrissem

198 4706 265 4756 lilii.
288 4731 317 4743 -
355 4702 398 4752 23.
429 4713 462 4748 ne
489 4706 514 4749 te
540 4697 661 4763 tuosque]
688 4714 752 4749 nece
777 4706 889 4762 tuosque
916 4713 955 4763 pr.
982 4699 1019 4749 Μ.
1043 4706 1140 4751 -'ne
1159 4709 1183 4752 te
1200 4706 1284 4754 sciens
1303 4705 1314 4753 1
1334 4718 1394 4754 cum
1415 4706 1507 4753 Fam:

199 4790 244 4825 nec
260 4781 286 4824 te
302 4776 384 4824 sciens
401 4771 534 4821 111111.-
572 4771 616 4821 29.
636 4771 755 4820 dimittas
775 4771 795 4820 l.
817 4796 847 4808 -
883 4770 927 4821 32.
947 4769 979 4818 id
996 4767 1029 4833 si]
1049 4772 1102 4833 ipsi
1121 4773 1142 4822 1.
1163 4799 1194 4811 -
1230 4775 1274 4825 33.
1295 4774 1414 4839 offendas
1432 4776 1454 4824 l.
1476 4801 1506 4813 -

199 4849 242 4899 31.
261 4842 306 4910 Ei]
324 4846 358 4894 Et
374 4843 450 4896 Μ111.
486 4842 572 4897 (Corr.
592 4856 623 4891 er
642 4841 685 4895 Υ.)
