3256 5400
179 223 240 285 566
675 218 733 278 EP.
754 221 806 279 ab
830 217 1000 279 alateum

178 399 249 443 cum
273 376 382 441 eadem
405 386 540 439 metuam
562 372 602 437 ab
624 373 681 437 bac
712 384 818 458 parte,
848 373 874 438 si
897 373 981 438 illiue
1002 371 1187 436 beneficium
1209 372 1350 447 nonsit,
1382 370 1508 437 rectius

177 483 283 558 putem
307 470 429 556 quidvis
452 468 536 534 dorni
569 469 702 554 perpeti.
753 468 812 533 Sed
843 467 883 531 ita
911 465 1064 531 meruisse
1092 464 1179 530 illum
1210 465 1248 530 de
1276 488 1326 530 me
1348 476 1445 552 puto,
1470 474 1509 530 ut

178 569 375 651 ἀχαριστίας
406 564 525 627 crimen
553 561 660 628 subire
688 584 751 628 non
779 561 922 626 audeam.
966 562 1164 640 Quamquam
1187 582 1204 624 a
1228 573 1257 625 te
1280 561 1348 625 eius
1371 579 1507 645 quoque

177 659 222 722 rei
245 659 325 722 iusta
355 656 494 721 defensio
516 665 564 720 est
584 656 746 741 explicata.
791 661 820 720 5.
856 659 902 718 De
925 652 1085 738 triumpho
1114 652 1169 717 tibi
1192 654 1366 732 assentior;
1403 673 1507 741 quem

78 767 83 778 ·
156 750 303 838 squidem
324 759 423 815 totum
445 749 535 813 facile
558 758 589 813 et
610 748 744 815 libenter
765 748 922 813 abiecero.
966 746 1101 832 Egregie
1123 746 1225 833 probe
1240 748 1326 823 iore,
1348 760 1400 823 ut,
1425 749 1506 814 dum

177 867 343 930 vagamur,
374 849 393 910 ὁ
421 849 518 918 πλοῦς
547 846 668 926 ὡραῖος
704 842 847 929 obrepat.
905 841 937 905 Si
960 839 1074 915 modo,
1110 841 1230 927 inquis,
1264 844 1336 908 satis
1363 844 1416 909 ille
1441 842 1508 908 erit

176 939 294 1003 firmus.
336 942 392 1003 Est
412 937 533 1002 firmior
555 937 646 1001 etiam
669 958 762 1022 quam
785 934 982 1023 putabamus.
1024 941 1071 1000 Ile
1093 935 1153 1000 isto
1175 936 1247 1000 licet
1273 935 1352 1002 bene
1379 957 1506 1022 speres.

175 1032 329 1097 Promitte
359 1031 430 1104 tibi,
466 1031 493 1096 si
522 1030 649 1103 valebit,
683 1031 820 1115 tegulam
853 1029 942 1094 illum
972 1029 1004 1093 in
1035 1029 1121 1094 ltalia
1152 1030 1268 1095 nullam
1304 1032 1505 1096 relicturum.

177 1132 287 1199 ..Tene
302 1125 398 1210 igitur
412 1126 545 1191 socio?”
579 1130 692 1191 Contra
710 1122 888 1189 mehercule
904 1145 1008 1188 meum
1025 1123 1174 1188 iudicium
1189 1134 1220 1188 et
1233 1112 1341 1188 contra
1357 1125 1505 1189 omnium

144 1220 377 1306 ieantiquorum
407 1224 637 1297 auctoritatem
675 1241 732 1283 nec
760 1228 822 1282 tam
845 1229 880 1282 ut
912 1218 964 1282 illa
987 1217 1151 1292 adiuvem,
1189 1239 1281 1303 quam
1305 1228 1338 1282 ut
1358 1219 1439 1284 baec
1462 1241 1506 1284 ne

175 1312 315 1389 videam,
351 1315 444 1400 cupio
466 1313 638 1379 discedere.
695 1313 764 1389 Noli
789 1313 871 1376 enim
894 1323 1005 1396 putare
1028 1311 1205 1378 tolerabiles
1227 1311 1341 1376 borum
1363 1313 1506 1378 insanias

98 1450 103 1462 .
176 1428 234 1471 nec
264 1408 356 1472 unius
386 1408 472 1472 modi
501 1407 580 1472 lore.
638 1407 704 1472 Etsi
728 1406 802 1492 quid
828 1416 857 1470 te
888 1406 1002 1471 berum
1026 1406 1133 1492 sugit?
1170 1405 1323 1489 Legibus,
1353 1406 1505 1482 iudiciis,

176 1510 286 1566 senatu
307 1500 454 1576 sublato,
491 1500 659 1572 libidines.
697 1499 856 1573 audacias,
894 1510 1052 1582 sumptus,
1085 1509 1237 1585 egestates
1266 1509 1312 1564 tot
1339 1499 1508 1584 egentissi-

177 1616 302 1659 morum
337 1593 498 1659 bominum
531 1615 589 1658 nec
609 1594 746 1680 privatas
773 1615 866 1679 posse
895 1614 948 1658 res
970 1616 1028 1659 nec
1050 1616 1117 1659 rem
1147 1593 1304 1680 publicam
1333 1595 1506 1659 sustinere.

144 1687 332 1752 radbeamus
354 1689 449 1772 igitur
472 1687 543 1752 inde
566 1687 704 1773 qualibet
726 1687 942 1772 navigatione;
977 1689 1035 1751 etsi
1057 1687 1088 1752 id
1111 1687 1254 1774 quidem,
1278 1697 1312 1753 ut
1334 1687 1390 1753 tibi
1413 1687 1507 1752 vide-

177 1781 279 1846 bitur:
302 1782 358 1846 sed
378 1792 463 1846 certe
484 1780 643 1851 abeamus.
686 1782 824 1847 sciemus
842 1781 938 1855 enim,
961 1781 993 1846 id
1009 1781 1094 1867 quod
1110 1792 1286 1867 exspectas,
1309 1781 1385 1867 quid
1399 1787 1507 1846 Brun-

177 1875 248 1941 disii
269 1889 371 1940 actum
394 1877 443 1941 sit.
487 1881 516 1940 6.
539 1876 634 1940 Bonis
656 1876 733 1940 viris
756 1876 841 1961 quod
864 1875 910 1940 ais
932 1874 1080 1960 probari,
1103 1897 1183 1960 quae
1205 1875 1306 1940 adbuc
1321 1875 1505 1948 fecerimus,

178 1969 313 2055 scirique
335 1969 373 2034 ab
395 1971 434 2034 iis
455 1992 513 2035 nos
535 1990 598 2034 non
621 1969 797 2055 proiectos,
831 1968 921 2034 valde
943 1970 1076 2053 gaudeo,
1101 1971 1127 2034 si
1149 1979 1195 2034 est
1217 1991 1300 2033 nunc
1321 1970 1402 2035 ullus
1426 1990 1506 2053 gau·

178 2061 272 2128 dendi
294 2063 390 2129 locus.
433 2071 479 2129 De
502 2065 634 2130 Lentule
657 2061 852 2148 investigabo
875 2062 1068 2147 diligentius;
1100 2062 1133 2127 id
1155 2063 1300 2127 mandavi
1322 2063 1505 2136 Philotimo,

139 2157 295 2221 aobomini
320 2158 393 2222 lorti
415 2180 450 2223 ac
472 2159 602 2223 nimium
625 2158 777 2244 optimati.
835 2164 864 2225 7.
887 2160 1070 2221 Extremum
1101 2167 1163 2232 est,
1201 2168 1234 2222 ut
1257 2156 1312 2221 tibi
1335 2178 1506 2243 argumen-

178 2260 244 2316 tum
274 2251 312 2316 ad
342 2252 539 2317 scribendum
568 2252 701 2317 sortasse
731 2253 793 2316 iam
822 2250 917 2328 desit;
947 2288 987 2298 —-
1024 2273 1081 2316 nec
1110 2252 1193 2316 enim
1219 2252 1279 2316 alia
1301 2252 1339 2316 de
1361 2271 1506 2316 renunc

178 2346 240 2411 ulla
262 2346 356 2410 scribi
375 2357 496 2432 potest3
533 2346 625 2411 etde
653 2347 710 2410 bac
732 2346 807 2431 quid
831 2346 892 2409 iam
915 2345 1048 2430 amplius
1079 2341 1211 2409 inveniri
1235 2352 1359 2431 potest?
1381 2381 1422 2392 -
1446 2343 1505 2409 sed

178 2441 326 2526 quoniam
356 2451 386 2504 et
413 2440 573 2525 ingenium
603 2439 780 2525 suppeditat
809 2471 848 2484 ··-
879 2439 951 2504 dico
980 2439 1176 2514 mehercule,
1215 2450 1249 2504 ut
1277 2440 1377 2505 sentio
1407 2447 1506 2503 —et

179 2554 287 2608 amor,
310 2557 372 2620 que
388 2545 418 2599 et
433 2557 536 2600 meum
552 2535 712 2619 ingenium
727 2533 891 2610 incitatum
914 2554 1027 2618 perge,
1051 2542 1086 2598 ut
1099 2534 1191 2606 iacis,
1215 2543 1247 2597 et
1261 2533 1381 2608 scribe,
1403 2554 1506 2618 quan·
1615 2554 1625 2573 ¹

142 2637 245 2692 astum
267 2639 367 2714 potes.
424 2634 458 2694 ln
481 2625 610 2714 Epirum
633 2628 717 2715 quod
741 2648 791 2690 me
812 2647 876 2690 neu
896 2626 1028 2700 invitas,
1065 2628 1211 2692 comitem
1234 2647 1297 2691 nen
1319 2627 1503 2694 molestum.

181 2719 374 2799 subirascor;
405 2722 459 2787 sed
482 2722 560 2787 vale.
617 2726 710 2794 Nam,
733 2731 769 2785 ut
789 2719 845 2785 tibi
867 2719 1113 2795 ambulandum,
1137 2721 1335 2806 ungendum,
1358 2721 1404 2785 sic
1425 2718 1505 2785 mibi

182 2814 408 2880 dormiendum.
451 2816 572 2880 Etenim
595 2817 717 2880 litterae
739 2825 810 2879 tuae
833 2813 908 2878 mihi
932 2836 1076 2880 somnum
1098 2815 1277 2902 attulerunt.

822 2991 857 3047 A.

441 3119 603 3207 ,BALBUS
625 3119 676 3179 ET
699 3117 833 3180 OPPIUS
860 3119 891 3178 S.
913 3121 950 3180 lt.
972 3121 1013 3181 bl.
1037 3119 1230 3185 CICERONI.

147 3262 174 3304 so
272 3241 300 3306 1.
322 3237 440 3301 Nedum
464 3237 624 3301 bominum
646 3235 827 3310 humilium,
866 3246 900 3300 ut
921 3258 977 3301 nos
1000 3259 1121 3310 sumus,
1158 3238 1326 3303 sedetiam
1349 3240 1506 3325 amplissi-

183 3350 307 3396 morum
331 3330 473 3394 virorum
495 3330 624 3394 consilia
647 3351 687 3393 ex
709 3340 839 3405 eventu,
873 3352 935 3395 non
965 3353 1005 3395 ex
1028 3332 1187 3396 voluntate
1209 3354 1226 3396 a
1249 3333 1406 3420 plerisque
1427 3355 1506 3420 pro-

184 3423 252 3488 bari
281 3423 398 3489 solent:
429 3434 531 3489 tamen
554 3423 625 3487 freti
649 3432 700 3487 tua
722 3423 926 3498 humanitate,
961 3424 1045 3510 quod
1076 3428 1273 3490 verissimum
1301 3426 1391 3492 nobis
1413 3427 1505 3492 vide-

184 3516 285 3586 bitur.
322 3516 360 3581 de
383 3539 438 3592 eo,
473 3518 558 3605 qued
579 3516 617 3581 ad
641 3538 698 3581 uos
720 3519 888 3604 scripsisti,
920 3517 976 3582 tibi
998 3520 1162 3585 consilium
1186 3519 1346 3597 dabimus;
1369 3522 1455 3606 quod
1478 3522 1505 3586 si

185 3633 247 3676 non
270 3611 364 3675 suerit
385 3612 535 3696 prudens,
566 3622 702 3675 atcerte
724 3610 763 3675 ab
786 3613 902 3697 optima
923 3611 984 3676 lide
1007 3622 1037 3676 et
1059 3614 1178 3698 optimo
1200 3619 1304 3680 animo
1326 3615 1507 3701 proficisce-

148 3716 246 3774 sstur.
287 3711 364 3779 Nos,
394 3707 453 3770 nisi
474 3706 520 3780 id,
558 3704 642 3791 quod
665 3713 773 3769 nostro
803 3706 919 3771 iudicio
948 3711 1111 3773 Caesarem
1140 3708 1243 3773 secere
1266 3718 1414 3793 oportere
1436 3713 1507 3773 exi·

186 3799 359 3871 stimamus,
383 3812 418 3864 ut
439 3800 531 3864 simul
552 3805 681 3864 Romam
704 3801 840 3873 venerit,
864 3811 934 3883 agat
956 3802 994 3865 de
1016 3802 1269 3867 reconciliatione
1291 3802 1409 3887 gratiae
1428 3822 1505 3866 suae

187 3905 218 3959 ot
238 3895 398 3981 Pompeii,
431 3893 462 3957 id
485 3915 555 3957 eum
578 3892 750 3964 iacturum,
774 3915 814 3957 ex
835 3894 904 3979 ipso
926 3896 1197 3978 cognovissemus,
1227 3905 1258 3960 te
1280 3895 1400 3961 bertari
1421 3894 1507 3961 desi·

187 4010 353 4059 necemus,
389 3999 423 4051 ut
452 3987 548 4050 velles
576 3986 615 4050 iis
643 3984 738 4049 rebus
774 3986 948 4062 interesse,
986 4010 1048 4075 quo
1077 3989 1199 4053 facilius
1227 4000 1257 4052 et
1283 3990 1404 4054 maiore
1431 4011 1504 4055 cum

258 4213 283 4257 1.
303 4224 359 4257 cum
378 4210 438 4257 baec
455 4215 569 4255 nceteom
587 4205 674 4252 endem
693 4203 725 4252 ab
745 4205 775 4252 ll.
800 4229 828 4238 -
865 4207 890 4254 2.
912 4208 961 4256 Sed
980 4216 1067 4258 tamen
1085 4211 1166 4258 ruisse
1184 4224 1225 4273 pr.
1244 4210 1283 4259 M.
1304 4237 1332 4247 -
1370 4211 1397 4260 lt.
1417 4212 1505 4273 expli·

186 4283 239 4329 cita
258 4280 309 4330 llll.
348 4280 391 4341 (Ut
417 4293 482 4335 tros,
511 4276 594 4325 Codd.
620 4274 734 4335 blalasp.
755 4280 781 4322 et
801 4275 845 4330 R.)
866 4301 896 4311 -
932 4278 958 4326 5.
978 4276 1050 4340 dum]
1069 4286 1124 4328 tum
1143 4280 1215 4327 ι,-
1255 4281 1281 4329 6,
1300 4282 1505 4345 vapamufffl.

187 4351 292 4412 laspiua
312 4356 422 4398 auctore
439 4348 585 4397 Lambinus
604 4352 630 4394 et
649 4345 825 4394 Scbuetzius:
857 4361 966 4410 egemus
983 4350 1078 4399 bllllE.
1108 4374 1136 4385 -
1176 4343 1193 4401 ὁ
1217 4349 1320 4412 πλοῦς]
1338 4349 1460 4413 ὅπωςιι
1479 4358 1506 4402 02

187 4435 240 4483 mg·
269 4421 307 4471 Μ.
346 4422 384 4474 ml
404 4420 457 4477 legi
477 4432 530 4468 nou
551 4421 673 4480 poterat:
706 4418 823 4466 correxit
850 4417 1007 4474 Victorius.)
1042 4444 1074 4454 -
1112 4422 1153 4469 10.
1173 4417 1279 4482 atille]
1298 4422 1376 4470 utilia
1397 4421 1450 4470 Ml.
1476 4447 1499 4456 -

187 4499 390 4555 quemquamst
410 4490 460 4539 Ml.
491 4514 524 4521 -
562 4489 604 4536 11.
624 4483 779 4535 ll'oltsilllll.
813 4511 839 4521 -
879 4487 956 4552 enim]
976 4504 1033 4539 eum
1052 4491 1084 4538 a.
1119 4513 1147 4523 -
1185 4489 1228 4539 12.
1253 4488 1322 4553 Etsi]
1341 4498 1371 4540 ut
1389 4493 1412 4540 si
1427 4490 1451 4539 1.
1473 4517 1502 4527 -

188 4562 230 4612 18.
258 4564 297 4611 bia
323 4563 374 4612 llll.
395 4583 425 4592 -
451 4573 505 4608 noa
533 4558 669 4621 prosectis,
690 4558 790 4606 omisso
808 4571 870 4616 noa,
889 4559 963 4608 blltl.
1001 4558 1168 4621 (Correetum
1187 4572 1218 4609 ex
1237 4560 1325 4609 Y.l-
1363 4561 1506 4611 Quacum

188 4647 241 4682 om.
274 4635 303 4681 11.
335 4657 366 4666 -
402 4629 444 4678 26.
477 4638 499 4678 et
532 4629 677 4691 tangendam
701 4625 722 4672 1.
755 4653 786 4662 -
834 4629 877 4678 27.
903 4627 1015 4692 Etenim}
1041 4638 1070 4680 ot
1097 4632 1165 4693 enim
1183 4644 1223 4693 pr.
1248 4630 1285 4679 M.
1319 4657 1347 4669 -
1393 4631 1435 4681 30.
1457 4633 1506 4681 Nc·

187 4701 258 4764 dem]
284 4705 368 4753 Meum
387 4715 427 4764 pr.
447 4700 493 4755 Μ,
523 4700 578 4747 Etsi
595 4698 687 4746 raedam
711 4698 848 4747 malebant
866 4700 1003 4750 Wetsliius
1021 4706 1047 4749 et
1064 4700 1228 4751 Schuetziue.
1251 4725 1278 4737 -
1312 4701 1356 4750 35.
1382 4703 1435 4751 atsi
1459 4702 1504 4762 id,

188 4776 256 4836 estod
273 4775 331 4822 Ml:
356 4774 408 4822 sciat
425 4770 493 4833 qaod
512 4769 564 4817 RE.
590 4793 622 4801 —
658 4768 701 4817 ³7.
721 4770 853 4829 [acturam
878 4784 934 4819 cem
959 4785 992 4821 ex
1023 4773 1052 4820 a.
1087 4797 1115 4807 -
1153 4773 1323 4822 desineremus
1351 4784 1407 4821 om.
1428 4771 1503 4823 Mat.

190 4845 332 4894 llnvertum
354 4844 379 4891 in
402 4845 464 4890 dee.
483 4837 548 4899 sec.)
568 4863 601 4875 -
636 4837 681 4887 38.
701 4841 740 4888 bis
758 4839 789 4888 ll.
