3256 5400
628 222 903 287 Enlsrotanuu
925 223 977 287 to
999 223 1090 285 ΒΑΜ.

672 382 730 443 111.
774 380 824 458 (A.
850 383 882 443 u.
904 384 936 443 e.
959 385 1048 460 ror.)

575 496 615 555 n.
639 493 782 557 crunno
806 495 836 555 s.
859 497 896 556 u.
919 495 951 557 c.
975 495 1144 558 cumcun.

289 621 316 681 1.
338 621 444 699 llupae
466 613 602 678 studium
629 634 693 676 nou
714 611 813 676 defuit
838 611 1100 679 declarandorum
1120 635 1286 681 munerum
1304 624 1359 682 tuo
1380 617 1522 695 nomine;

202 709 258 774 sed
284 730 342 773 nee
369 707 446 772 mihi
479 707 596 793 placuit
620 726 678 770 nec
701 705 846 792 cuiquam
873 715 1000 773 tuorum
1027 709 1198 797 quidquam
1224 719 1255 774 te
1277 709 1405 774 absente
1433 709 1522 786 fieri,

178 802 287 890 equod
312 801 387 877 tibi,
410 822 481 866 cum
509 799 663 876 venisses,
686 820 747 864 non
780 808 861 865 esset
887 799 1053 885 integrum.
1096 803 1249 889 Equidem
1273 801 1349 890 quid
1372 803 1522 878 sentiam,

201 905 255 961 aut
275 894 410 959 scribam
432 895 471 959 ad
493 903 523 958 tc
541 903 650 979 postea
672 892 814 978 pluribus
835 901 908 968 aut,
945 916 984 958 ne
1008 896 1048 959 ad
1070 918 1106 960 ea
1132 896 1298 972 meditere,
1337 897 1523 982 imparatum

202 999 232 1054 te
257 987 415 1054 offendam
438 1008 606 1074 coramque
629 996 736 1051 contra
759 985 848 1049 istam
874 988 1043 1063 rationem,
1079 1011 1181 1054 meam
1207 990 1322 1065 dicam,
1357 999 1392 1054 ut
1414 999 1469 1054 aut
1492 1000 1522 1054 te

100 1146 109 1168 ,
201 1083 241 1147 ad
264 1103 363 1146 meam
391 1083 574 1146 sententiam
606 1078 756 1143 adducam
784 1089 837 1143 aut
868 1090 954 1145 certe
984 1091 1129 1148 testatum
1155 1083 1238 1168 apud
1270 1084 1408 1148 animum
1434 1093 1523 1148 tuum

201 1177 396 1262 relinquam,
426 1175 501 1260 quid
523 1171 691 1248 senserim
720 1179 769 1245 ut,
803 1173 829 1236 si
858 1175 1042 1260 quando-
1068 1176 1153 1262 quod
1175 1177 1272 1241 nolim
1295 1177 1523 1262 -displicere

166 1283 191 1324 ¹⁰
204 1269 262 1334 tibi
284 1280 370 1335 tuum
393 1266 735 1351 eonsiliumcoeperit,
768 1267 869 1350 possis
891 1289 996 1333 meum
1018 1270 1190 1335 recordari.
1234 1270 1328 1334 Brevi
1349 1280 1453 1335 tamen
1480 1271 1525 1335 sic

200 1361 332 1437 habeto,
366 1363 398 1427 in
419 1382 492 1426 eum
513 1371 625 1426 statum
647 1368 825 1443 temporum
845 1369 931 1425 tuum
954 1361 1090 1426 reditum
1111 1362 1269 1438 incidere,
1298 1373 1334 1428 ut
1354 1364 1393 1429 iis
1414 1363 1524 1439 bonis,

201 1477 282 1544 quae
302 1455 359 1520 tihi
382 1466 507 1531 natura,
544 1453 666 1526 studio,
699 1451 825 1516 fortuna
847 1452 917 1518 data
943 1465 1033 1529 sunt,
1063 1454 1184 1522 facilius
1206 1456 1327 1534 omnia,
1349 1477 1431 1543 quae
1454 1467 1525 1523 suut

202 1547 390 1634 amplissima
413 1549 446 1613 in
470 1546 667 1634 republica,
705 1547 855 1632 consequi
875 1549 994 1633 possis,
1032 1571 1126 1636 quam
1148 1549 1350 1616 muneribus:
1388 1571 1523 1637 quorum

201 1664 304 1730 neque
326 1641 501 1707 facultatem
523 1638 687 1728 quisquam
709 1636 881 1704 admiratur
903 1672 941 1685 —-
965 1650 1012 1706 est
1040 1642 1123 1707 enim
1145 1642 1323 1728 copiarum,
1346 1664 1410 1707 non
1427 1642 1524 1709 virtu·

167 1738 241 1803 atis
262 1776 321 1814 —‚
354 1759 456 1824 neque
478 1738 644 1824 quisquam
669 1742 730 1809 est,
768 1734 844 1818 quin
872 1733 1010 1798 satietate
1035 1735 1098 1799 iam
1121 1734 1262 1802 defessus
1294 1737 1345 1801 sit.
1400 1742 1430 1802 2.
1465 1737 1524 1802 Sed

202 1831 311 1906 aliter,
334 1842 426 1918 atquc
451 1831 665 1905 ostenderam,
688 1828 788 1901 facio,
811 1825 866 1912 qui
887 1826 1047 1910 ingrediar
1069 1828 1108 1893 ad
1131 1829 1348 1915 explicandam
1370 1829 1524 1895 rationem

202 1925 372 1990 sententiae
401 1945 500 1988 meae.
544 1927 650 2001 Quare
671 1942 795 1986 omnem
821 1920 899 1984 banc
922 1919 1164 2006 disputationem
1185 1923 1218 1987 iu
1246 1921 1415 1989 adveutum
1437 1932 1524 1989 tuum

202 2017 326 2082 differo.
370 2022 529 2082 Summam
551 2018 629 2082 seito
651 2015 696 2080 tui
714 2013 977 2100 exspectationem
1000 2035 1068 2080 esse
1095 2036 1193 2101 eaque
1220 2036 1238 2080 a
1268 2025 1298 2080 te
1327 2016 1524 2102 exspectari,

202 2132 282 2197 quae
311 2131 327 2174 a
356 2130 477 2175 summa
496 2111 612 2175 virtute
634 2127 819 2193 summoque
844 2105 972 2191 ingenio
994 2107 1202 2193 exspectanda
1223 2118 1311 2175 sunt:
1334 2108 1477 2196 adquae
1499 2109 1524 2176 si

165 2220 253 2281 stes,
274 2213 310 2270 ut
330 2203 445 2282 debes,
464 2212 590 2290 paratus
613 2238 652 2249 -
676 2199 761 2290 quod
783 2199 826 2263 ita
841 2219 909 2264 esse
932 2198 1056 2265 confido
1078 2236 1128 2275 -,
1151 2200 1297 2286 plurimis
1318 2202 1526 2288 maximisque

202 2296 386 2364 munoribus
413 2307 444 2363 et
472 2320 530 2362 uos
557 2297 674 2362 amicos
703 2304 734 2361 et
754 2294 839 2359 cives
861 2303 933 2357 tuos
954 2293 1120 2360 universos
1141 2303 1172 2358 et
1193 2316 1261 2360 rem
1282 2294 1440 2381 publicam
1462 2295 1526 2361 affi-

201 2392 275 2457 cies.
318 2392 397 2457 lllud
420 2413 590 2478 cognosces
610 2390 764 2477 profecto,
786 2387 863 2454 mibi
882 2396 913 2452 te
935 2408 1038 2474 neque
1059 2391 1215 2453 cariorem
1237 2409 1340 2476 neque
1362 2387 1527 2455 iucundio-

202 2507 270 2550 rem
292 2507 361 2551 esse
382 2507 582 2574 quemquam.

617 2671 623 2680 ⁴
682 2599 733 2661 ιι.
777 2595 826 2678 (n.
852 2593 1047 2676 u.c.701.)

166 2731 194 2770 a
578 2713 618 2773 u.
641 2709 785 2774 crunno
808 2709 839 2770 s.
862 2710 900 2770 n.
922 2709 955 2771 e.
979 2708 1147 2770 eunom.

289 2825 316 2887 1.
339 2819 550 2907 Epistolarum
571 2840 688 2904 genera
710 2819 805 2884 mtulta
827 2839 896 2882 esse
918 2838 981 2881 non
1003 2816 1146 2901 ignoras,
1170 2816 1226 2881 sed
1248 2838 1346 2881 unum
1362 2817 1439 2883 illud
1458 2838 1526 2883 cer·

203 2912 372 2988 tissimum,
405 2913 495 2978 cuius
516 2933 608 2976 causa
630 2912 756 2976 inventa
776 2933 829 2976 res
851 2912 917 2997 ipsa
943 2918 1008 2985 est,
1045 2919 1080 2975 ut
1101 2911 1253 2975 certiores
1275 2910 1450 2976 faceremus
1472 2909 1526 2974 ab·

202 3017 323 3082 sentes,
352 3006 379 3071 si
401 3005 477 3092 quid
499 3014 594 3079 esset,
618 3005 703 3091 quod
726 3026 781 3069 eos
803 3005 884 3069 scire
906 3012 960 3068 aut
983 3013 1088 3069 nostra
1111 3014 1163 3068 aut
1184 3005 1328 3091 ipsorum
1349 3007 1525 3070 interesset

202 3101 302 3165 Huius
324 3099 449 3184 generis
470 3099 589 3163 litteras
610 3120 628 3163 a
650 3120 701 3162 mc
716 3097 858 3182 profecto
874 3119 937 3162 non
953 3108 1125 3183 exspectas.
1169 3104 1307 3163 'luarum
1322 3098 1405 3163 enim
1417 3119 1527 3164 rerum

165 3192 391 3260 sodomesticos
412 3192 509 3258 babes
531 3201 563 3257 et
583 3192 753 3278 scriptores
775 3200 807 3254 et
826 3191 963 3255 nuntios.
1006 3194 1040 3255 ln
1062 3192 1140 3255 meis
1159 3201 1263 3256 autem
1277 3191 1373 3256 rebus
1388 3191 1466 3256 nihil
1480 3199 1528 3255 est

201 3308 276 3351 sane
298 3287 382 3352 novi.
425 3285 556 3372 Reliqua
578 3295 649 3350 sunt
670 3284 874 3370 epistolarum
896 3303 1011 3368 genera
1026 3284 1109 3359 duo,
1132 3307 1212 3372 quae
1234 3307 1285 3350 me
1300 3306 1414 3370 magno
1429 3304 1527 3372 opere

201 3380 374 3445 delectant:
398 3401 496 3445 unum
518 3378 672 3444 familiare
694 3386 725 3442 et
745 3377 903 3451 iocosum,
926 3377 1058 3442 alterum
1081 3400 1227 3444 severum
1248 3389 1280 3444 et
1301 3400 1407 3469 grave.
1451 3382 1527 3443 Utro

202 3494 252 3538 me
274 3474 377 3538 minus
400 3473 509 3537 deceat
529 3473 592 3549 uti,
614 3494 678 3537 non
698 3473 850 3556 intelligo.
893 3475 1022 3536 loeerne
1046 3480 1148 3537 tecum
1170 3494 1228 3559 per
1250 3473 1396 3537 litteras?
1419 3471 1527 3537 Civem

201 3567 383 3633 mehercule
405 3589 467 3632 non
488 3576 565 3654 puto
587 3588 678 3642 esse,
701 3567 755 3653 qui
777 3565 971 3651 temporibus
992 3565 1042 3631 his
1056 3566 1162 3631 ridere
1177 3568 1286 3653 possit.
1330 3570 1377 3631 An
1400 3565 1528 3650 gravius

166 3685 194 3723 ss
203 3661 322 3748 aliquid
344 3660 505 3725 scribam?
542 3659 626 3737 Quid
648 3670 710 3734 est,
747 3658 833 3745 quod
866 3658 964 3744 possit
992 3659 1130 3743 graviter
1156 3682 1173 3725 a
1198 3661 1348 3726 Cicerone
1371 3657 1469 3724 scribi
1489 3658 1527 3723 ad

204 3756 388 3830 Curionem,
422 3756 482 3819 nisi
513 3753 552 3818 de
584 3775 620 3818 re
651 3752 802 3840 publica?
835 3756 935 3837 Atque
957 3752 989 3815 in
1017 3752 1077 3817 hoc
1105 3775 1222 3838 genere
1245 3753 1321 3817 baec
1343 3774 1413 3817 mea
1435 3773 1527 3834 causa

204 3857 268 3922 cst,
305 3860 341 3913 ut
372 3870 474 3935 neque
507 3869 560 3921 ea,
593 3867 674 3934 quae
707 3847 823 3919 sentio,
860 3866 918 3909 nee
950 3867 1030 3932 quae
1052 3868 1116 3912 non
1138 3847 1239 3912 sentio
1262 3846 1356 3911 velim
1377 3845 1528 3912 scribere.

203 3944 233 4005 2.
258 3942 489 4018 Quamobrem,
527 3940 675 4027 quoniam
702 3939 778 4003 mihi
808 3938 924 4002 nullum
955 3939 1112 4005 scribendi
1138 3949 1355 4026 argumentum
1384 3939 1529 4004 relietum

204 4043 267 4108 est,
291 4045 361 4099 utar
378 4055 415 4098 ea
437 4034 582 4110 clausula,
606 4056 667 4120 qua
689 4034 787 4107 soleo,
811 4041 902 4118 teque
924 4032 963 4097 ad
985 4033 1122 4098 studium
1145 4056 1285 4099 summac
1300 4033 1401 4099 laudis
1415 4033 1549 4099 cobor-¹

274 4197 300 4246 3.
321 4193 420 4258 llapae]
439 4209 528 4257 nempe
546 4208 617 4245 corr.
636 4195 665 4245 Μ
685 4195 712 4243 in
733 4208 837 4244 rasura.
858 4220 888 4230 -
920 4195 946 4244 5.
967 4196 1103 4257 paidom.
1124 4210 1165 4257 pr.
1184 4196 1221 4246 Μ.
1245 4218 1279 4232 -
1317 4196 1345 4246 d.
1364 4195 1452 4245 eaVs
1471 4206 1529 4244 aava

204 4266 264 4317 ΜΕ.
284 4291 315 4300 -
365 4267 391 4314 8.
417 4267 453 4314 ad
472 4265 605 4315 Orellius:
632 4271 678 4313 aut
708 4280 748 4328 pr.
775 4266 818 4323 bl,
846 4266 874 4313 s'n
900 4263 1001 4313 Ecum
1027 4278 1097 4315 corr,
1117 4266 1154 4316 Μ.
1175 4265 1230 4316 Cfr.
1255 4266 1334 4316 Haud
1356 4265 1436 4315 Turs.
1456 4263 1480 4314 1.
1501 4277 1527 4327 p.

206 4338 266 4386 111.
286 4362 318 4369 -
344 4338 386 4385 to.
409 4343 481 4384 taum
504 4336 638 4384 consilium
657 4335 704 4384 M:
724 4337 859 4385 eonsilium
882 4341 954 4383 taum
973 4335 1003 4384 li.
1026 4361 1055 4370 -
1082 4337 1124 4384 11.
1144 4334 1186 4395 s's's]
1206 4337 1245 4384 hs's
1263 4336 1300 4386 Μ.
1321 4362 1349 4371 -
1390 4335 1434 4385 lb.
1459 4334 1529 4397 saeta

204 4408 273 4469 sacto
299 4407 343 4469 qai
360 4405 397 4454 M.
418 4407 489 4454 Fert.
508 4407 593 4468 sacto,
623 4406 671 4454 nac
689 4408 733 4454 oia
751 4406 804 4467 qul.
825 4403 876 4454 On.
902 4426 928 4436 -
950 4404 992 4453 18.
1013 4404 1147 4453 Suessanum
1165 4407 1230 4455 scito
1254 4407 1293 4455 tui
1310 4407 1530 4468 exspectationem

206 4477 328 4525 Baiterus
349 4472 424 4536 (coll.
443 4490 486 4537 cp.
507 4475 589 4530 l,2):
622 4477 804 4524 summosano
827 4476 856 4520 s'n
880 4476 1071 4536 exspectatione
1100 4489 1140 4537 pr.
1168 4475 1210 4533 Μ,
1231 4489 1332 4525 summa
1349 4477 1414 4525 salta
1436 4477 1469 4525 ln
1486 4485 1529 4524 ss>-

205 4547 363 4608 spectatione
387 4552 411 4593 te
443 4545 462 4593 E
488 4558 549 4593 eum
569 4557 638 4592 corr.
660 4545 696 4593 Μ.
733 4545 805 4592 Fort.
828 4543 933 4591 Summa
961 4545 1025 4591 scito
1048 4558 1134 4593 omnes
1153 4546 1182 4594 s'n
1202 4546 1403 4608 exspectatione.
1422 4543 1475 4596 Or·
1494 4567 1526 4578 ·-

205 4615 250 4665 ⁸26.
276 4611 456 4676 certissimam]
483 4616 553 4663 Fort.
580 4615 769 4663 creberrimum.
807 4613 858 4663 On.
893 4637 920 4646 -
959 4613 1002 4661 28.
1029 4611 1100 4676 quid]
1129 4617 1197 4678 quod
1224 4615 1261 4665 Μ.
1287 4638 1320 4650 -·
1355 4615 1400 4665 29.
1432 4609 1528 4676 Huius]

205 4687 235 4734 s'n
259 4687 334 4734 natata
360 4685 397 4735 Μ.
425 4686 496 4733 Fort.
527 4685 565 4731 Ta
589 4685 673 4732 nutus.
700 4685 750 4733 On.
779 4708 809 4718 -
847 4689 980 4744 erspectas
996 4682 1043 4732 lde
1074 4687 1173 4745 expetis
1192 4685 1223 4734 E.
1244 4711 1276 4720 -
1313 4684 1357 4734 ³0.
1377 4685 1530 4737 domnas

208 4755 338 4804 Ursinus:
368 4756 566 4803 domesticarum
592 4754 651 4802 ME.
683 4754 737 4802 Cle.
765 4754 797 4802 sd
823 4754 898 4802 Fam.
919 4753 945 4811 2,
965 4752 990 4808 7.
1012 4752 1037 4801 3.
1066 4777 1095 4788 -
1133 4756 1177 4803 37.
1197 4768 1277 4818 neque
1294 4769 1325 4803 ea
1343 4755 1527 4818 quaenasn.

206 4838 252 4874 nee
269 4839 334 4889 quae
352 4839 406 4874 non
423 4826 504 4873 serstfc
524 4823 678 4872 Ernestlus:
708 4839 786 4887 neque
809 4838 840 4873 ea
866 4837 933 4887 ‹psae
957 4836 1025 4870 nasse
1049 4827 1133 4873 sentio
1152 4825 1195 4880 Μ.
1215 4839 1294 4887 neque
1311 4839 1360 4879 aa,
1391 4837 1530 4889 quassante

206 4897 290 4946 suaso
308 4896 338 4945 11.
377 4895 469 4946 Malim
487 4908 566 4957 nequa
583 4907 633 4952 ea,
652 4909 717 4956 qaue
735 4896 835 4955 sentio,
864 4907 944 4955 neqtte
969 4907 1018 4947 ea,
1039 4908 1104 4955 qaae
1122 4908 1176 4943 non
1193 4897 1286 4944 sentio.
1307 4895 1388 4945 Bsrr.
