3256 5400
194 237 253 324 tec
618 256 1074 322 nersromnuuxnrxu.

398 415 505 497 Africo
525 415 653 478 terribili
673 418 774 478 tremit
793 417 920 478 barrida
940 426 1025 478 terro
1045 413 1182 477 tumultu.

190 541 296 621 ltaque
318 535 435 600 nullum
458 542 506 599 est
532 536 819 618 ἀποπροηγμένον,
853 533 938 622 quod
960 554 1023 598 non
1043 553 1167 597 verear.
1222 531 1283 597 Sed
1306 529 1392 618 quod
1410 551 1507 616 quac·

190 631 234 696 ris
256 629 398 716 quando,
420 649 496 714 qua,
518 649 592 714 quo,
624 627 701 693 nihil
722 628 824 693 adbuc
844 627 968 693 scimus.
1011 631 1092 692 lstuc
1114 627 1278 713 ipsum'de
1299 627 1399 699 Baiis,
1429 646 1507 690 non·

190 722 266 788 nulli
293 720 450 796 dubitant,
483 744 523 786 an
550 742 608 808 per
640 720 814 787 Sardiniam
841 721 953 785 veniat.
995 720 1073 785 lllud
1103 720 1186 784 enirn
1218 720 1320 786 adbuc
1340 719 1506 806 praedium

166 836 279 880 usuum
301 837 364 880 non
385 815 534 902 inspexit;
557 836 614 880 uec
635 815 732 879 ullum
755 814 848 880 habet
869 814 1024 887 deterius,
1048 813 1103 879 sed
1125 823 1229 878 tamen
1247 836 1309 879 non
1325 815 1506 879 contemnit.

188 914 255 994 Ego
284 909 412 974 omnino
446 909 543 992 magis
573 907 711 973 arbitror
737 929 795 993 per
831 909 981 984 Siciliam;
1017 908 1066 972 vel
1099 908 1161 973 iam
1187 909 1337 985 sciemus;
1360 907 1507 972 adventat

188 1001 271 1066 enim
293 1001 463 1068 Dolabella.
505 1007 585 1067 Eum
606 1012 682 1087 puto
703 1002 886 1085 magistrum
908 1001 988 1066 lore.

395 1127 524 1189 Πολλοὶ
545 1130 691 1208 μαθηταὶ
712 1134 885 1206 κρείττονες
908 1123 1124 1188 διδασκάλων.

188 1241 250 1309 Sed
270 1252 386 1319 tamen,
420 1245 446 1308 si
467 1244 580 1316 sciam,
614 1243 689 1330 quid
710 1253 744 1308 tu
765 1243 980 1316 constitueris,
1016 1263 1120 1306 meum
1142 1241 1307 1307 consilium
1328 1263 1505 1307 accommo-

154 1337 270 1403 nudabo
291 1338 488 1424 potissimum
509 1337 549 1403 ad
570 1347 667 1403 tuum.
712 1340 818 1415 Quare
840 1345 988 1422 exspecto
1010 1346 1078 1401 tuas
1101 1337 1230 1402 litteras.

648 1492 1040 1577 numnam)

667 1619 808 1683 CICERO
829 1617 1014 1683 VARRONI.

270 1734 299 1793 1.
320 1732 384 1794 Etsi
415 1749 528 1795 munus
549 1728 705 1814 flagitare,
739 1729 879 1815 quamvis
902 1727 971 1814 quis
994 1726 1180 1799 ostenderit,
1213 1747 1254 1791 ne
1275 1728 1411 1813 populus
1433 1729 1504 1814 qui-

185 1822 256 1887 dem
278 1823 357 1887 solet
378 1821 437 1886 uisi
458 1823 642 1896 concitatus,
665 1832 767 1887 tamen
793 1842 852 1906 ego
874 1821 1106 1907 exspectatione
1123 1821 1271 1906 promissi
1293 1821 1338 1887 tui
1359 1843 1502 1895 moveor,

148 1941 176 1980 ιι
185 1925 220 1980 ut
240 1915 423 1980 admoneam
445 1925 492 1989 te,
526 1938 589 1980 nou
610 1925 645 1981 ut
665 1916 810 2000 flagitem.
859 1915 929 1980 Misi
949 1926 1053 1981 autem
1079 1913 1117 1978 ad
1139 1923 1170 1978 te
1192 1925 1339 2001 quattuor
1360 1914 1503 1980 admoni-

186 2017 269 2073 tores
299 2031 362 2074 non
392 2008 484 2073 nimis
512 2008 716 2074 verecundos.
766 2009 852 2073 liosti
880 2008 962 2072 enim
983 2008 1126 2094 prolecto
1149 2030 1185 2073 os
1208 2007 1298 2093 [eius]
1321 2008 1503 2073 adolescen-

184 2100 273 2165 tioris
294 2101 487 2166 Academiae.
543 2105 591 2166 Ex
613 2123 649 2166 ea
670 2101 765 2185 igitur
785 2101 887 2166 media
910 2100 1061 2165 excitatos
1083 2101 1171 2174 misi,
1205 2100 1259 2187 qui
1280 2111 1387 2167 metuo
1409 2124 1449 2166 ne
1470 2111 1501 2166 te

182 2193 265 2259 sorte
287 2194 439 2281 flagiteut;
478 2215 538 2279 ego
559 2203 663 2259 autem
684 2195 846 2269 mandavi,
868 2205 903 2259 nt
923 2202 1081 2278 rogarent
1123 2193 1349 2280 Exspectabam
1372 2196 1500 2261 omnino

182 2287 300 2354 iamdiu
322 2310 434 2373 meque
463 2287 675 2363 sustinebam,
707 2308 746 2352 ne
768 2289 807 2352 ad
829 2298 859 2352 te
880 2287 967 2374 prius
991 2287 1058 2374 ipse
1080 2286 1156 2374 quid
1177 2287 1368 2361 scriberem,
1405 2310 1500 2375 qnam

144 2404 172 2444 ιο
184 2380 300 2467 aliquid
333 2381 538 2467 accepissem,
569 2392 604 2447 ut
630 2402 756 2467 possem
783 2390 813 2445 te
843 2381 1039 2446 remunerari
1065 2401 1156 2467 quam
1179 2380 1336 2446 simillimo
1358 2404 1499 2448 munere.

183 2474 265 2547 Sed,
295 2496 364 2539 cum
402 2485 435 2538 tu
469 2474 587 2540 tardius
615 2474 750 2547 laceres,
784 2473 900 2549 idest,
933 2482 968 2538 ut
989 2493 1049 2557 ego
1071 2472 1275 2558 interpretor,
1304 2475 1498 2562 diligentius,

181 2567 281 2631 teneri
314 2589 376 2631 non
408 2567 511 2652 potui,
543 2568 618 2654 quin
644 2567 895 2632 coniunctionem
916 2565 1092 2630 studiorum
1113 2567 1292 2654 amorisque
1314 2569 1413 2633 nostri
1435 2589 1499 2655 quo

180 2680 305 2745 possem
328 2660 503 2725 litterarum
536 2681 650 2746 genere
678 2659 881 2725 declararem.
928 2658 999 2724 Feci
1022 2659 1117 2744 igitur
1139 2683 1316 2727 sermonem
1338 2664 1419 2728 inter
1441 2683 1499 2729 nos

180 2750 320 2817 habitum
342 2752 374 2816 in
404 2757 563 2827 Cumano,
591 2775 661 2819 cum
684 2762 765 2819 esset
785 2775 846 2818 una
869 2753 1071 2837 Pomponius.
1128 2754 1196 2818 Tibi
1219 2755 1290 2820 dedi
1311 2767 1416 2842 partes
1438 2765 1499 2822 An·

48 2928 50 2932 ¹
142 2844 348 2919 estiochinas,
371 2867 487 2931 quasa
511 2855 539 2911 te
561 2846 689 2933 probari
714 2846 904 2913 intellexisse
925 2846 1002 2911 mibi
1023 2846 1168 2925 ridebam
1190 2848 1265 2913 mihi
1289 2850 1406 2936 sumpsi
1428 2849 1499 2914 Phi-

180 2937 271 3003 lonis.
313 2943 391 3003 Puto
414 2940 498 3016 lore,
521 2950 576 3015 ut,
594 2963 665 3007 cnm
686 2941 818 3027 legeris,
841 2940 956 3004 mirere
979 2961 1036 3005 nos
1057 2941 1089 3005 id
1111 2942 1232 3007 locutos
1250 2964 1318 3007 esse
1333 2943 1415 3007 inter
1430 2962 1496 3015 nos,

180 3032 266 3119 quod
287 3054 444 3119 nunquam
466 3034 561 3099 locuti
583 3056 700 3102 sumus.
759 3034 820 3101 Sed
842 3035 924 3099 nosti
946 3056 1066 3099 morem
1089 3035 1295 3121 dialogorum.
1348 3041 1378 3100 2.
1409 3041 1497 3100 Post·

180 3123 256 3189 baec
284 3134 402 3199 autem,
437 3127 480 3191 mi
501 3135 621 3204 Varro,
659 3151 752 3216 quam
781 3128 929 3215 plurima,
968 3128 994 3192 si
1017 3127 1153 3203 videtur,
1190 3129 1281 3194 etde
1303 3128 1394 3194 nobis
1416 3128 1498 3192 iuter

179 3238 253 3282 nos:
276 3238 348 3281 sero
369 3219 519 3297 lortasse;
542 3221 597 3285 sed
619 3222 817 3308 superiorum
840 3233 1017 3308 temporum
1038 3226 1173 3287 Fortuna
1196 3221 1403 3308 reipublicae
1425 3242 1498 3286 cau·

140 3340 168 3377 ιο
179 3332 243 3375 sam
266 3313 434 3378 sustineat:
469 3313 544 3379 hacc
565 3315 624 3401 ipsi
645 3327 805 3402 praestare
827 3314 987 3379 debemus.
1029 3321 1129 3401 Atque
1150 3316 1267 3380 utinam
1284 3315 1397 3400 quietis
1419 3325 1498 3379 tem-

178 3402 309 3490 poribus
330 3415 422 3493 atque
444 3408 567 3494 aliquo,
590 3410 616 3474 si
638 3431 702 3474 non
724 3408 825 3483 bono,
854 3417 886 3472 at
906 3406 1015 3472 saltem
1037 3416 1123 3472 certo
1145 3418 1225 3473 statu
1246 3408 1395 3483 civitatis,
1419 3409 1497 3474 baec

180 3497 338 3563 internos
365 3501 466 3565 studia
495 3523 644 3567 exercere
673 3504 851 3589 possemus!
889 3504 1083 3586 Quamquam
1109 3510 1174 3566 tum
1196 3501 1323 3588 quidem
1345 3504 1395 3568 vel
1416 3503 1496 3567 aliae

178 3592 342 3676 quaepiam
374 3595 512 3660 rationes
538 3595 683 3660 honestas
711 3593 803 3659 nobis
839 3605 870 3660 et
898 3616 988 3659 curas
1022 3603 1054 3658 et
1081 3596 1219 3660 actiones
1252 3596 1376 3673 darent;
1414 3616 1497 3661 nunc

178 3694 281 3747 autem
303 3686 379 3771 quid
411 3697 471 3762 est,
505 3688 572 3752 sine
601 3688 647 3753 his
669 3709 726 3752 cur
747 3689 855 3753 vivere
876 3688 1031 3753 velimus?
1063 3687 1137 3753 illibi
1159 3709 1235 3753 vero
1257 3709 1327 3754 cum
1350 3689 1398 3754 his
1420 3688 1496 3775 ipsis

143 3775 251 3850 mvix,
285 3777 333 3842 his
361 3789 464 3845 autem
492 3781 635 3846 detractis
663 3803 702 3846 ne
732 3781 784 3846 vix
813 3780 951 3868 quidem.
1000 3779 1061 3845 Sed
1082 3780 1159 3846 baec
1180 3802 1286 3847 coram
1309 3792 1340 3847 et
1361 3782 1495 3868 saepius.

184 3870 401 3954 bligrationem
422 3884 453 3939 et
473 3874 660 3959 emptionem
682 3873 814 3940 feliciter
835 3875 962 3940 evenire
982 3874 1056 3940 volo
1078 3886 1227 3961 tuumque
1252 3877 1286 3942 in
1307 3897 1344 3941 ea
1365 3896 1400 3940 re
1421 3896 1497 3941 con·

178 3962 283 4029 silium
304 3963 416 4050 probo.
460 3970 541 4032 Cura
563 3976 598 4032 ut
618 3967 730 4032 valeas.

651 4129 705 4190 rx.
749 4125 797 4209 (A.
823 4130 855 4191 u.
878 4130 909 4192 o.
932 4132 1016 4210 roc.)

557 4249 792 4313 DOLABELLA
813 4253 844 4314 S.
866 4255 903 4315 D.
922 4251 1114 4315 ClCERONl.

139 4381 168 4421 ιο
264 4363 292 4424 l.
314 4362 345 4424 S.
367 4364 405 4426 V.
428 4363 464 4425 G.
485 4365 523 4423 V.
545 4368 577 4423 et
597 4359 696 4424 Tullia
714 4371 819 4426 nostra
837 4372 921 4427 recte
940 4367 977 4427 V.
993 4361 1138 4427 Terentia
1157 4361 1259 4427 minus
1278 4361 1360 4428 belle
1375 4361 1493 4437 babuit,

176 4453 232 4518 sed
259 4465 380 4520 certum
406 4453 471 4518 scio
498 4453 560 4517 iam
587 4454 782 4519 convaluisse
809 4476 887 4519 cam.
936 4459 1102 4521 Praeterea
1124 4456 1295 4522 rectissime
1318 4465 1390 4521 sunt
1410 4455 1494 4540 apud

246 4671 273 4721 3.
303 4671 406 4736 samur]
437 4685 534 4721 reamur
565 4673 601 4723 Μ.
630 4696 661 4708 ·-
697 4674 724 4722 'l.
751 4676 775 4722 ei
800 4688 840 4723 me
868 4681 933 4735 puto
958 4674 1024 4725 Cod.
1051 4675 1149 4724 Ursini.
1178 4698 1206 4711 -
1242 4675 1268 4724 9.
1295 4674 1364 4737 quod
1394 4672 1431 4723 Μ.
1459 4699 1493 4709 -

179 4741 222 4791 13.
242 4743 384 4792 ostenderet
402 4743 440 4791 Μ.
462 4767 491 4775 --
528 4741 571 4792 li.
590 4744 631 4791 rui
647 4742 685 4791 Μ.
710 4766 736 4775 -
776 4744 818 4793 16.
837 4746 890 4794 eius
909 4744 962 4793 del.
983 4745 1014 4794 E.
1034 4744 1121 4806 (breim
1138 4745 1255 4794 malebat
1272 4741 1438 4804 Lambinus.)
1459 4766 1494 4778 -

179 4811 222 4859 l'l.
241 4813 401 4861 academicae
419 4811 456 4861 Μ.
486 4836 521 4846 -
556 4812 600 4861 Μ.
619 4827 696 4861 man
715 4812 751 4862 Μ.
781 4839 805 4848 -
848 4814 891 4863 25.
909 4815 1034 4875 philionir
1053 4815 1089 4866 Μ.
1116 4839 1149 4848 ——
1185 4815 1230 4865 28.
1248 4814 1377 4865 videbitur
1395 4814 1429 4866 N.
1459 4836 1493 4847 -

177 4880 252 4930 nobis
267 4888 292 4931 et
310 4883 379 4933 inter
396 4881 542 4933 Manutius.
561 4905 593 4917 -
629 4882 673 4932 82.
693 4888 747 4933 tum
764 4883 865 4947 quidem
883 4892 939 4933 tum
956 4885 996 4933 oei
1013 4883 1051 4936 Μ.
