3256 5400
427 206 500 268 Llll.
522 207 574 268 lll.
618 207 675 269 ΕΡ.
697 205 749 268 13.
771 205 824 267 27.
846 235 886 248 ·-
908 205 982 267 LIB.
1003 204 1185 268 11111111.
1405 209 1467 271 see

143 367 228 432 vires
257 361 358 428 bonos
387 362 519 447 gratiam
545 362 659 446 magis,
688 382 782 448 qnam
809 371 1004 447 optaramus,
1034 360 1193 427 consecuti
1214 381 1333 429 snmus.
1375 368 1411 430 ln
1431 385 1468 430 re

143 472 246 525 autem
271 456 432 529 familiari,
459 476 540 541 quae
562 454 824 542 quemadmodum
845 455 959 528 fracta,
987 453 1152 540 dissipata,
1185 454 1307 542 direpta
1327 457 1382 534 sit,
1404 480 1468 525 non

142 555 286 638 ignoras,
317 548 408 614 valde
429 547 608 614 laboramus
630 557 817 636 tuarumque
838 570 902 613 non
922 559 985 613 mm
1006 547 1201 624 facultatum,
1233 571 1310 637 quas
1331 571 1391 637 ego
1411 571 1469 617 no-

142 662 222 714 stras
244 665 313 711 esse
334 642 458 718 iudico,
480 663 575 728 quam
596 642 801 709 consiliorum
822 641 862 708 ad
883 640 1073 727 colligendas
1094 650 1127 707 et
1147 643 1377 711 constituendas
1394 645 1469 711 reli-

143 742 233 829 quias
262 747 385 804 nostras
411 736 598 821 indigemus.
655 739 686 800 1.
707 740 811 808 Nunc,
839 735 897 800 etsi
925 735 1030 800 omnia
1058 743 1112 800 aut
1143 736 1257 822 scripta
1279 759 1348 803 esse
1369 761 1387 804 a
1408 739 1492 807 tnisa

142 833 282 900 arbitror
302 841 355 896 aut
383 830 475 896 etiam
498 829 614 894 nuntiis
642 849 679 894 ac
699 849 828 894 rumore
856 829 992 914 perlata,
1020 837 1124 894 tamen
1146 850 1184 894 ea
1204 830 1340 898 scribam
1361 831 1469 909 brevi,

142 948 223 1012 qnae
256 935 286 990 te
320 935 396 1009 puto
428 923 625 1008 potissimum
660 944 701 988 ex
731 923 810 987 meis
842 922 953 988 litteris
986 922 1066 988 velle
1099 943 1301 1008 cognoscere.
1365 926 1471 993 Pridie

143 1025 245 1085 Nonas
272 1021 358 1082 Sext.
386 1013 583 1103 Dyrrhachio
606 1036 675 1080 sum
696 1017 870 1102 proiectus,
903 1017 973 1103 ipso
1001 1016 1056 1081 illo
1084 1015 1150 1092 die,
1184 1038 1248 1104 quo
1270 1017 1322 1083 lex
1343 1029 1390 1084 est
1411 1019 1472 1085 leta

143 1112 182 1177 de
211 1110 313 1177 nohis.
370 1109 572 1175 Bnmdisinm
599 1109 671 1173 veni
698 1111 793 1175 Nonis
822 1115 908 1177 Sext.
965 1107 1012 1174 lbi
1040 1108 1117 1175 mihi
1146 1110 1279 1178 Tulliola
1311 1134 1380 1177 mea
1412 1110 1472 1178 tuit

142 1215 268 1293 praesto
294 1203 386 1269 natali
416 1223 475 1268 suo
503 1203 572 1287 ipse
601 1202 668 1275 die,
697 1204 751 1290 qui
779 1224 854 1269 casu
875 1204 959 1269 idem
981 1202 1091 1267 natalis
1123 1214 1190 1268 erat
1212 1215 1244 1270 et
1264 1206 1470 1271 Brundisinae
1481 1229 1507 1273 ao

143 1300 283 1365 coloniae
315 1310 346 1363 et
374 1306 444 1362 tuae
473 1296 592 1362 vicinae
623 1298 756 1372 Salutis;
794 1318 874 1384 quae
903 1318 953 1362 res
983 1295 1200 1362 animadversa
1229 1319 1248 1363 a
1274 1299 1470 1365 multitudine

142 1415 262 1458 summa
276 1390 536 1457 Brundisinorum
551 1391 757 1475 gratulatione
778 1389 932 1455 celebrata
955 1399 1012 1455 est.
1054 1395 1133 1455 Ante
1155 1390 1237 1457 diem
1253 1413 1300 1458 vr.
1315 1393 1361 1459 ld.
1385 1397 1470 1459 Sext.

142 1485 293 1571 cognovi,
320 1504 391 1548 cum
420 1482 577 1548 Brundisii
617 1505 737 1558 essem,
773 1484 886 1549 litteris
916 1481 1025 1561 Quinti
1050 1482 1172 1560 fratris,
1205 1485 1338 1552 mirifico
1367 1485 1471 1552 studio

143 1581 281 1644 omnium
315 1587 449 1642 aetatum
475 1586 568 1662 atque
598 1577 761 1654 ordinum,
795 1574 971 1642 incredibili
993 1596 1149 1643 concursu
1169 1578 1274 1644 ltaliae
1296 1579 1397 1665 legem
1418 1600 1472 1645 co-

143 1673 237 1738 mitiis
267 1671 447 1736 centuriatis
475 1693 543 1735 esse
571 1672 735 1758 perlatam.
777 1671 853 1736 Inde
875 1692 893 1734 a
915 1668 1110 1735 andisinis
1132 1671 1357 1739 honestissimis
1378 1693 1508 1738 orna-as

143 1776 210 1839 tus,
234 1767 295 1829 iter
316 1765 359 1829 ita
380 1762 457 1837 ieci,
480 1775 514 1830 ut
535 1765 673 1853 undique
695 1765 734 1831 ad
757 1786 806 1829 me
829 1766 899 1829 cum
916 1762 1123 1848 gratulatione
1144 1765 1237 1850 legati
1258 1766 1471 1833 convenerint.

144 1865 174 1924 5.
196 1857 244 1925 Ad
273 1857 384 1922 urbem
406 1858 449 1923 ita
480 1864 566 1933 veni,
588 1869 623 1926 ut
644 1880 738 1926 nemo
761 1858 852 1925 ullius
874 1857 992 1923 ordinis
1014 1857 1110 1923 homo
1133 1860 1357 1926 nomenclatori
1379 1867 1471 1926 notus

142 1951 253 2026 luerit,
283 1951 338 2036 qui
364 1951 439 2015 mihi
467 1950 592 2018 obviam
622 1974 686 2019 non
712 1952 851 2026 venerit,
885 1958 1088 2037 praeterens
1110 1951 1272 2028 inimicos,
1303 1951 1417 2040 quibus
1437 1950 1472 2018 id

143 2049 246 2132 ipsum
277 2067 341 2112 non
370 2046 478 2111 liceret
506 2055 560 2111 ant
588 2046 785 2113 dissimulare
814 2054 867 2109 ant
887 2064 1014 2129 negare.
1058 2047 1134 2110 Cum
1163 2047 1316 2113 venissem
1338 2046 1377 2112 ad
1397 2065 1472 2132 por·

142 2151 205 2206 tam
228 2143 398 2225 Capenam,
419 2137 535 2223 gradus
557 2140 745 2225 templorum
767 2136 808 2204 ab
831 2136 937 2203 infima
958 2136 1051 2223 plebe
1072 2140 1220 2225 completi
1241 2148 1345 2218 erant;
1366 2161 1385 2205 a
1407 2159 1508 2227 quasa

143 2235 254 2320 plausu
277 2232 416 2297 maximo
438 2253 509 2297 cum
539 2243 621 2298 esset
642 2231 720 2298 mihi
741 2232 908 2319 gratulatio
930 2230 1118 2317 significata,
1141 2234 1251 2300 similis
1274 2243 1305 2298 et
1324 2233 1471 2319 frequen·

144 2334 185 2393 tia
208 2338 238 2392 et
260 2327 385 2412 plausus
407 2346 457 2389 me
478 2347 578 2412 usqne
600 2325 640 2392 ad
662 2325 849 2412 Capitolium
871 2323 1059 2403 celebravit;
1081 2325 1114 2391 in
1136 2325 1271 2413 loroque
1293 2326 1378 2391 etin
1399 2325 1470 2411 ipso

145 2421 298 2507 Capitolio
320 2418 459 2483 miranda
483 2420 647 2486 multitudo
669 2419 742 2497 iuis
770 2418 926 2505 postridie
947 2419 980 2484 in
1002 2427 1126 2494 senatu,
1149 2421 1204 2507 qui
1224 2421 1284 2486 fuit
1304 2419 1370 2485 dies
1392 2424 1470 2485 Non.

144 2511 337 2597 Septemhr.,
373 2512 492 2576 senatui
519 2517 633 2597 gratias
663 2513 794 2599 egimus.
851 2516 881 2577 6.
914 2515 961 2577 Eo
988 2510 1086 2576 biduo
1115 2533 1186 2577 cum
1215 2521 1297 2578 esset
1328 2534 1470 2579 annonae

144 2625 265 2669 summa
292 2603 402 2668 caritas
433 2612 464 2666 et
486 2603 629 2670 homines
650 2605 690 2671 ad
712 2605 867 2670 theatrum
888 2604 1009 2690 primo,
1040 2604 1152 2670 deinde
1175 2605 1215 2670 ad
1236 2615 1376 2672 senatum
1397 2627 1509 2678 con-as

144 2699 331 2769 currissent‚
360 2697 496 2782 impulsu
518 2698 634 2773 Clodii,
658 2719 728 2763 mea
749 2718 846 2783 opera
869 2695 1018 2762 frumenti
1039 2696 1177 2782 inopiam
1199 2719 1268 2763 esse
1289 2699 1472 2778 clamarent;

144 2813 215 2857 cnm
237 2812 294 2877 per
316 2809 371 2853 cos
393 2787 460 2853 dies
482 2799 606 2855 senatus
621 2789 660 2855 de
679 2810 803 2856 annona
824 2786 994 2854 haberetur
1015 2797 1047 2854 et
1068 2788 1107 2854 ad
1129 2790 1197 2856 eins
1217 2796 1472 2877 procurationem

144 2904 289 2951 sermone
318 2904 380 2948 non
408 2882 510 2946 solnm
537 2883 637 2969 plebis
666 2906 776 2949 verum
806 2882 899 2948 etium
929 2881 1087 2948 benorum
1109 2884 1277 2970 Pompeius
1306 2896 1472 2953 vocaretur

144 2979 239 3067 idque
262 2979 328 3065 ipse
350 2986 493 3062 cuperet,
525 2977 756 3065 multitudoque
784 2998 874 3043 ame
903 2975 1104 3053 nominatim,
1135 2985 1171 3042 ut
1198 2977 1232 3043 id
1254 2978 1471 3055 decernerem,

144 3073 331 3160 postularet:
365 3069 425 3135 leci
454 3080 486 3135 et
515 3081 657 3137 accurate
685 3072 869 3138 sententiam
898 3070 979 3146 dixi,
1013 3092 1085 3136 cnm
1110 3068 1256 3137 abessent
1276 3074 1510 3149 consularem«)

144 3167 229 3254 qnod
259 3176 325 3230 tuto
354 3185 388 3229 se
418 3174 568 3250 negarent
593 3186 686 3251 posse
720 3164 904 3230 sententiam
936 3163 1061 3238 dicere,
1097 3174 1225 3250 praeter
1250 3167 1412 3233 Messalam
1441 3174 1473 3231 et

145 3260 318 3325 Afranium.
368 3262 495 3323 Factum
517 3267 564 3322 est
584 3268 709 3324 senatus
731 3257 907 3324 consultum
928 3257 961 3322 in
983 3279 1085 3322 meam
1108 3260 1311 3336 sententiam,
1345 3273 1380 3326 ut
1400 3280 1471 3326 cum

145 3353 296 3439 Pompeio
326 3363 489 3437 ageretur,
518 3360 554 3416 ut
582 3373 650 3416 eam
679 3373 748 3417 rem
777 3357 949 3437 susciperet
977 3351 1091 3439 lexque
1118 3351 1272 3432 ferretur3
1299 3375 1362 3440 quo
1383 3373 1472 3418 scne-

145 3458 194 3512 tus
223 3446 365 3513 consulto
392 3445 522 3510 recitato
551 3465 622 3510 oum
650 3445 816 3520 continuo,
849 3465 939 3509 more
961 3444 1022 3511 hoc
1050 3445 1170 3511 insulso
1192 3456 1224 3510 et
1244 3467 1347 3519 novo,
1383 3446 1473 3532 plan·

145 3562 213 3606 snm
237 3563 307 3605 meo
330 3541 456 3605 nomine
478 3539 637 3605 recitando
659 3539 811 3614 dedisset,
834 3537 929 3604 habui
951 3538 1148 3607 contionem:
1179 3560 1288 3605 omnes
1309 3539 1508 3625 magistra-25

145 3645 196 3700 tus
227 3645 407 3721 praesentes
428 3643 554 3720 praeter
586 3655 683 3699 unum
703 3643 882 3720 praetorem
912 3641 942 3697 et
971 3631 1050 3697 duos
1072 3632 1216 3699 tribunos
1243 3633 1286 3719 pl.
1309 3631 1471 3699 dederunt.

145 3734 176 3794 ’1.
198 3728 353 3794 Postridie
375 3737 500 3793 senatus
521 3728 669 3815 frequens
698 3735 730 3792 et
750 3748 861 3793 omnes
890 3727 1070 3793 consulares
1094 3727 1171 3792 nihil
1192 3726 1343 3811 Pompeio
1363 3734 1473 3811 postu·

215 3932 240 3979 1.
261 3937 381 3992 optemus
399 3928 480 3988 11111,
512 3931 659 3990 optavimus
686 3927 746 3978 Asc.
773 3928 860 3978 tertis.
896 3953 924 3964 -
961 3927 988 3977 3.
1008 3922 1050 3988 ec]
1069 3933 1116 3977 ant
1136 3927 1180 3977 111.
1212 3951 1246 3960 -
1283 3940 1314 3976 en
1331 3910 1475 3977 inscribam*

146 3999 228 4057 hllil,
247 4014 278 4049 eo
296 4000 344 4049 tibi
361 3999 473 4048 scribam
491 3999 554 4048 Asc.
575 4001 652 4049 tertis
671 4011 708 4059 „e
727 3999 828 4049 eoddl'
865 3997 897 4048 Ut
915 4010 983 4059 nos,
1002 3998 1095 4048 Amhr.
1116 3997 1172 4047 17.·
1196 3997 1268 4047 Fert·
1289 4010 1320 4047 so
1337 3999 1392 4046 ium
1408 3998 1471 4047 scri·

147 4071 215 4120 bum.
245 4071 295 4120 On.
329 4093 359 4105 -·
397 4069 424 4118 8.
444 4069 604 4118 Dreroaiium
622 4070 644 4119 l.
675 4094 709 4102 -
744 4070 792 4117 illo
809 4071 866 4130 ipso
885 4069 916 4116 li.
948 4091 980 4102 -
1015 4068 1060 4117 11.
1078 4066 1258 4132 grossissimis
1286 4067 1416 4118 reuisere
1432 4073 1471 4118 est

147 4154 202 4189 om.
223 4140 295 4190 ldiil.
334 4136 505 4204 (suppletum
525 4144 566 4189 est
583 4153 614 4188 es
628 4152 683 4200 mg.
703 4136 845 4188 Cratandri
864 4138 918 4187 ism
935 4151 952 4186 s
971 4135 1112 4199 Victorio.)
1128 4160 1158 4172 -
1174 4134 1416 4198 (Bmodisinornm.
1435 4137 1470 4186 lli

147 4224 194 4275 eqo
212 4217 274 4259 ante
292 4207 327 4271 1.)
357 4233 387 4244 -
423 4208 477 4257 dies
494 4222 548 4258 sex.
567 4210 626 4258 idos
644 4209 689 4267 11,
708 4216 810 4259 sestam
827 4209 895 4257 diem
912 4208 953 4257 id.
973 4207 994 4255 1.
1029 4232 1057 4243 -
1097 4208 1140 4257 13.
1159 4221 1217 4256 eum
1241 4208 1376 4258 Brundisii
1393 4220 1469 4257 mem

148 4294 202 4329 om.
221 4280 281 4329 1111.
318 4279 468 4334 (insertum
488 4284 529 4340 eat
546 4291 578 4328 er
597 4276 708 4340 xrzi.)
738 4302 768 4314 -
805 4292 838 4328 ex
855 4279 951 4328 litteris
969 4276 1125 4327 Lambinus.
1155 4300 1185 4311 -
1222 4277 1265 4327 15.
1285 4278 1470 4327 honestissimis

149 4347 268 4411 ansatas]
287 4349 470 4398 tenuissimis
487 4350 627 4398 comitatos
645 4349 762 4398 malebat
780 4348 940 4405 Ernestioa;
968 4360 1036 4408 egos
1064 4347 1250 4397 honestissimis
1267 4349 1374 4398 meere
1392 4360 1470 4396 orate·

148 4427 201 4469 ius.
220 4419 384 4469 011.-16.
403 4420 507 4481 sommus
524 4419 557 4467 11.
579 4444 606 4455 -
629 4419 671 4468 18.
690 4420 719 4468 id
735 4420 821 4481 ipsam
838 4432 864 4468 se
881 4419 998 4466 inimicos
1015 4428 1065 4466 esse
1082 4431 1137 4465 nors
1154 4416 1228 4467 11111.
1252 4441 1278 4451 -
1300 4418 1342 4466 13-
1363 4423 1388 4465 ei
1406 4422 1469 4467 snte

146 4491 326 4552 plausuum.
346 4489 427 4537 11.-
464 4488 616 4551 [1301.-
652 4489 696 4539 29.
714 4496 744 4538 aas
762 4485 801 4550 id]
820 4490 876 4537 nidi
894 4502 935 4550 pr.
954 4485 991 4535 Μ.
1018 4509 1050 4519 -
1088 4487 1131 4537 30.
1150 4488 1199 4550 [sci
1217 4485 1253 4549 st]
1272 4490 1350 4551 societ
1368 4501 1407 4551 pr.
1428 4485 1466 4537 11.

152 4586 181 4595 -
200 4558 380 4608 occuratisli.
400 4558 519 4618 (idest,
539 4560 740 4608 dementissime.
771 4554 836 4621 Oa.)
867 4580 898 4593 -
936 4557 980 4607 31.
999 4556 1128 4606 lisaniam
1146 4558 1186 4615 n,
1218 4559 1374 4608 Gereonium
1392 4557 1414 4605 l.
1433 4582 1466 4592 ·-

148 4633 232 4693 [octus
250 4628 287 4679 ld.
316 4649 350 4664 -·
385 4628 429 4677 33.
448 4641 503 4676 rem
519 4641 575 4676 om.
594 4628 617 4678 l.
646 4653 678 4664 —
713 4627 1025 4678 stratonicem
1041 4639 1112 4676 more
1129 4627 1164 4676 lil
1182 4632 1210 4676 at
1227 4641 1267 4690 pr.
1286 4626 1331 4687 11,
1358 4629 1468 4677 recitate

149 4715 205 4749 uem
225 4712 296 4748 more
315 4711 385 4746 corr.
404 4697 451 4757 11,
470 4698 581 4747 recitato
597 4712 655 4748 oum
672 4700 774 4756 centio,
792 4711 863 4746 more
882 4697 1029 4746 Manutius.
1049 4719 1081 4734 -
1112 4698 1209 4758 plausu
1226 4698 1272 4748 iil.
1293 4721 1323 4732 -
1360 4697 1403 4746 35.
1422 4710 1468 4746 no·

148 4773 216 4819 mine
233 4772 260 4817 irs
278 4767 410 4818 erodendo
428 4767 459 4822 1,
484 4769 585 4817 nomini
603 4768 737 4818 recitando
755 4768 834 4817 lisnd
853 4767 931 4816 inre·
954 4767 1002 4816 lll.
1030 4767 1137 4829 p.98·1.
1171 4790 1202 4804 -
1239 4767 1283 4817 36.
1302 4766 1467 4819 decrwsrunt

149 4854 220 4890 corr.
239 4838 277 4889 11.
300 4860 329 4871 -
366 4836 409 4886 37.
428 4837 468 4886 nil
485 4836 505 4885 1.
