3256 5400
176 222 239 284 tta
672 219 732 282 ΕΡ.
753 220 805 282 ΔΙ)
826 220 998 283 ATTICUM

177 386 213 443 ut
238 387 396 464 putaram,
421 373 572 461 postridie
601 374 646 448 ei,
676 376 730 461 qui
758 375 835 441 mihi
862 375 982 461 primus
1003 373 1129 439 obviam
1153 374 1297 439 venisset.
1347 371 1500 439 Terentia

177 469 325 535 delectata
353 478 401 535 est
427 468 489 533 tuis
516 468 638 537 litteris.
690 471 832 555 lmpertit
858 468 914 533 tibi
935 467 1063 534 multam
1084 468 1231 546 salutem;
1265 480 1321 534 sat
1342 473 1500 556 Κικέρων

178 568 196 628 ὁ
220 564 403 645 φιλόσοφος
425 563 481 628 τὸν
502 564 668 628 πολιτικὸν
690 567 788 629 Τίτον
809 564 997 641 ἀσπάζεται.

625 706 711 767 s111.
754 704 811 783 (s.
839 705 871 767 o.
894 705 925 769 o.
948 705 1044 783 ess.)

154 830 168 864 ³
658 826 799 891 CICERO
821 827 964 890 ATTICO
987 827 1019 890 S.

276 943 304 1004 t.
334 937 465 1004 Facinus
491 935 675 1021 indiguumt
709 935 872 1022 epistolam
902 939 1045 1022 aihopst
1067 934 1128 1020 ¹tibi
1157 958 1175 1002 a
1203 936 1316 1002 Tribus
1344 938 1501 1003 Tabernis

177 1032 359 1118 rescriptam
386 1029 426 1096 ad
453 1039 522 1095 tuas
549 1029 749 1095 suavissimas
777 1030 923 1116 epistolas
945 1031 1103 1096 nemiuem
1124 1031 1312 1097 reddidisset
1356 1040 1395 1099 dt
1416 1033 1500 1098 scito

177 1146 249 1190 eum
270 1124 468 1199 fasciculum,
491 1142 554 1210 quo
575 1123 660 1189 illam
681 1123 894 1200 emissorem,
918 1122 1045 1190 domum
1067 1146 1106 1189 eo
1128 1125 1197 1211 ipso
1220 1124 1270 1190 die
1290 1125 1386 1191 latum
1408 1148 1498 1197 esse,

177 1239 241 1306 quo
270 1239 330 1304 ego
359 1217 521 1292 dederam,
553 1226 585 1282 et
612 1217 651 1281 ad
677 1238 728 1281 me
756 1217 788 1281 in
809 1217 1009 1282 Formianum
1030 1218 1164 1284 relatum
1186 1239 1264 1284 esse.
1308 1225 1415 1306 ltaque
1438 1219 1497 1284 tihi

142 1323 263 1379 usuam
290 1312 453 1399 epistolam
480 1311 558 1376 iussi
585 1310 716 1386 referri,
745 1331 785 1375 ex
807 1330 869 1397 qua
889 1310 1100 1396 iutelligeres,
1123 1332 1216 1397 quam
1238 1312 1314 1377 mihi
1336 1322 1401 1379 tum
1423 1314 1499 1379 illae

177 1416 283 1492 gratae
304 1405 444 1470 luissent.
487 1409 517 1469 2.
540 1411 656 1470 Romae
678 1403 764 1490 quod
785 1403 895 1468 scribis
916 1403 1017 1479 sileri,
1046 1405 1089 1470 ita
1109 1404 1265 1490 putabam.
1307 1411 1347 1473 nt
1367 1407 1498 1473 hercule

177 1499 210 1564 in
237 1499 330 1583 agris¹
348 1519 413 1564 uon
440 1498 565 1575 siletur3
595 1519 651 1562 nec
676 1497 737 1561 iam
763 1496 822 1582 ipsi
843 1498 910 1581 agri
936 1517 1070 1582 regnum
1090 1509 1229 1564 vestrum
1250 1499 1335 1564 serre
1355 1512 1498 1586 possunt.

178 1592 310 1658 sivero
331 1591 364 1656 in
384 1590 462 1655 hanc
485 1597 670 1669 Τηλέπυλον
691 1591 816 1656 veneris
836 1595 1099 1678 Λαιστρυγονίην
1120 1624 1161 1637 ·-
1182 1592 1323 1657 Formias
1344 1591 1415 1657 dice
1437 1627 1497 1666 -,

178 1684 233 1774 qui
254 1685 396 1750 fremitus
417 1683 599 1750 hominum!
622 1704 717 1769 quam
736 1682 808 1752 irati
829 1683 940 1748 auimil
963 1693 1079 1769 quanto
1100 1683 1132 1748 in
1154 1683 1228 1749 odio
1250 1693 1356 1750 noster
1377 1685 1499 1750 amicus

143 1780 322 1863 ssMaguust
344 1777 433 1842 cuius
454 1796 627 1861 cognomen
647 1797 710 1841 uua
734 1796 805 1841 cum
829 1776 932 1842 Crassi
953 1776 1064 1842 Divitis
1085 1777 1271 1862 cognomine
1292 1779 1498 1844 consenescit.

177 1869 292 1936 Credas
320 1868 398 1934 mihi
418 1868 527 1947 velim3
556 1868 711 1933 neminem
733 1869 833 1934 adhuc
854 1870 988 1944 offendi,
1016 1869 1072 1956 qui
1092 1869 1169 1936 haec
1190 1880 1252 1935 tam
1274 1872 1372 1946 lente,
1402 1892 1497 1958 quam

177 1983 236 2048 ego
256 1962 341 2038 lere,
364 1962 471 2028 ferret.
526 1965 647 2040 Quare,
669 1962 876 2039 mihicrede,
899 1968 1143 2049 φιλοσοφῶμεν.
1200 1969 1324 2031 Iuratus
1345 1964 1402 2030 tibi
1422 1985 1498 2050 pos—

176 2077 247 2122 sum
273 2054 378 2121 dicere
408 2055 485 2122 nihil
513 2076 582 2121 esse
609 2055 695 2121 tanti
750 2060 798 2121 Tu
817 2056 845 2121 si
865 2057 905 2123 ad
927 2058 1090 2146 Sicyonios
1111 2059 1230 2125 litteras
1251 2057 1362 2136 hahes,
1384 2057 1499 2125 advola

177 2148 210 2213 in
230 2148 447 2226 Formianum,
469 2148 552 2215 unde
573 2168 632 2214 nos
652 2147 754 2234 pridie
775 2154 853 2217 Nou.
874 2152 946 2217 Mai.
968 2151 1149 2237 cogitamus.

140 2320 168 2358 „
633 2291 714 2354 mr.
757 2291 814 2372 (a.
840 2294 873 2357 o.
895 2294 927 2358 o.
949 2293 1040 2372 sss.)

651 2414 793 2479 ClCEltO
817 2415 961 2480 ATTICO
986 2417 1018 2480 S.

277 2531 304 2592 1.
329 2528 488 2603 Quantam
514 2533 548 2588 tu
576 2522 654 2588 mihi
686 2540 794 2590 moves
826 2526 1089 2611 exspectationem
1122 2527 1162 2592 de
1193 2549 1339 2594 sermone
1370 2528 1495 2594 Bibulil

177 2628 324 2706 quautam
351 2619 391 2684 de
422 2616 581 2704 colloquio
601 2619 779 2700 βοώιιιδοςῐ
809 2629 954 2705 quantmr
983 2620 1075 2685 etiam
1099 2621 1139 2686 de
1159 2621 1213 2687 illo
1235 2622 1367 2689 delicato
1388 2622 1497 2688 convi-

178 2716 249 2778 viot
291 2711 427 2778 Proinde
454 2711 497 2776 ita
525 2710 588 2784 lac,
616 2710 724 2776 venias
755 2712 794 2777 ad
824 2714 961 2778 sitientes
988 2735 1090 2780 aures.
1134 2718 1334 2803 Quamquam
1350 2715 1428 2781 nihil
1450 2726 1498 2780 est

142 2834 170 2875 ss
178 2807 256 2882 iam,
284 2806 369 2892 quod
390 2806 489 2890 magis
510 2803 682 2870 timendum
710 2806 802 2872 uobis
829 2817 951 2894 putem,
985 2830 1078 2894 quam
1099 2831 1138 2874 ue
1160 2809 1211 2874 ille
1232 2820 1339 2875 noster
1361 2809 1498 2895 Sampsi-

178 2921 340 2975 ceramus,
375 2921 447 2966 cum
478 2920 512 2964 se
545 2899 685 2964 omnium
717 2901 914 2969 sermonibus
950 2901 1061 2967 sentiet
1094 2902 1243 2988 vapulare
1275 2912 1306 2966 et
1337 2922 1409 2967 cum
1441 2902 1497 2968 has

178 2994 316 3061 actiones
344 2999 596 3076 εὔαναιρέπτους
623 2992 758 3069 videbit,
785 3016 879 3061 ruere
905 2994 1041 3082 incipiat.
1097 3002 1164 3082 Ego
1186 3005 1297 3062 'autem
1324 3017 1424 3082 usque
1457 3016 1496 3062 eo

178 3110 248 3154 sum
277 3099 458 3162 enervatus,
488 3094 525 3151 ut
548 3084 611 3151 'hoc
638 3087 720 3160 otio,
748 3107 812 3173 quo
840 3109 922 3152 nunc
943 3088 1142 3166 tabescimus,
1171 3089 1277 3154 malim
1298 3101 1496 3177 ἐνιυρανιιῑ·

179 3191 277 3260 σ3αι,
313 3202 406 3268 quam
439 3200 510 3244 cum
544 3178 661 3264 optima
696 3200 751 3266 spe
786 3180 945 3246 dimicare.
1002 3187 1032 3246 2.
1060 3188 1107 3247 De
1133 3183 1297 3268 pangendo
1333 3181 1418 3269 quod
1444 3205 1496 3248 me

142 3277 291 3343 socrehro
324 3273 514 3347 adhortaris,
544 3271 614 3336 lieri
650 3272 725 3338 nihil
758 3283 870 3359 potest
925 3276 1087 3340 Basilicam
1121 3275 1242 3352 haheo,
1278 3298 1341 3343 uon
1373 3279 1495 3352 villam,

179 3369 353 3456 frequentia
380 3366 628 3432 Formianorum.
670 3371 724 3434 ,at
749 3388 843 3452 quam
868 3389 976 3454 parem
1002 3368 1146 3434 basilicae
1174 3370 1291 3437 tribum
1316 3372 1495 3436 Aemiliam!

179 3464 306 3531 Sed-
336 3461 445 3527 omitto
473 3460 585 3544 vulgus
611 3496 652 3506 —
680 3470 752 3544 post
779 3461 888 3526 horam
911 3482 954 3528 ιν.
976 3463 1100 3529 molesti
1130 3470 1224 3530 ceteri
1247 3486 1309 3531 non
1331 3475 1412 3531 suut.
1462 3467 1496 3529 C.

178 3558 289 3624 Arrius
317 3555 481 3642 proximus
511 3565 559 3618 est
585 3553 720 3632 vicinus;
749 3556 845 3620 immo
866 3556 919 3620 ille
941 3557 1067 3641 quidem
1089 3559 1150 3624 iam
1171 3558 1416 3632 contubernalis,
1441 3557 1496 3644 qui

179 3652 272 3717 etiam
298 3672 333 3716 se
359 3648 478 3714 ideirco
508 3652 639 3713 Romam
666 3646 714 3711 ire
741 3658 846 3733 negat,
877 3658 913 3713 ut
939 3649 991 3714 hic
1019 3671 1141 3715 mecum
1168 3662 1250 3716 totos
1271 3653 1337 3717 dies
1358 3652 1498 3738 phileso-

139 3745 303 3833 ssphetnr.
354 3747 434 3808 Ecce
463 3762 504 3806 ex
531 3740 629 3805 altera
650 3750 738 3826 parte
760 3741 913 3816 Sebosus,
942 3742 993 3807 ille
1016 3745 1114 3809 Catuli
1135 3744 1307 3811 familiaris.
1351 3749 1423 3822 Quo
1445 3766 1496 3809 me

178 3846 323 3909 vertant
366 3837 475 3903 Statim
501 3834 677 3900 mehercule
698 3835 849 3920 Arpinum
875 3836 973 3912 irem,
1002 3843 1034 3903 ui
1056 3847 1086 3903 te
1108 3839 1139 3903 in
1159 3844 1327 3904 Formiano
1356 3859 1497 3903 commo·

249 4060 275 4111 1.
293 4058 433 4108 ebomtsset
451 4067 512 4103 cnm
532 4052 595 4103 net
606 4050 689 4103 Codd.
703 4052 817 4116 Malesp.
832 4053 987 4104 Lambinus.
1010 4078 1041 4090 -
1059 4056 1087 4104 2.
1106 4055 1247 4120 adflecteto
1260 4052 1319 4118 (stc)
1332 4062 1369 4105 est
1387 4062 1413 4105 et
1430 4057 1497 4104 tusis

179 4130 262 4180 lt'ters's
283 4128 401 4191 impertit
421 4125 532 4174 multem
549 4123 657 4174 solutam
674 4123 702 4173 Μ
734 4121 884 4186 (supensos.
910 4125 957 4174 ttbt
974 4130 1036 4174 ante
1054 4123 1200 4187 mttltom),
1230 4127 1364 4190 adfectato
1382 4126 1429 4175 ttbt
1447 4132 1495 4174 est.

179 4200 214 4249 m
238 4200 278 4248 hta
300 4198 395 4248 litteris
412 4196 527 4256 tmperttt
550 4192 660 4243 multem
681 4192 790 4243 celetem
808 4195 843 4254 n,
874 4195 1006 4258 adfectato
1031 4202 1068 4246 est
1087 4198 1138 4244 tots
1156 4196 1259 4245 littaris.
1305 4197 1429 4257 Imports't
1449 4195 1498 4245 tibi

179 4269 289 4319 mettum
305 4266 398 4317 solatis
417 4265 439 4314 Ι.
475 4263 633 4314 Emendarit
651 4261 794 4312 Victorius.
819 4289 842 4300 -
882 4265 909 4314 6.
928 4260 1056 4336 αύθωρεὶ
1074 4279 1129 4315 eur.
1150 4265 1180 4314 h.
1202 4292 1230 4302 -
1268 4266 1294 4315 7.
1314 4267 1350 4314 od
1368 4267 1417 4315 tris
1437 4273 1497 4315 tuas

180 4338 213 4389 11.
234 4362 263 4375 -
300 4351 340 4400 sp.
358 4336 483 4397 scriptum
499 4336 625 4384 neminem
644 4346 683 4395 pr.
702 4333 739 4383 Μ.
759 4359 793 4367 -
830 4335 932 4383 Adsctto
950 4335 986 4386 Μ.
1025 4334 1068 4397 (ot
1087 4350 1141 4398 mg.
1161 4335 1215 4393 Μ.)
1232 4359 1265 4372 -
1299 4335 1326 4384 8.
1344 4337 1497 4399 [metretum

179 4409 209 4458 tn
233 4407 332 4472 puell.
365 4429 397 4440 -
433 4405 459 4454 9.
479 4403 621 4454 Formione
638 4402 670 4451 u.
703 4426 733 4437 -
770 4405 812 4453 to.
830 4412 956 4467 ostentum
979 4405 1120 4455 illoemtbt
1139 4406 1169 4454 tt.
1204 4431 1231 4441 -
1272 4406 1314 4455 12.
1334 4403 1437 4456 stlott'bo
1456 4404 1496 4455 Μ.

180 4478 354 4537 (statarius.
373 4469 423 4535 Μ.)
452 4494 484 4509 -
519 4481 638 4523 nostrum
656 4473 678 4522 1.
709 4496 739 4507 -
777 4473 819 4523 tt.
839 4476 954 4537 quiem.
974 4489 1014 4538 pr.
1034 4475 1069 4525 Μ.
1097 4499 1127 4510 -
1163 4476 1309 4539 tnsremttes
1326 4476 1363 4526 Μ.
1384 4501 1412 4512 -
1452 4475 1496 4525 ts.

181 4547 217 4597 ed
235 4545 369 4611 &eveniet
386 4544 487 4594 litterar
503 4543 571 4593 MR:
593 4543 695 4592 litteras
712 4543 748 4591 od
765 4543 898 4606 Sicyonios
916 4545 960 4593 ΙΕ.
983 4571 1010 4581 -
1033 4546 1074 4595 ts.
1094 4545 1160 4596 Met.
1179 4547 1293 4595 recedere
1310 4547 1454 4610 septtamos
1473 4545 1495 4595 l.

183 4639 213 4653 -
232 4616 276 4666 33.
296 4621 422 4682 questum
438 4613 518 4662 etiem
534 4612 572 4662 Μ.
593 4636 623 4650 -
643 4611 686 4662 at.
705 4613 768 4676 soc:
787 4615 870 4662 sentes
888 4621 997 4664 auctore
1016 4615 1137 4665 Ernestie
1151 4615 1316 4666 Schuetzius.
1339 4639 1366 4650 -
1385 4617 1498 4665 sitientis

182 4685 294 4736 euml.
320 4709 354 4721 -
389 4685 433 4733 26.
452 4679 561 4745 cumae]
581 4696 697 4745 qoemse
716 4682 762 4743 Μ,
782 4696 853 4747 quam
873 4699 971 4734 comae
990 4685 1010 4733 l.
1041 4711 1076 4719 —
1111 4681 1169 4747 hos]
1188 4699 1249 4735 suos
1267 4685 1442 4735 Bentivotius.
1464 4712 1493 4721 -

182 4757 226 4806 et.
244 4762 274 4807 ct
290 4769 369 4820 ptem
382 4758 486 4815 portem
503 4752 623 4803 basilicos
641 4752 709 4812 Mn,
736 4753 772 4801 od
788 4767 866 4815 quom
880 4761 982 4816 portem
1001 4755 1026 4805 b.
1046 4756 1068 4803 1.
1114 4755 1291 4805 Emendatum
1319 4762 1359 4805 est
1377 4769 1392 4805 e
1410 4754 1495 4805 ttodd.

182 4825 314 4878 smtt.=·-
351 4825 396 4876 32.
413 4823 490 4875 retest
506 4822 606 4874 molesti
626 4823 647 4872 l.
667 4844 700 4860 ·-
735 4822 896 4873 abscon.
918 4825 992 4875 1.-
1029 4825 1071 4876 35.
1092 4824 1195 4876 Sebelos
1215 4826 1235 4875 1.
1258 4853 1283 4864 -
1319 4825 1416 4876 Catulli
1433 4824 1494 4877 ltu.
