3256 5400
166 218 231 287 881)
598 212 874 284 murcardus
892 221 946 284 AD
966 219 1059 285 asu.

165 399 238 446 cum
258 375 314 454 iis,
336 396 413 463 quas
431 370 659 452 habueramus,
680 375 813 443 navibus
833 375 866 441 in
887 375 1013 464 Lyciam
1032 374 1242 454 venissemus,
1264 397 1360 444 naves
1374 397 1489 445 onera·

166 473 231 540 rias
262 470 439 557 recepimus
465 467 664 556 dominisque
683 469 891 546 restituimus;
912 469 1090 555 iidemque,
1126 469 1212 557 quod
1238 470 1375 539 mnxinw
1396 493 1488 538 vere·

166 565 297 641 bamur,
317 586 358 630 ne
376 572 483 650 posset
503 562 666 629 Dolabella
687 583 758 629 cnm
774 562 840 629 suis
860 561 1035 628 latronibus
1048 562 1215 630 inltaliam
1228 566 1351 641 venire,
1374 567 1489 633 timere

166 659 333 736 desiimus,
352 659 482 724 classem
496 657 668 744 fugientem
681 656 838 744 persecuti
858 676 967 722 sumus
988 676 1088 742 usque
1103 656 1224 733 Sidam,
1246 679 1326 744 quae
1345 669 1489 726 extrema

144 754 256 840 aregio
287 761 335 818 est
359 751 541 838 provinciae
556 773 673 817 meae.
729 755 759 817 6.
788 747 836 815 lbi
856 748 991 834 cognovi
1016 759 1137 836 partem
1158 752 1285 818 navium
1305 751 1489 820 Dolabellae

165 847 346 933 diffugisse,
382 846 518 932 reliquas
540 846 663 934 Syriam
684 847 884 931 Cyprumque
906 843 1031 929 petisse.
1088 843 1211 922 Quibus
1233 845 1386 923 disiectis,
1415 868 1488 913 cum

165 943 278 1009 scirem
300 945 333 1008 C.
355 940 469 1015 Cassii,
491 939 656 1024 singularis
676 937 753 1003 civis
775 947 806 1002 et
820 936 922 1011 ducis,
944 937 1075 1004 classem
1089 939 1259 1005 maximam
1273 940 1342 1006 fore
1359 949 1488 1026 praesto

165 1035 324 1124 insyria,
353 1034 394 1100 ad
423 1054 530 1098 meum
559 1032 695 1098 officium
723 1031 860 1108 reverti;
897 1029 1042 1118 daboque
1063 1052 1210 1116 operam,
1239 1042 1274 1098 ut
1295 1056 1400 1100 meum
1422 1045 1489 1102 stu-

165 1128 268 1205 dium,
304 1127 496 1213 diligentiam
524 1125 630 1202 vobis,
662 1135 767 1212 patres
788 1124 973 1210 conscripti,
1006 1125 1116 1213 reique
1137 1126 1281 1213 publicae
1309 1136 1487 1214 praestem;

131 1245 157 1289 u
165 1227 391 1310 pecuniamque
412 1242 505 1308 quam
522 1220 688 1286 maximam
710 1230 823 1306 potero
844 1228 875 1284 et
896 1240 988 1306 quam
1010 1220 1174 1286 celerrime
1195 1241 1307 1306 cogam
1323 1223 1485 1289 omnibus·

166 1339 228 1405 que
249 1316 422 1383 rationibus
443 1315 562 1381 advos
583 1316 712 1381 mittam.
756 1315 789 1381 si
814 1334 1006 1401 percurrero
1026 1315 1221 1401 provinciam
1243 1326 1274 1381 et
1294 1337 1488 1401 cognovero,

166 1411 221 1499 qui
242 1410 333 1476 nobis
362 1420 393 1475 et
427 1411 475 1475 rei
503 1409 646 1496 publicae
677 1409 770 1476 fidem
801 1408 1024 1496 praestiterunt
1048 1409 1081 1474 iu
1109 1410 1323 1476 conservanda
1353 1417 1489 1498 pecunia

166 1526 256 1571 ame
278 1505 439 1591 deposita,
473 1504 590 1591 quique
617 1503 735 1570 scelere
760 1503 844 1569 ultro
866 1502 1043 1568 deferentes
1064 1503 1228 1589 pecuniam
1249 1502 1405 1590 publicam
1428 1506 1489 1571 boc

166 1620 296 1666 munere
317 1599 497 1664 societatem
519 1597 694 1664 facinorum
716 1618 787 1663 cum
809 1595 971 1662 Dolabella
985 1596 1138 1671 inierunt,
1161 1596 1273 1662 faciam
1294 1619 1351 1664 vos
1373 1603 1489 1665 certio-

131 1713 228 1761 ures.
270 1698 317 1758 De
339 1691 468 1780 quibus,
491 1692 518 1757 si
539 1691 629 1758 vobis
650 1691 823 1767 videbitur,
846 1691 892 1766 si,
914 1700 950 1756 ut
970 1691 1074 1756 meriti
1096 1701 1184 1766 sunt,
1206 1692 1345 1776 graviter
1372 1692 1489 1758 consti-

166 1786 288 1852 tueritis
308 1807 428 1871 nosque
450 1795 552 1850 vestra
573 1786 757 1852 auctoritate
780 1785 994 1859 firmaveritis,
1016 1784 1138 1851 facilius
1159 1785 1332 1872 etreliqua
1355 1785 1486 1871 exigere

164 1880 327 1965 vectigalia
349 1889 380 1945 et
401 1888 509 1945 exacta
531 1900 658 1944 servare
679 1879 863 1965 poterimus.
905 1883 1027 1945 Interea
1048 1901 1112 1966 quo
1134 1880 1330 1946 commodius
1351 1880 1488 1965 vectiga-

164 1972 206 2038 lia
226 1973 308 2039 tueri
329 1973 585 2059 provinciamque
607 1971 646 2037 ab
668 1972 781 2039 iniuria
803 1972 972 2040 defendere
993 1973 1128 2060 possim,
1160 1973 1351 2059 praesidium
1372 1974 1486 2039 volun·

119 2068 122 2075 '
164 2066 279 2132 tarium
300 2066 572 2152 necessariumque
593 2067 781 2151 comparavi.
834 2071 865 2131 7.
892 2067 949 2132 His
978 2067 1089 2132 litteris
1102 2066 1234 2152 ‘scriptis
1263 2067 1376 2132 milites
1397 2066 1490 2131 circi-

126 2167 214 2224 uter
242 2178 343 2235 xxx..
377 2180 456 2246 quos
486 2157 646 2224 Dolabella
674 2180 714 2224 ex
742 2159 815 2225 Asia
842 2160 1092 2246 conscripserat,
1128 2159 1257 2248 eSyria
1278 2159 1433 2246 fugientes
1453 2160 1488 2225 in

165 2251 377 2340 Pamphyliam
397 2260 560 2319 venerunt.
614 2253 639 2319 li
660 2252 842 2319 nuntiarunt
866 2254 1061 2320 Dolabellam
1093 2254 1311 2327 Antiocheam,
1344 2276 1425 2341 quae
1453 2255 1489 2321 in

38 2408 42 2418 ,
166 2346 256 2434 Syria
278 2355 341 2422 est,
377 2347 522 2426 venisse3
557 2367 621 2412 non
646 2357 808 2435 receptum
833 2357 979 2414 conatum
1001 2369 1070 2414 esse
1091 2349 1258 2435 aliquoties
1281 2347 1313 2412 vi
1334 2347 1487 2428 introire;

165 2440 326 2527 repulsum
348 2462 473 2528 semper
494 2462 563 2506 esse
583 2461 655 2506 oum
675 2461 789 2527 magno
811 2463 869 2507 sno
891 2442 1095 2515 detrimento,
1124 2441 1230 2528 itaque
1251 2450 1376 2506 centum
1397 2441 1489 2507 circi·

165 2541 214 2598 ter
235 2532 374 2606 amissis,
411 2533 513 2619 aegris
535 2533 668 2609 relictis,
703 2545 798 2601 noctu
818 2536 989 2602 Antiochea
1010 2535 1189 2623 profugisse
1210 2534 1395 2601 Laodiceam
1417 2556 1490 2600 ver·

127 2635 233 2703 lasus3
259 2645 296 2690 ea
317 2635 408 2691 nocte
430 2648 538 2692 omnes
558 2625 626 2692 fere
647 2628 799 2695 Asiaticos
821 2629 936 2694 milites
961 2628 1002 2693 ab
1024 2649 1063 2694 eo
1085 2628 1281 2703 discessisse,
1315 2650 1356 2693 ex
1377 2628 1426 2693 lais
1447 2627 1488 2694 ad

166 2720 361 2806 octingentos
389 2718 591 2785 Antiocheam
613 2720 731 2786 redisse
753 2732 839 2788 etse
860 2723 899 2788 iis
920 2721 1106 2797 tradidisse,
1143 2723 1196 2808 qui
1218 2744 1236 2788 a
1257 2722 1364 2789 Cassio
1385 2719 1489 2787 relicti

165 2813 238 2881 urbi
266 2814 312 2880 illi
344 2822 524 2899 praeerant;
564 2825 686 2881 ceteros
706 2836 765 2902 per
785 2817 937 2881 Amanum
964 2815 997 2880 in
1020 2815 1158 2881 Ciliciam
1182 2815 1400 2888 descendisse,
1422 2835 1488 2901 quo

165 2930 206 2974 ex
226 2928 359 2974 numero
382 2928 416 2973 se
444 2928 570 2995 quoque
592 2929 661 2974 esse
682 2908 840 2989 dicebant;
873 2909 1014 2976 Cassium
1036 2917 1140 2974 autem
1161 2929 1232 2973 cnm
1254 2909 1319 2973 suis
1340 2907 1488 2975 omnihus

164 3001 265 3087 copiis
292 3000 468 3067 nuntiatum
497 3023 566 3067 esse
595 3002 753 3088 quatridui
780 3003 841 3068 iter
868 3002 1022 3069 Laodicea
1043 3002 1158 3067 afuisse
1181 3012 1262 3078 tum,
1299 3024 1372 3068 cum
1393 3004 1489 3069 Dola-

126 3093 246 3159 ⁸⁰bella
267 3115 306 3160 eo
327 3094 478 3161 tenderet.
522 3095 736 3173 Quamobrem
756 3097 905 3182 opinione
927 3096 1060 3162 celerius
1075 3095 1198 3162 conlido
1213 3095 1488 3162 sceleratissimum

163 3187 318 3254 latronem
338 3208 456 3275 poenas
477 3187 632 3256 daturum.
676 3210 743 3256 1111.
764 3195 867 3257 Nonas
887 3190 1009 3265 lunias,
1034 3194 1162 3276 Pergae.

624 3331 705 3394 rvr.
747 3330 801 3412 (A.
828 3333 1027 3414 nc.710.)

584 3453 803 3518 TREBONIUS
830 3454 1014 3519 CICERONI
1036 3455 1067 3519 S.

253 3565 281 3628 l.
324 3565 356 3628 S.
378 3568 416 3629 V.
436 3566 472 3629 B.
522 3563 658 3629 Athenas
689 3563 761 3630 veni
789 3585 818 3629 a.
845 3563 875 3629 d.
904 3583 954 3630 x1.
983 3564 1050 3630 lfal.
1078 3568 1146 3630 lun.
1173 3573 1267 3652 atque
1295 3564 1365 3639 ibi,
1402 3564 1488 3651 quod

127 3655 302 3726 umaxime
326 3655 492 3740 optabam,
529 3655 593 3722 vidi
615 3655 713 3721 lilium
734 3664 838 3731 tuum,
861 3656 1000 3722 deditum
1023 3658 1149 3743 optimis
1171 3658 1281 3723 studiis
1303 3679 1487 3745 summaque

164 3748 335 3815 modestiae
366 3749 459 3816 fama.
514 3752 582 3828 Qua
605 3772 646 3816 ex
667 3771 703 3814 re
725 3758 871 3837 quantam
892 3751 1084 3835 voluptatem
1105 3756 1262 3837 ceperim,
1292 3752 1373 3817 scire
1396 3760 1488 3837 potes

163 3847 256 3908 etiam
277 3864 329 3907 me
351 3852 481 3911 tacente.
523 3851 592 3911 Non
613 3845 698 3911 enim
718 3844 835 3917 nescis,
858 3844 965 3928 quanti
986 3854 1015 3908 te
1030 3844 1139 3911 faciam
1153 3856 1184 3911 et
1202 3853 1487 3933 quamprouostro

163 3942 334 4003 veterrimo
356 3939 585 4026 verissimoque
606 3960 715 4005 amore
737 3935 884 4004 omnihus
910 3938 971 4003 tuis
1001 3939 1095 4003 etiam
1125 3940 1262 4004 minimis
1294 3936 1486 4012 commodis,

164 4050 228 4095 non
248 4030 343 4097 modo
365 4041 451 4098 tanto
473 4032 558 4099 bono
580 4032 742 4118 gaudeam.
783 4032 854 4097 Noli
875 4040 1002 4119 putare,
1029 4032 1072 4097 mi
1095 4034 1225 4109 Cicero,
1248 4055 1298 4098 me
1319 4032 1380 4097 hoc
1401 4031 1488 4095 auri·

127 4120 223 4193 tubus
255 4124 317 4189 tuis
345 4124 434 4192 dare:
472 4126 549 4191 nibil
575 4124 771 4190 adolescente
802 4135 858 4191 tuo
888 4135 981 4212 atque
1009 4124 1089 4190 adeo
1110 4136 1219 4192 nostro
1243 4162 1282 4175 -
1305 4124 1382 4189 nibil
1403 4124 1487 4189 enim

164 4215 242 4281 mihi
263 4227 333 4282 ate
354 4228 458 4304 potest
479 4240 548 4285 csse
569 4219 744 4285 seiunctum
765 4251 801 4263 -
827 4227 882 4284 aut
902 4218 1066 4294 amabilius
1081 4219 1226 4285 omnibus
1247 4220 1303 4296 iis,
1325 4218 1381 4306 qni
1394 4218 1489 4284 Athe·

235 4438 262 4487 1.
280 4437 314 4486 lta
332 4450 387 4488 om.
406 4437 444 4489 Μ.
464 4463 497 4475 -
514 4438 542 4487 8.
560 4439 676 4502 usuque
692 4437 731 4490 Μ.
751 4461 782 4476 -
808 4439 836 4490 e.
855 4453 913 4490 cum
929 4441 1030 4490 tsctrm
1047 4441 1084 4491 Μ.
1106 4465 1137 4477 -
1157 4439 1184 4491 8.
1204 4441 1318 4490 studium
1336 4446 1361 4489 et
1378 4439 1488 4503 diligen·

164 4505 231 4555 tium
248 4505 344 4557 Dresd·
364 4508 468 4559 tertius.
483 4532 512 4545 -
551 4509 595 4559 11.
614 4510 763 4560 rationetur
781 4510 826 4560 ll:
847 4525 903 4560 cum
922 4511 1068 4560 ruttonttur
1086 4511 1117 4561 E.
1139 4537 1169 4549 -
1207 4511 1251 4561 18.
1270 4509 1391 4559 secururs
1410 4507 1488 4558 Lam-

165 4574 255 4626 blnus.
284 4599 315 4613 -
351 4577 394 4629 18.
425 4578 605 4629 uoluntarium
621 4581 841 4643 nemausumque
863 4580 909 4630 bl:
939 4583 1111 4631 necessarlum
1136 4581 1362 4643 voluntariumque
1391 4578 1423 4627 E.
1455 4603 1484 4614 -

165 4643 210 4694 80.
236 4641 360 4709 e]stM.
393 4674 423 4685 -
461 4648 505 4698 81.
526 4648 740 4699 ttttzfltnsst.
774 4673 804 4684 -
841 4649 1065 4701 Dl.luodtcheam
1083 4651 1120 4701 Μ.
1153 4674 1184 4686 -
1220 4651 1318 4701 Duas
1342 4650 1375 4698 us
1400 4649 1487 4698 N.-

165 4713 210 4764 88.
228 4715 322 4767 recusa
347 4717 394 4769 ll:
425 4718 579 4769 rudiussll.
607 4743 637 4755 -
674 4719 770 4770 aura.
798 4744 832 4752 —
868 4719 912 4770 87.
929 4733 979 4782 per
1001 4735 1109 4772 muuum
1126 4720 1164 4770 Μ.
1192 4747 1224 4758 -
1259 4716 1484 4783 28.α[ιιι“εεοΜι

165 4783 277 4847 allaim
304 4786 336 4838 B.
372 4788 416 4838 Sic
435 4789 544 4852 abique.
576 4813 607 4827 -
645 4789 689 4840 81.
708 4789 781 4840 Fert.
801 4790 894 4854 Pergo.
914 4788 966 4842 On.
998 4813 1029 4831 -
1066 4791 1109 4842 at.
1135 4789 1162 4840 S·
1186 4791 1215 4841 V.
1234 4790 1266 4840 D.
1284 4789 1331 4841 Al:
1351 4788 1379 4839 S.
1403 4788 1433 4838 V.
1453 4787 1485 4837 D.

165 4854 199 4905 B.
218 4854 249 4906 B.
271 4878 301 4892 -
336 4855 381 4909 88.
400 4854 490 4922 utem]
509 4866 534 4911 et
551 4865 608 4911 tusa
624 4858 663 4913 Μ.
684 4885 712 4898 -
749 4859 795 4912 st.
814 4860 854 4910 tta
870 4858 909 4912 ld.
