3256 5400
186 233 229 295 'lh
614 227 891 295 arssrotautua
912 231 965 294 tl)
985 230 1078 295 ΕΔΜ.

182 392 290 475 Neque
311 395 415 452 tamen
430 384 562 472 ignoro,
584 404 678 472 mam
695 384 893 471 impudenter
912 383 1039 460 ladam,
1060 384 1116 472 qui
1141 384 1277 470 primum
1306 384 1366 452 tibi
1389 394 1509 454 tantum

183 480 289 547 oneris
309 479 468 565 imponam
489 513 530 525 -
551 487 655 565 potest
675 479 759 544 enim
778 478 857 544 mihi
878 477 1035 563 denegare
1049 479 1217 565 occupatio
1237 489 1290 545 tua
1311 516 1370 554 -,
1393 480 1508 546 deinde

183 574 290 647 etiam,
311 581 347 638 ut
367 593 461 639 ornes
481 592 547 645 mc,
568 571 735 657 postulem.
778 571 877 650 Quid,
899 571 927 637 si
947 571 1000 637 illa
1021 571 1079 637 tibi
1099 592 1164 638 non
1181 582 1268 639 tanto
1283 594 1383 659 opere
1397 574 1507 640 viden·

181 676 235 733 tur
255 665 413 732 ornanda?
455 670 486 730 3.
509 665 570 731 Sed
592 674 710 741 minen,
732 666 788 752 qui
808 665 906 730 semel
925 664 1133 730 verecundiae
1148 665 1226 731 fines
1240 666 1409 742 transierit,
1433 689 1507 734 eum

158 759 262 825 sbene
283 767 314 823 et
334 758 456 824 naviter
481 768 607 845 oportet
637 780 706 824 esse
727 759 950 845 impudentem.
992 762 1101 844 ltaque
1128 767 1159 823 te
1180 759 1271 845 plane
1294 758 1391 826 etiam
1411 770 1508 848 atque

182 853 275 918 etiam
296 874 391 938 rogo,
422 862 457 918 ut
478 863 510 918 et
531 874 625 918 ornes
648 874 685 917 ea
705 850 921 917 vehementius
943 850 1038 915 etiam
1059 871 1154 937 mam
1175 851 1308 918 tortasse
1333 854 1456 928 sentis,
1477 864 1508 920 et

180 946 214 1012 in
234 968 273 1011 eo
294 947 379 1032 leges
401 946 551 1013 historiae
573 946 728 1031 negligas,
749 944 944 1030 gratiamque
965 943 1067 1019 illam,
1089 944 1129 1010 de
1149 967 1212 1031 qua
1228 946 1412 1013 suavissime
1430 969 1508 1034 qno-

179 1039 251 1104 dam
271 1039 305 1104 in
325 1040 491 1125 prooemio
512 1040 684 1126 scripsisti,
720 1062 739 1105 a
760 1060 822 1126 qua
845 1047 875 1103 te
897 1037 980 1102 flecti
1001 1059 1065 1103 non
1091 1038 1193 1124 magis
1214 1039 1355 1125 potuisse
1378 1041 1508 1106 demon-

178 1141 258 1198 stras
279 1153 373 1220 quam
393 1135 562 1199 Herculem
584 1133 841 1219 Xenophontium
862 1133 951 1197 illum
970 1153 989 1196 a
1010 1132 1187 1217 voluptate,
1216 1154 1304 1208 eam,
1326 1133 1354 1199 si
1375 1155 1425 1198 me
1450 1133 1506 1199 tihi

145 1226 394 1292 roschemcntius
407 1227 646 1301 commendabit,
669 1249 708 1292 ne
721 1247 892 1312 aspernere
906 1220 1071 1311 amorique
1084 1235 1194 1291 nostro
1211 1227 1387 1312 plusculum
1401 1227 1506 1300 etiarn

179 1339 274 1403 quam
294 1319 445 1385 concedet
466 1320 596 1395 veritas,
620 1321 764 1405 largiare.
813 1317 935 1396 Quodsi
964 1327 995 1383 te
1025 1316 1236 1395 adducemus,
1268 1328 1303 1386 ut
1327 1320 1388 1386 hoc
1409 1320 1506 1386 susci-

180 1411 264 1497 pias,
298 1413 375 1486 erit,
411 1423 446 1479 ut
477 1413 554 1479 mihi
582 1412 772 1500 persuadeo,
809 1412 956 1479 materies
981 1411 1075 1495 digna
1103 1411 1251 1479 facultate
1273 1422 1304 1478 et
1325 1413 1417 1500 copia
1444 1424 1506 1479 tna.

180 1509 212 1570 t.
234 1510 260 1570 Α
283 1503 438 1591 principio
451 1506 534 1570 enim
557 1507 782 1572 coniurationis
800 1527 900 1592 usque
922 1505 962 1570 ad
975 1505 1113 1571 reditum
1126 1516 1268 1572 nostrum
1284 1506 1410 1572 videtur
1428 1507 1505 1572 mihi

180 1596 339 1663 modicum
359 1598 516 1684 quoddam
538 1620 654 1685 corpus
675 1600 786 1666 contici
806 1621 921 1687 posse:
952 1598 985 1664 in
1007 1621 1072 1687 quo
1093 1609 1125 1664 et
1144 1600 1198 1666 illa
1218 1601 1337 1687 poteris
1360 1602 1406 1666 uti
1429 1599 1506 1664 civi-

144 1691 254 1758 aslium
276 1694 554 1759 commutationum
580 1693 708 1760 scicntia
737 1694 786 1760 vel
807 1694 841 1758 in
868 1693 1060 1779 explicandis
1091 1693 1196 1759 causis
1217 1716 1327 1759 rerum
1349 1715 1506 1760 novarum

179 1785 229 1851 vel
249 1785 282 1850 in
313 1786 461 1852 remediis
488 1788 778 1861 incommodorum,
815 1808 887 1852 cum
909 1796 941 1850 et
961 1786 1175 1872 reprehendes
1196 1808 1253 1864 ea,
1277 1809 1360 1875 quae
1382 1787 1507 1872 vitupe-

178 1879 277 1944 randa
298 1879 408 1954 duces,
431 1892 478 1952 ct.
501 1903 582 1967 quae
602 1881 784 1967 placebunt,
807 1879 1002 1966 exponendis
1016 1878 1193 1946 rationibus
1209 1880 1442 1968 comprobabis,
1465 1889 1505 1953 et,

179 1973 206 2038 si
227 1971 371 2048 liberius,
394 1983 429 2039 ut
449 1975 623 2048 consuesti,
651 1975 806 2060 agendum
831 1973 972 2061 putabis,
995 1973 1166 2040 multorum
1188 1974 1222 2039 in
1244 1997 1302 2041 nos
1324 1974 1505 2061 perlidiam,

178 2067 323 2142 insidias,
345 2067 556 2154 proditionem
578 2068 711 2134 notabis.
753 2070 881 2135 Multam
903 2067 999 2132 ctiam
1019 2088 1110 2134 casus
1132 2068 1233 2133 nostri
1249 2070 1434 2134 varietatem
1450 2066 1504 2132 tibi

141 2161 210 2226 acin
232 2161 398 2227 scribendo
420 2161 663 2248 suppeditabunt
685 2163 808 2249 plenam
823 2158 984 2226 cuiusdam
1000 2160 1184 2247 voluptatis,
1207 2183 1288 2248 quae
1304 2162 1506 2227 vehementer

178 2255 299 2320 animos
320 2255 481 2321 bominum
502 2256 535 2321 in
558 2256 692 2342 legendo
714 2265 769 2322 tuo
791 2253 910 2340 scripto
932 2253 1069 2319 retinere
1090 2254 1200 2341 possit
1242 2256 1325 2322 Nihil
1347 2267 1394 2321 est
1421 2255 1505 2320 enim

178 2348 280 2433 aptius
308 2348 348 2413 ad
376 2349 614 2415 delectationem
642 2350 770 2415 lectoris
791 2368 885 2435 mam
907 2357 1087 2433 temporum
1108 2347 1275 2415 varietates
1296 2350 1505 2437 fortunaeque

178 2440 425 2508 vicissitudines:
460 2464 541 2529 quae
562 2444 620 2508 etsi
642 2441 733 2509 nobis
755 2440 909 2527 optabiles
930 2440 963 2505 in
985 2439 1182 2525 experiendo
1204 2462 1267 2506 non
1290 2443 1435 2517 luerunt,
1472 2443 1505 2509 in

178 2534 311 2619 legendo
333 2545 438 2600 tamen
458 2547 551 2602 erunt
571 2535 742 2614 iucundae;
765 2535 861 2601 habet
881 2534 966 2599 enim
987 2534 1150 2619 praeteriti
1181 2534 1301 2601 doloris
1323 2557 1433 2602 secura
1455 2556 1507 2602 re-‘

142 2628 319 2694 scortatio
341 2629 592 2696 delectationem.
647 2637 678 2696 5.
711 2631 831 2696 Ceteris
855 2649 932 2694 vero
955 2628 1039 2693 nulla
1060 2627 1233 2714 perfunctis
1255 2629 1385 2715 propria
1407 2631 1506 2695 mole-

178 2722 253 2797 stia,
286 2744 377 2789 casus
398 2734 503 2790 autem
524 2725 645 2790 alienos
666 2724 734 2789 sine
755 2723 821 2788 ullo
842 2721 954 2787 dolore
976 2719 1184 2796 intuentibus,
1207 2721 1300 2787 ctiam
1322 2724 1390 2809 ipsa
1412 2723 1507 2790 misc-

177 2814 316 2881 ricordia
338 2827 386 2882 est
406 2817 553 2883 iucunda.
596 2821 697 2895 Quem
719 2817 803 2881 enim
825 2819 969 2880 nostrum
990 2813 1043 2880 ille
1065 2819 1205 2881 moriens
1220 2814 1504 2901 apud'hlantineam

177 2910 410 2995 Epaminondas
439 2933 502 2977 non
531 2932 603 2977 cum
633 2911 767 2997 quadm
788 2908 991 2973 miseratione
1013 2907 1167 2974 delectat?
1199 2908 1343 2994 quitum
1367 2907 1505 2996 denique

178 3001 239 3069 sibi
261 3004 354 3069 avelli
375 3002 463 3070 iubet
483 3004 654 3090 spiculum,
677 3011 880 3089 posteaquam
903 3001 932 3066 ei
954 3001 1150 3087 percontanti
1165 3001 1284 3066 dictum
1301 3011 1349 3066 est
1368 3002 1503 3088 clipeum

141 3110 248 3162 ”csse
270 3097 410 3170 salvum,
431 3104 467 3162 ut
488 3096 583 3161 etiam
604 3096 637 3161 in
658 3096 797 3162 vulneris
817 3095 929 3161 dolore
949 3116 1051 3182 aequo
1072 3095 1177 3161 animo
1200 3116 1271 3160 cum
1293 3092 1386 3159 laude
1400 3117 1505 3161 more·

176 3199 276 3256 retur.
330 3190 425 3255 Cuius
447 3189 585 3255 studium
606 3189 640 3253 in
661 3189 794 3274 legendo
818 3210 882 3254 non
904 3198 1044 3253 erectum
1067 3187 1268 3254 Themistocli
1289 3187 1363 3271 luga
1385 3189 1505 3255 reditu-

177 3303 240 3368 que
260 3282 435 3348 retinetur?
462 3283 587 3347 Etenim
608 3284 689 3349 ordo
710 3283 778 3369 ipse
799 3281 956 3347 caudium
976 3279 1179 3345 mediocriter
1201 3301 1258 3345 nos
1279 3280 1394 3346 retinet
1413 3283 1503 3368 quasi

177 3375 412 3440 enumeratione
435 3375 602 3453 fastorum3
623 3385 657 3441 at
676 3376 739 3440 viri
760 3396 854 3461 saepe
876 3374 1058 3439 excellentis
1080 3374 1231 3460 ancipites
1252 3373 1395 3460 variiquc
1413 3397 1504 3440 casus

177 3466 292 3533 babent
305 3468 559 3544 admirationem,
583 3470 868 3556 exspectationem,
890 3467 1056 3542 laetitiam,
1079 3467 1269 3541 molestiam,
1286 3488 1391 3553 spem,
1411 3469 1505 3535 timo·

140 3576 260 3625 acrem:
283 3561 310 3626 si
333 3584 409 3627 vero
431 3563 518 3628 exitu
540 3563 670 3629 notabili
692 3561 935 3636 concluduntur,
968 3561 1114 3646 expletur
1135 3560 1257 3625 animus
1278 3559 1504 3627 iucundissima

178 3653 321 3719 lectionis
342 3656 511 3741 voluptate.
560 3662 589 3721 6.
622 3659 694 3735 Quo
716 3656 794 3722 mihi
816 3655 965 3721 acciderit
985 3655 1144 3740 optatius,
1168 3653 1249 3719 siin
1270 3652 1329 3718 hac
1350 3655 1503 3719 sententia

177 3746 292 3822 fueris,
326 3757 360 3813 ut
380 3769 399 3812 a
420 3749 652 3815 continentibus
674 3749 736 3815 tuis
757 3749 898 3835 scriptis,
921 3749 953 3814 in
975 3747 1090 3834 quibus
1112 3759 1297 3833 perpetuam
1319 3768 1428 3811 rerum
1449 3769 1504 3832 ge-

177 3850 296 3905 starum
317 3840 480 3906 historiam
502 3842 739 3929 complecteris,
761 3865 906 3908 secernas
928 3843 1007 3908 hauc
1028 3842 1119 3928 quasi
1134 3840 1273 3906 sahulem
1286 3861 1395 3905 rerum
1410 3862 1505 3905 eveu-

178 3944 345 4019 torumque
367 3945 567 4013 nostrorum;
590 3935 684 4001 habet
705 3936 788 4001 enim
810 3937 915 4002 varios
937 3947 1023 4002 actus
1040 3935 1216 4020 multasque
1230 3932 1369 3998 actiones
1383 3943 1415 3997 et
1429 3954 1504 3998 con-

140 4026 321 4092 ttsiliorum
354 4037 386 4093 et
417 4037 605 4114 temporum.
665 4035 709 4095 Ac
744 4052 808 4096 non
844 4051 975 4105 vereor,
1004 4051 1044 4093 ne
1073 4028 1336 4093 assentatiuncula
1368 4026 1503 4112 quadm

176 4120 326 4206 aucupari
348 4131 432 4185 tuam
454 4121 586 4205 gratiam
608 4122 736 4197 videar,
766 4144 838 4189 curn
860 4125 921 4190 hoc
942 4123 1173 4194 demonstrem,
1210 4141 1261 4185 me
1283 4142 1302 4184 a
1324 4128 1353 4183 tc
1375 4119 1503 4205 potissi-

177 4234 263 4278 mum
286 4214 394 4279 ornari
415 4213 631 4300 celebrarique
653 4215 742 4280 velle.
785 4222 891 4302 Neque
914 4216 997 4282 enim
1020 4215 1102 4281 tuis
1124 4236 1176 4290 es,
1199 4213 1268 4299 qui,
1291 4213 1346 4297 qui
1367 4212 1426 4288 sis,
1450 4234 1504 4276 ne·

177 4305 272 4380 scias,
296 4309 401 4393 etqui
424 4328 486 4372 non
508 4329 564 4373 eos
585 4313 698 4393 magis,
721 4309 777 4394 qui
799 4319 830 4375 te
845 4332 909 4376 non
923 4309 1134 4383 admirentur,
1156 4307 1300 4382 invidos,
1324 4326 1418 4392 quam
1434 4326 1501 4381 eos,

247 4527 274 4576 5.
294 4527 366 4576 Fort.
386 4525 447 4576 hane
464 4527 577 4577 nouiter.
598 4526 649 4576 Oa.
679 4549 708 4564 -
743 4528 771 4577 8.
790 4527 858 4594 (tecti
877 4528 912 4577 V:
940 4528 1023 4594 effecti
1039 4526 1086 4583 u.
1113 4526 1184 4591 offici
1201 4525 1233 4575 E.
1255 4548 1285 4560 -
1320 4526 1503 4574 demonstrem

178 4596 215 4646 bl.
241 4619 274 4630 -
309 4598 336 4646 e.
362 4597 485 4646 eomblt
505 4595 589 4656 coll,
609 4610 665 4646 om.
684 4598 716 4646 B.
747 4621 777 4633 -
815 4599 858 4648 11.
878 4596 1060 4648 concedathlt
1079 4597 1202 4647 meedot
1222 4594 1251 4644 li.
1282 4619 1312 4629 -
1350 4596 1393 4644 ts.
1413 4596 1503 4645 uome-

178 4671 259 4715 totem
277 4665 324 4716 ttht
342 4666 386 4716 Me
406 4667 454 4716 ttht
472 4668 627 4716 vamtatem
647 4666 676 4716 li.
699 4691 727 4703 -
766 4668 810 4717 21.
833 4669 862 4716 tn
880 4668 987 4733 tepmdo
1006 4674 1052 4716 tuo
1070 4669 1169 4729 scripto
1186 4665 1296 4714 retinere
1315 4664 1454 4715 Orelliua:
1473 4667 1503 4714 tn

178 4735 256 4799 tegam
274 4737 333 4785 dote
351 4739 448 4798 scripto
467 4739 577 4786 retinere
595 4737 623 4788 bl
633 4772 640 4795 ,
667 4737 696 4785 in
714 4736 821 4801 lependo
839 4740 938 4801 scripto
956 4739 1066 4787 retinere
1085 4737 1123 4796 ll,
1143 4736 1172 4785 trs
1190 4735 1295 4799 tegendo
1315 4741 1399 4784 tenere
1416 4735 1448 4784 Ε.
1470 4760 1500 4770 -

177 4803 222 4854 35.
240 4807 440 4856 iucundissimae
459 4806 508 4856 Vh.
544 4829 571 4842 ·-
607 4807 652 4857 39.
684 4814 758 4856 actua
783 4810 988 4871 mutationesque
1006 4807 1167 4870 Madvigius.
1201 4829 1230 4841 ·-
1268 4804 1311 4855 tt.
1335 4803 1402 4867 cum]
1422 4819 1502 4869 quom

178 4874 215 4925 u.
236 4899 267 4911 -
302 4877 346 4927 41.
365 4892 390 4928 es
408 4877 470 4941 qutd
488 4879 524 4926 ats
540 4877 587 4931 hl.
607 4889 649 4927 aa.
669 4878 731 4926 out.
751 4879 815 4925 auid
831 4880 867 4928 ata
884 4878 1044 4929 Cratander.
