3256 5400
485 221 559 282 ΜΒ.
581 221 664 283 xltl.
708 223 767 284 ΕΡ.
788 222 841 286 73.
863 223 914 286 74.
937 223 988 286 75.
1008 224 1061 286 76.
1082 224 1134 286 77.
1403 231 1465 293 763

142 401 215 447 sens
243 390 346 445 tecum
374 378 424 462 egi
460 378 644 462 diligenter,
677 399 748 444 cnm
778 387 811 444 tn
838 379 915 444 mibi
937 379 1159 447 humanissime
1190 384 1398 468 respondisti,
1435 396 1466 451 et

142 475 253 561 scripsi
274 473 315 539 ad
336 483 366 536 te
388 483 531 537 accurate
552 483 660 551 antea;
682 472 737 537 sed
758 483 846 558 putat
868 474 1018 538 interesse
1040 496 1096 539 sua
1118 497 1169 540 me
1191 476 1229 540 ad
1246 488 1382 564 tequam
1398 501 1466 545 sae-

141 569 269 654 pissime
290 565 440 632 scribere.
495 568 601 643 Quare
623 567 716 630 velim
738 566 814 631 mibi
837 567 995 651 ignoscas,
1018 568 1045 631 si
1066 568 1150 633 illins
1172 571 1322 636 voluntati
1345 572 1463 639 obtem·

141 682 255 747 perans
282 661 385 725 minus
413 659 546 724 videbor
575 661 754 725 meminisse
784 661 974 726 constantiae
1002 669 1085 726 tuae.
1128 667 1159 727 2.
1181 669 1207 728 A
1229 673 1259 729 te
1283 665 1365 731 idem
1387 667 1465 732 illud

141 765 232 840 peto,
254 764 289 818 ut
310 754 349 818 de
370 754 460 827 loco,
483 776 547 839 quo
569 754 713 839 deportet
733 754 941 829 frumentum,
963 764 994 819 et
1016 755 1054 819 do
1077 763 1217 841 tempore
1233 760 1363 825 Avianio
1378 772 1488 825 com-⁵

141 847 269 925 modes;
305 868 441 934 quorum
468 857 637 932 utrumque
666 869 724 933 per
750 848 884 914 eundem
909 869 960 912 me
991 849 1124 915 obtinuit
1153 851 1342 928 triennium,
1390 854 1463 919 dum

141 942 308 1028 Pompeius
337 941 387 1006 isti
415 942 541 1026 negotio
563 942 708 1026 praefuit.
766 946 892 1008 Summa
914 952 980 1015 cst,
1017 944 1050 1007 in
1071 964 1135 1029 quo
1158 945 1233 1010 mibi
1254 947 1465 1030 gratissimum

140 1034 245 1100 lacere
273 1035 390 1122 possis,
427 1039 453 1099 si
483 1036 618 1109 curaris,
651 1045 686 1101 ut
707 1037 870 1113 Avianius,
901 1038 1049 1123 quoniam
1073 1059 1106 1104 se
1129 1060 1147 1103 a
1170 1060 1220 1104 me
1241 1042 1339 1106 amari
1361 1052 1464 1128 putat,

141 1149 192 1193 me
212 1151 231 1193 a
252 1139 283 1194 te
304 1129 403 1193 amari
424 1129 509 1193 sciat.
552 1130 620 1194 Erit
641 1128 673 1193 id
694 1130 772 1194 mibi
792 1143 984 1216 pergratum.

592 1272 726 1335 asari.
769 1272 867 1354 (nam
888 1272 1023 1356 inemo.)
1477 1312 1503 1352 a

273 1397 315 1458 Μ.
338 1395 481 1459 CICERO
504 1394 715 1470 QUATTUOR
737 1397 841 1458 VlRlS
863 1397 914 1457 ΕΤ
935 1397 1220 1461 DECblthNIBUS
1243 1400 1275 1461 S.
1296 1403 1333 1462 Ι).

227 1511 255 1571 1.
277 1511 392 1570 Tantae
419 1504 495 1569 mibi
522 1526 593 1569 cum
623 1507 661 1582 Q.
684 1505 800 1590 llippio
822 1526 933 1569 causae
955 1507 1190 1572 necessitudinis
1212 1520 1298 1582 sunt,
1333 1520 1367 1574 ut
1389 1508 1465 1574 nibil

142 1599 241 1686 possit
262 1618 331 1663 esse
351 1599 561 1671 coniunctius,
585 1620 678 1683 quam
701 1618 759 1662 nos
778 1599 859 1662 inter
881 1619 938 1662 nos
954 1620 1070 1664 sumus.
1115 1601 1284 1677 Quodnisi
1306 1604 1347 1668 ita
1374 1613 1465 1677 esset,

141 1703 251 1759 uterer
270 1714 339 1757 mea
361 1692 600 1764 consuetudine,
623 1700 659 1756 ut
679 1691 770 1756 vobis
792 1692 875 1756 nulla
896 1693 928 1756 in
950 1715 985 1757 re
1007 1694 1157 1758 molestus
1178 1717 1289 1761 essem.
1343 1697 1464 1761 Etenim

141 1807 199 1851 vos
219 1786 296 1851 mibi
317 1786 427 1872 optimi
449 1796 542 1849 testes
565 1786 654 1859 estis,
678 1806 866 1872 quamquam
887 1786 961 1850 mibi
984 1809 1169 1873 persuasum
1191 1801 1273 1855 esset
1294 1790 1370 1855 nibil
1386 1812 1464 1864 esse,
1478 1806 1503 1842 ¹⁵

140 1879 262 1966 quoda
286 1878 376 1944 vobis
396 1880 565 1965 impetrare
587 1901 650 1944 non
672 1901 813 1964 possem,
842 1902 1000 1963 nunquam
1023 1902 1073 1945 me
1099 1891 1201 1946 tamen
1223 1904 1352 1968 gravem
1375 1884 1465 1949 robis

141 1995 211 2038 esse
227 1974 373 2038 voluisse.
395 1977 426 2036 Ρ.
447 1973 656 2037 Vehementer
667 1973 764 2058 igitur
772 1994 830 2037 vos
847 1975 939 2037 etiam
954 1984 1046 2060 atque
1066 1975 1158 2040 etiam
1171 1998 1266 2062 rogo,
1289 1986 1324 2041 ut
1336 1976 1466 2042 bononis

141 2067 205 2131 mei
215 2087 309 2130 cansa
323 2066 540 2131 liberalissime
556 2071 588 2132 C.
602 2066 743 2149 Valgium
756 2067 944 2152 Hippianum
961 2069 1098 2132 tractetis
1112 2091 1242 2153 remque
1253 2092 1324 2134 cum
1340 2092 1379 2134 eo
1391 2091 1466 2134 cou-

141 2160 266 2232 liciatis,
291 2170 342 2232 ut,
364 2181 456 2246 qnam
478 2165 709 2245 possessionem
732 2160 824 2225 babet
845 2166 876 2226 in
891 2181 969 2244 agro
983 2161 1165 2246 Fregellano
1182 2185 1199 2227 a
1214 2163 1305 2228 vobis
1317 2175 1463 2250 emptam,

141 2276 210 2319 earn
233 2253 363 2318 liberam
385 2264 417 2317 ct
437 2254 606 2318 immunem
628 2253 744 2319 babere
766 2254 874 2340 possit.
916 2254 952 2319 ld
972 2255 999 2319 si
1020 2275 1039 2319 a
1062 2255 1152 2320 vobis
1166 2257 1349 2343 impetrato.
1395 2272 1502 2322 nm-*t’

141 2370 194 2414 mo
219 2369 270 2412 me
291 2346 444 2413 beneficio
465 2357 571 2413 vestro
593 2347 738 2413 allectum
759 2347 947 2414 arbitrabor.

564 2490 717 2552 arsur.
760 2488 809 2571 (n.
835 2492 868 2554 u
890 2492 923 2553 c.
945 2493 1031 2561 roa.)

467 2615 508 2675 Μ.
531 2612 673 2675 CICERO
696 2613 728 2674 S.
749 2614 787 2674 1).
809 2613 842 2673 Ρ.
864 2612 1042 2675 SULPICIO
1063 2615 1142 2675 ΙΜΡ.

225 2732 254 2791 1.
277 2729 354 2791 Cum
377 2722 426 2787 bis
446 2720 641 2807 temporibus
662 2742 725 2785 non
747 2721 875 2785 sanein
897 2729 1037 2785 senatum
1059 2722 1263 2796 ventitarem,
1286 2736 1408 2798 mmen,
1430 2733 1465 2791 ut

141 2831 209 2886 tuas
231 2819 349 2883 litteras
371 2817 447 2901 legi,
469 2838 533 2880 non
555 2813 732 2879 existimari
753 2835 804 2878 me
826 2814 913 2879 salvo
934 2819 1004 2879 iure
1026 2824 1152 2879 nostrae
1173 2818 1289 2882 veteris
1310 2820 1502 2885 amicitiae⁸³

142 2912 375 2995 multommqne
395 2910 477 2974 inter
498 2930 556 2973 nos
577 2909 752 2973 olliciornm
775 2906 880 2972 iacere
900 2929 1010 2993 posse,
1043 2917 1077 2975 nt
1098 2909 1212 2974 honori
1233 2919 1288 2976 tuo
1311 2912 1463 2979 deessem.

141 3011 247 3091 ltaque
275 3003 351 3068 allui
381 3003 701 3089 supplicationemque
728 3001 785 3067 tibi
813 3001 958 3067 lubenter
978 3002 1120 3075 decrevi,
1157 3025 1215 3068 nec
1243 3005 1366 3092 reliquo
1387 3016 1466 3071 tem-

141 3119 220 3185 pore
242 3098 307 3163 ullo
329 3105 382 3161 aut
403 3097 452 3161 rei
474 3106 527 3161 aut
548 3095 769 3161 existimationi
792 3106 846 3159 aut
867 3096 1008 3180 dignitati
1024 3105 1095 3160 tuae
1115 3096 1222 3161 deero.
1265 3104 1382 3187 Atque,
1405 3100 1465 3166 boc

141 3204 176 3258 nt
204 3193 249 3257 tui
278 3191 446 3255 necessarii
477 3191 590 3264 sciam,
621 3190 681 3255 boc
703 3211 753 3254 me
775 3190 880 3254 animo
910 3211 984 3275 erga
1007 3200 1037 3254 te
1059 3212 1144 3264 esse,
1178 3191 1271 3255 velim
1293 3193 1387 3258 iacias
1408 3215 1464 3258 eos

142 3308 200 3373 per
228 3286 347 3351 litteras
375 3284 543 3357 certiores,
575 3295 624 3356 ut,
661 3282 785 3368 siquid
809 3282 864 3347 tibi
887 3304 967 3369 opus
988 3284 1043 3357 sit,
1073 3306 1113 3348 ne
1135 3283 1276 3349 dubitent
1297 3286 1373 3350 mibi
1395 3286 1502 3351 iure³⁰

141 3401 200 3446 sno
232 3380 426 3445 denuntiare.
484 3382 514 3441 2.
547 3383 588 3442 Μ.
610 3378 777 3449 Bolanum,
814 3382 917 3442 virum
939 3377 1057 3442 bonum
1079 3387 1110 3442 et
1131 3378 1244 3443 lortem
1266 3387 1297 3443 et
1318 3378 1464 3444 omnibus

140 3475 237 3540 rebus
257 3484 402 3538 ornatum
423 3492 591 3558 meumque
612 3480 751 3534 veterem
772 3470 921 3543 amicum,
945 3470 1001 3535 tibi
1023 3491 1138 3554 magno
1156 3493 1253 3557 opere
1269 3471 1464 3538 commendo.

142 3574 323 3653 Pergratum
345 3566 421 3630 mibi
442 3566 568 3637 leceris,
603 3565 629 3629 si
651 3563 785 3637 curaris,
819 3564 902 3628 ntis
924 3563 1089 3648 intelligat,
1119 3563 1198 3629 banc
1219 3565 1465 3630 commendatio-

141 3686 213 3729 nem
246 3663 305 3729 sibi
333 3680 447 3744 magno
474 3659 653 3723 adiumento
685 3657 797 3733 luisse;
834 3657 1000 3743 ipsumque
1022 3659 1125 3721 virum
1148 3659 1299 3743 optimum
1327 3659 1465 3743 gratissi-

142 3777 290 3841 mumque
311 3774 491 3839 cognosces.
532 3751 685 3816 Promitto
707 3750 779 3823 tibi,
803 3760 832 3815 te
854 3772 895 3815 ex
916 3756 984 3815 eius
1006 3752 1140 3817 amicitia
1163 3773 1303 3836 magnam
1324 3752 1502 3837 volupta-ss

142 3860 204 3914 tem
231 3870 299 3913 esse
331 3858 505 3932 capturum.
553 3851 583 3909 3.
612 3848 776 3909 Praeterea
803 3865 821 3909 a
851 3854 880 3909 te
909 3855 983 3930 peto
1010 3846 1043 3909 in
1071 3846 1223 3910 maiorem
1247 3845 1374 3910 modum
1404 3867 1464 3931 pro

143 3954 248 4009 nostra
270 3943 405 4006 amicitia
427 3951 458 4004 et
479 3961 538 4026 pro
560 3950 615 4003 tuo
630 3950 783 4024 perpetuo
806 3940 837 4004 in
851 3961 902 4002 me
917 3938 1039 4013 studio,
1061 3940 1143 4004 utin
1159 3939 1214 4003 bac
1230 3960 1265 4003 re
1287 3940 1379 4003 etiam
1401 3940 1465 4004 ela-

143 4036 253 4102 bores:
286 4037 470 4122 Dionysius,
493 4056 603 4099 servus
625 4055 730 4107 mene,
753 4035 806 4120 qui
830 4055 930 4098 meam
952 4032 1165 4097 bibliothecen
1187 4034 1357 4098 multorum
1374 4056 1464 4098 num-

142 4152 265 4194 morum
288 4129 446 4201 tractarit,
469 4150 540 4193 cum
563 4128 676 4192 multos
699 4127 796 4192 libros
818 4128 1022 4213 surripuisset
1044 4148 1101 4190 nec
1122 4149 1155 4190 se
1179 4127 1306 4211 impune
1328 4128 1463 4193 laturum

142 4234 282 4309 putaret,
310 4223 440 4307 anlngit
483 4227 512 4287 ls
541 4231 589 4286 est
614 4223 646 4286 in
676 4222 837 4307 prouincia
867 4231 929 4286 tua.
972 4225 1050 4286 Eum
1080 4230 1112 4284 et
1132 4224 1173 4286 Μ.
1195 4221 1347 4293 Bolanus,
1376 4242 1501 4287 mensas

142 4316 319 4389 familiaris,
341 4327 372 4380 et
394 4317 484 4381 multi
505 4315 557 4380 alii
577 4321 720 4379 Naronae
743 4314 904 4390 viderunt;
939 4313 1012 4386 sed,
1035 4334 1105 4379 cum
1128 4335 1161 4377 se
1183 4335 1200 4376 a
1222 4335 1273 4377 me
1295 4315 1464 4380 manumis-

142 4430 211 4473 sum
239 4431 309 4473 csse
341 4409 474 4483 diceret,
506 4408 716 4474 crediderunt
766 4413 857 4473 llunc
877 4418 911 4472 tu
933 4407 959 4472 si
983 4407 1058 4471 mibi
1079 4406 1307 4471 restituendum
1329 4407 1462 4479 curaris,

142 4523 204 4566 non
233 4524 360 4588 possum
390 4502 511 4576 dicere,
544 4524 636 4589 qnam
666 4502 743 4567 mibi
771 4511 894 4587 gratum
923 4500 1063 4565 iuturnm
1085 4500 1134 4564 sit.
1179 4506 1240 4565 Res
1262 4501 1327 4586 ipsa
1350 4521 1462 4586 parva,

209 4725 237 4774 5.
255 4726 324 4788 quod
341 4726 458 4786 deportet
478 4726 515 4775 Μ.
536 4752 568 4760 -
607 4725 704 4774 ’1.ῑειο
723 4725 759 4773 11.
781 4749 811 4758 -
831 4725 857 4772 8.
877 4726 1000 4787 quoniam
1019 4723 1064 4772 lt:
1083 4723 1189 4785 quondo
1208 4721 1238 4770 ll.
1259 4747 1287 4756 -
1330 4721 1372 4771 15.
1392 4723 1464 4769 testis

141 4801 179 4842 cut
196 4795 234 4844 Ι.
260 4819 291 4829 -
326 4809 484 4858 qumquam
503 4795 637 4844 Orellius:
663 4809 742 4857 mm
761 4794 806 4851 ll,
828 4809 885 4842 cum
905 4793 934 4841 F..
962 4818 995 4826 -
1031 4793 1076 4841 23.
1097 4792 1126 4839 Ρ.
1150 4792 1255 4840 l'ntinio
1273 4790 1409 4839 wiclant.
1431 4813 1461 4824 -

142 4863 186 4912 28.
205 4865 268 4915 dero
286 4864 323 4914 Ι.
345 4890 373 4902 -
412 4866 455 4914 lt).
474 4878 544 4914 mus
561 4865 704 4928 {milleris
721 4863 853 4913 Orellins:
871 4864 1014 4927 [mlieris
1031 4862 1076 4916 Μ.
1094 4861 1238 4924 [nullm
1254 4873 1324 4909 snus
1342 4860 1373 4910 B.
