3256 5400
181 232 244 294 '162
670 221 748 303 111).
770 222 822 284 Al)
844 218 1002 283 BRUTUM

182 387 243 452 lius
265 380 500 468 frangebantur.
543 377 688 444 Erectior
708 383 833 442 senatus
860 384 940 448 erat,
969 394 1033 440 uon
1058 372 1221 439 sententiis
1248 373 1351 440 solum
1379 376 1514 460 nostris,

183 478 238 544 sed
267 476 360 541 etiam
389 470 660 539 cohortationibus
690 470 852 535 excitatus.
895 472 970 535 Erat
996 469 1030 534 in
1051 474 1161 533 senatu
1190 467 1264 532 satis
1284 468 1458 536 vehemens
1483 480 1516 536 et

183 593 256 637 acer
270 577 383 641 Pansa,
406 586 477 633 cum
499 565 531 629 in
553 573 675 631 ceteros
697 564 790 631 buius
811 563 952 648 generis,
974 571 1041 628 tum
1062 561 1201 627 maxime
1221 561 1254 627 in
1275 582 1440 642 socerum;
1463 564 1514 630 cui

183 664 304 730 consuli
326 683 389 726 non
409 660 532 725 animus
553 658 593 723 ab
614 658 718 733 initio,
740 678 805 724 non
824 655 902 722 fides
924 655 964 721 ad
985 648 1161 722 extromum
1184 654 1294 721 defuit.
1337 660 1370 720 S.
1391 657 1514 723 Bellum

161 757 223 825 ead
245 757 395 823 Mutinam
424 752 610 839 gerebatur,
639 751 716 816 nibil
744 759 780 817 ut
799 751 832 815 in
855 754 987 816 Caesare
1008 748 1274 836 reprehenderes,
1305 751 1457 817 nonnulla
1480 753 1514 818 io

183 850 297 916 Hirtio.
333 849 435 913 lluius
456 846 529 913 belli
552 846 694 920 fortuna,
716 854 752 911 ut
772 845 805 909 in
827 843 987 920 secundis,
1010 843 1110 922 fluxa3
1132 844 1220 909 utin
1242 844 1396 920 adversis,
1420 845 1513 911 bona.

183 947 261 1007 Erat
275 941 388 1006 victrix
405 939 612 1028 respublica,
635 939 732 1004 caesis
747 938 873 1003 Antonii
887 938 1002 1025 copiis,
1024 938 1095 1024 ipso
1109 939 1252 1025 expulso.
1288 939 1377 1005 Bruti
1399 939 1515 1006 deinde

183 1035 226 1100 ita
247 1035 344 1101 multa
364 1043 506 1120 peccata,
528 1040 564 1099 ut
584 1030 817 1118 quodammodo
840 1032 971 1098 victoria
993 1032 1155 1098 excideret
1175 1032 1368 1110 emanibus;
1389 1044 1517 1120 perter-

183 1129 278 1204 ritos,
305 1129 457 1200 inermes,
487 1126 609 1194 saucios
637 1147 701 1191 non
722 1138 794 1190 sunt
821 1126 922 1191 nostri
943 1125 1039 1191 duces
1060 1119 1232 1212 persecuti;
1261 1126 1434 1212 datumque
1456 1131 1516 1192 Le·

150 1221 258 1306 tepido
287 1233 408 1308 tempus
431 1230 493 1296 est,
524 1221 557 1285 in
579 1240 642 1307 quo
670 1219 828 1286 levitatem
851 1219 919 1284 eius
948 1239 1042 1306 saepe
1062 1228 1256 1306 perspectam
1278 1219 1456 1286 maioribus
1483 1220 1515 1285 in

183 1314 273 1380 malis
295 1319 525 1400 experiremur.
561 1317 641 1380 Sunt
662 1314 819 1379 exercitus
840 1310 916 1379 boni
938 1311 996 1378 sed
1016 1313 1112 1378 rudes
1134 1313 1223 1378 Bruti
1245 1322 1277 1379 et
1297 1314 1420 1392 Planei;
1443 1324 1516 1380 sunt

183 1405 363 1473 fidelissima
384 1417 416 1473 et
437 1408 575 1474 maxima
597 1408 714 1473 auxilia
734 1408 906 1473 Gallorum.
949 1411 980 1472 3.
1003 1405 1065 1471 Sed
1088 1409 1253 1472 Caesarem
1275 1408 1354 1474 meis
1375 1408 1516 1475 consiliis

183 1499 286 1566 adbuc
306 1500 531 1587 gubernatum,
552 1502 713 1589 praeclara
734 1501 836 1587 ipsum
858 1500 965 1567 indole
987 1499 1228 1588 admirabilique
1244 1503 1433 1578 constantia,
1456 1503 1517 1568 im·

183 1593 380 1680 probissimis
405 1595 518 1661 litteris
539 1593 665 1681 quidam
686 1592 910 1680 fallacibusque
931 1593 1155 1680 interpretibus
1184 1616 1222 1660 ac
1242 1597 1359 1663 nuntiis
1380 1597 1517 1683 impule-

149 1697 258 1755 rsrunt
278 1690 312 1754 in
332 1710 421 1776 spem
449 1689 655 1754 certissimam
683 1689 871 1754 consulatus.
916 1687 1011 1766 Quod
1039 1687 1132 1754 simul
1160 1698 1254 1775 atque
1276 1689 1379 1765 sensi,
1409 1711 1514 1776 neque

184 1800 245 1866 ego
266 1781 353 1847 illum
375 1781 534 1848 absentem
556 1782 667 1848 litteris
689 1802 820 1847 monere
842 1780 961 1855 destiti,
991 1803 1050 1848 nec
1071 1803 1220 1849 accusare
1241 1792 1424 1869 praesentes
1446 1784 1516 1848 eius

184 1875 392 1949 necessarios,
414 1877 470 1963 qui
492 1876 559 1943 eius
580 1875 743 1962 cupiditati
764 1875 931 1962 suffragari
952 1874 1152 1957 ridebantur;
1181 1878 1293 1943 necin
1315 1886 1425 1944 senatu
1448 1897 1516 1944 sce·

183 1968 443 2035 leratissimorum
465 1971 668 2037 consiliorum
690 1970 793 2037 fontes
815 1970 938 2056 aperire
960 1969 1111 2036 dubitari.
1154 1975 1218 2036 lt'ec
1238 1992 1317 2038 vero
1339 1971 1403 2038 ulla
1424 1971 1458 2036 in
1479 1992 1515 2039 re

184 2063 313 2128 memini
341 2072 394 2128 aut
421 2073 562 2130 senatum
592 2065 756 2131 meliorem
785 2074 840 2131 aut
861 2064 1076 2151 magistratus;
1109 2087 1269 2152 uunquam
1290 2067 1375 2133 enim
1404 2067 1437 2133 in
1460 2067 1516 2133 bo-

148 2175 264 2221 asnore
292 2157 548 2224 extraordinario
576 2160 712 2243 potentis
740 2159 876 2226 bominis
901 2159 951 2226 vel
978 2159 1188 2245 potentissimi
1208 2161 1314 2246 potius
1345 2196 1387 2208 -
1417 2181 1514 2247 quan

183 2248 354 2335 doquidem
383 2252 521 2334 potentia
547 2253 610 2318 iam
637 2254 670 2318 in
691 2254 724 2320 vi
751 2253 853 2340 posita
875 2262 922 2319 est
947 2260 979 2319 et
1000 2254 1096 2319 armis
1124 2289 1164 2302 -
1194 2254 1323 2326 accidit,
1355 2263 1391 2322 ut
1417 2276 1515 2322 nemo

185 2342 330 2409 tribunus
351 2343 468 2430 plebis,
497 2367 591 2412 nemo
613 2348 675 2412 alio
696 2348 895 2433 magistratu,
927 2367 1021 2413 nemo
1041 2348 1183 2433 privatus
1204 2360 1316 2415 auctor
1337 2350 1515 2416 exsisteret

187 2437 248 2504 Sed
270 2439 301 2504 iu
317 2438 375 2504 bac
389 2440 561 2505 constantia
583 2450 676 2527 atque
691 2442 807 2507 virtute
829 2451 897 2508 crat
919 2449 1022 2508 tamen
1045 2441 1176 2508 sollicita
1192 2443 1312 2510 civitas.
1349 2444 1518 2511 Illudimur

186 2531 286 2607 euim,
308 2535 421 2609 Brute,
444 2555 514 2599 cum
537 2535 672 2600 militnm
695 2535 831 2611 deliciis,
854 2545 921 2601 tum
943 2535 1143 2621 imperatoris
1163 2536 1339 2604 insolentia.
1382 2543 1515 2606 'fantum

148 2626 319 2713 aequisque
340 2648 374 2692 se
396 2627 429 2692 in
449 2628 625 2713 republica
646 2650 741 2716 posse
761 2630 914 2716 postulat,
937 2639 1087 2716 quantum
1109 2629 1202 2696 babet
1223 2631 1356 2708 virium;
1378 2653 1444 2699 non
1464 2654 1515 2699 ru·

185 2719 248 2793 tio,
276 2741 340 2784 uon
361 2720 488 2799 modus,
509 2744 572 2788 non
594 2723 663 2797 lex,
691 2744 860 2798 neumas,
883 2745 946 2789 non
969 2724 1106 2789 officium
1128 2725 1225 2798 valet,
1257 2746 1321 2791 non
1342 2726 1513 2803 iudicium,

186 2834 250 2877 non
272 2813 461 2882 existimatio
481 2817 612 2890 civium,
635 2838 699 2884 non
720 2818 910 2902 posteritatis
931 2816 1129 2883 verecundia.
1171 2823 1202 2888 l.
1225 2822 1310 2884 Haec
1331 2841 1393 2906 ego
1414 2821 1515 2887 multo

184 2917 257 2973 ante
286 2910 480 2995 prospiciens
508 2909 667 2995 fugiebam
689 2932 729 2976 ex
751 2911 838 2976 ltalia
860 2921 941 2984 turn,
971 2931 1042 2975 cum
1064 2931 1115 2975 me
1136 2920 1315 2976 vestrorum
1337 2912 1514 2980 edictorum

185 3002 267 3066 fania
282 3005 453 3068 revocavit.
488 3006 658 3070 Incitavisti
680 3026 758 3071 vero
781 3014 813 3071 tu
832 3026 899 3081 me,
923 3010 1034 3078 Brute,
1057 3005 1174 3071 Veliae.
1211 3007 1409 3093 Quamquam
1432 3012 1514 3073 enim

149 3112 177 3154 ³0
186 3095 329 3161 dolebam
353 3096 386 3161 in
408 3119 475 3162 eam
498 3120 549 3163 me
571 3098 682 3164 urbem
704 3099 768 3173 irc,
797 3120 891 3184 quam
913 3107 949 3164 tu
968 3097 1110 3183 fugeres,
1133 3098 1187 3185 qui
1209 3120 1277 3163 eam
1298 3099 1513 3176 liberavisses,

186 3190 270 3276 quod
291 3189 366 3254 mibi
397 3212 523 3278 quoque
553 3191 710 3278 quondam
738 3192 910 3266 acciderat,
941 3193 1084 3277 periculo
1112 3193 1224 3269 simili,
1255 3214 1329 3259 casu
1358 3196 1514 3272 tristiore;

184 3285 312 3370 porrexi
343 3296 447 3349 tumen
474 3292 668 3372 Romamque
696 3287 844 3370 perveni,
874 3287 1025 3372 nulloque
1052 3287 1211 3373 pracsidio
1240 3289 1394 3374 quatefeci
1419 3295 1515 3356 Auto-

185 3377 289 3450 nium,
312 3388 484 3464 contraque
507 3380 575 3445 eius
597 3401 684 3444 arma
706 3380 838 3445 nefanda
859 3380 1029 3466 praesidia,
1055 3401 1135 3466 quae
1151 3379 1253 3446 oblata
1274 3391 1347 3448 sunt
1361 3384 1515 3456 Caesaris,

186 3471 317 3536 consilio
345 3483 375 3535 et
403 3474 589 3538 auctoritate
611 3474 743 3539 firmavi.
789 3475 850 3551 Qui
880 3476 907 3539 si
934 3474 1055 3539 steterit
1082 3474 1166 3540 idem
1196 3476 1334 3562 mibique
1356 3477 1514 3561 paruerit,

149 3563 260 3627 assatis
282 3563 426 3628 ridemur
447 3565 584 3631 babituri
608 3567 765 3652 praesidii.
808 3568 862 3632 Sin
885 3575 990 3633 autem
1011 3567 1181 3652 impiorum
1211 3569 1340 3634 consilia
1369 3569 1441 3654 plus
1463 3591 1515 3633 sa-

186 3657 302 3722 luerint
324 3680 417 3742 quam
441 3669 562 3734 nostru,
590 3671 643 3725 aut
664 3659 859 3726 imbecillitas
880 3661 989 3726 aetatis
1011 3681 1075 3725 non
1096 3663 1235 3746 potuerit
1256 3661 1443 3746 gravitatem
1465 3683 1515 3726 re-

186 3770 256 3814 rum
279 3752 452 3828 sustinere,
480 3775 551 3839 spes
573 3756 675 3820 omnis
696 3767 743 3821 est
763 3755 796 3820 in
819 3763 859 3819 te.
905 3753 1119 3832 Quamobrem
1141 3756 1267 3831 advola,
1291 3754 1441 3830 obsecro,
1470 3766 1516 3820 at·

187 3865 248 3929 quc
276 3866 344 3909 eam
371 3867 439 3911 rem
466 3847 638 3931 publicam,
667 3870 761 3935 quam
790 3849 905 3914 virtute
934 3858 1028 3935 atque
1055 3850 1151 3915 animi
1177 3848 1388 3936 magnitudine
1415 3853 1515 3933 magis

187 3960 279 4023 quum
302 3941 421 4006 eventis
443 3962 549 4007 rerum
572 3942 758 4016 liberavisti,
787 3942 875 4006 exitu
895 3941 1004 4008 libera.
1049 3944 1158 4009 Omnis
1179 3945 1320 4011 omnium
1341 3963 1515 4009 concursus

150 4031 226 4096 atad
249 4043 279 4096 te
307 4033 433 4123 futurus
454 4045 510 4102 cst.
554 4043 584 4102 5.
611 4041 747 4102 llortare
774 4034 859 4101 idem
889 4056 949 4121 per
975 4037 1096 4103 litteras
1117 4037 1269 4106 Cassium.
1313 4041 1391 4122 Spes
1418 4036 1516 4102 liber-

188 4127 257 4192 tatis
286 4149 439 4215 nusquam
468 4131 528 4195 nisi
555 4132 587 4195 in
609 4141 788 4197 vestrorum
811 4137 985 4197 castrorum
1014 4130 1177 4217 principiis
1199 4141 1257 4197 est.
1298 4132 1422 4196 Firmos
1448 4152 1516 4198 om·

188 4220 263 4285 nino
286 4231 317 4285 et
333 4222 426 4288 duces
447 4223 598 4290 babemus
620 4225 659 4289 ab
682 4224 842 4290 occidente
858 4232 889 4288 et
903 4225 1071 4298 exercitus.
1107 4229 1175 4291 Hoc
1196 4224 1401 4291 adolescentis
1424 4245 1516 4310 prae-

188 4313 301 4379 sidium
331 4317 476 4402 equidem
506 4319 607 4385 adbuc
633 4319 758 4386 surorum
787 4339 856 4383 esse
878 4319 1017 4399 confido;
1049 4319 1105 4385 scd
1133 4320 1176 4385 ita
1196 4320 1286 4385 multi
1312 4317 1514 4399 labefactant,

189 4466 281 4475 ——0
295 4469 328 4474 --4-
344 4470 358 4474 -
384 4471 459 4476 -Μ
493 4473 505 4476 ..
525 4474 528 4477 ,
551 4473 636 4479 ----.
656 4474 704 4480 ....-
723 4475 727 4479 .
743 4475 769 4480 ..,
786 4474 870 4480 ..η-μ..
884 4473 1132 4480 -—-—--.—..1...
1292 4472 1497 4480 ..—--——-—-—-·

257 4555 284 4604 2.
304 4556 370 4604 Erat
388 4564 526 4618 praetereo
543 4560 573 4607 in
592 4560 622 4608 11.
646 4586 673 4596 -
694 4560 719 4610 3.
741 4557 810 4623 cum]
830 4567 887 4609 tum
904 4560 927 4610 1.
950 4585 979 4596 -
999 4560 1025 4610 6.
1049 4566 1079 4609 ut
1096 4562 1126 4610 to
1144 4559 1270 4620 aduersis]
1288 4562 1330 4610 ito
1347 4560 1376 4609 io
1395 4558 1516 4608 aduersis

188 4626 221 4674 11.
250 4649 280 4660 -
297 4660 299 4664 ,
318 4625 344 4674 i.
371 4628 490 4688 expulso.
518 4629 598 4678 bruti
616 4631 710 4678 deinde
727 4632 793 4680 ltllt:
816 4631 924 4691 expulso
944 4645 961 4679 o
978 4630 1073 4680 Bruto.
1101 4631 1203 4681 Detrtde
1221 4631 1266 4679 lE.
1303 4629 1358 4680 Cfr.
1378 4628 1515 4679 Tuustalli

189 4695 249 4745 Obs.
270 4710 295 4758 p.
316 4694 377 4745 232.
410 4722 434 4731 -
474 4699 501 4747 9.
529 4701 636 4749 triennis
655 4714 725 4749 corr.
744 4702 786 4757 Μ,
813 4702 927 4750 incrinus
946 4701 994 4751 Vb.
1025 4725 1055 4738 -
1092 4703 1134 4751 ta.
1161 4708 1186 4751 et
1204 4703 1283 4752 etiem
1301 4701 1416 4750 mumma
1438 4700 1461 4749 1.
1481 4723 1514 4733 -

187 4767 232 4815 nt.
252 4762 320 4828 ciria]
340 4771 395 4814 titan
413 4768 458 4817 111.
490 4795 516 4805 -
556 4771 600 4819 30.
625 4767 714 4833 quoni]
734 4785 752 4820 a
769 4784 822 4834 quo
841 4773 864 4820 1.
894 4796 924 4806 -
962 4772 1005 4823 32.
1029 4774 1151 4835 permeat
1170 4773 1201 4822 11.
1231 4796 1259 4806 -
1296 4771 1339 4823 39.
1367 4770 1517 4822 liberatistt

189 4835 252 4888 lta:
273 4836 389 4886 liberasti
409 4837 452 4887 lll.
474 4866 504 4873 -
542 4840 585 4890 tlt.
604 4837 756 4904 principiis]
774 4843 915 4902 praesidiis
935 4843 964 4893 11.
