3256 5400
167 253 225 300 xiv

167 401 278 466 autem
299 393 455 466 codicem
468 413 489 462 a
502 394 689 463 petrarcha
701 394 872 483 Veronae,
892 398 931 463 ut
943 397 1095 484 violetur,
1115 396 1286 465 inventum
1301 399 1490 467 etiamnunc

167 494 358 570 Florentiae
380 504 515 569 exstare
536 499 636 567 (locet
657 499 842 567 Bandinius
863 500 885 566 l.
901 502 922 566 l.
944 521 976 586 p.
992 496 1100 568 aon:
1126 500 1203 568 «cd.
1220 503 1491 570 membranaceus

165 603 236 674 Ma
257 607 291 673 in
313 605 348 672 4.
361 600 438 674 Sec.
453 602 516 670 Xl.
532 603 658 672 formae
675 603 872 690 quadratae,
894 605 1065 690 quantivis
1086 605 1201 693 pretii,
1223 608 1383 673 constans
1404 624 1491 692 qua-

166 710 373 777 ternionibus
393 706 581 794 xxxiii,
601 712 639 774 ut
657 726 701 776 ex
722 710 890 775 numerica
910 712 991 775 nota
1011 707 1164 776 Romana
1185 708 1229 775 ad
1251 709 1347 777 finem
1369 711 1491 801 singu-

164 813 271 880 lorum
286 814 440 899 apposita
454 813 598 900 eruitur,
620 814 702 880 etin
720 811 784 879 fine
805 813 910 878 ultimi
931 816 1107 898 praeterea
1129 817 1264 880 notatur
1284 810 1433 902 neca,
1447 815 1490 882 ab

164 915 208 984 ll.
218 917 471 1007 Lagomarsinio
485 916 738 1006 diligentissime
752 917 896 984 collatus
910 916 964 982 die
986 913 1049 983 21.
1065 914 1203 985 Octobr.
1222 915 1338 984 1740,
1353 920 1388 984 et
1402 936 1490 984 num.

165 1016 201 1089 9.
223 1020 430 1110 designatus.
472 1021 616 1089 Constat
644 1021 735 1086 i'oilie
755 1022 892 1105 scriptis
912 1018 1006 1088 270.
1047 1023 1089 1088 In
1111 1021 1275 1113 catalogo
1298 1021 1490 1089 Muntlauc.

163 1124 225 1192 sub
247 1143 333 1191 num.
354 1124 468 1191 vill.»
503 1154 542 1169 -
575 1145 608 1209 p.
626 1118 733 1190 tona
769 1123 969 1211 «Exemplar
998 1126 1137 1191 omnium
1165 1127 1427 1193 vetustissimum
1455 1126 1491 1192 et

164 1246 229 1314 quo
250 1232 415 1316 nmquam
437 1227 623 1317 archetypo
645 1247 726 1295 usus
748 1231 801 1295 est
827 1227 1030 1297 Franclscus
1052 1228 1237 1298 Petrarelra
1257 1229 1302 1296 ad
1323 1228 1404 1296 illul
1426 1247 1491 1296 ex-

163 1332 391 1417 scribendum,
412 1329 502 1419 quod
516 1333 681 1399 innuimus
695 1331 808 1418 paullo
829 1335 910 1400 ante
931 1334 994 1401 sub
1014 1353 1101 1400 num.
1122 1334 1199 1402 vll.
1240 1333 1327 1402 liele
1348 1333 1491 1424 singulis

163 1435 274 1520 libris,
297 1438 400 1523 primo
422 1439 582 1522 excepto,
603 1436 833 1527 praeligantur
857 1439 990 1505 nomina
1011 1456 1140 1520 eorum,
1161 1437 1205 1505 ad
1221 1457 1304 1525 quos
1317 1439 1491 1503 mittuntur

121 1596 125 1608 .
164 1537 354 1627 Epistolae,
375 1543 449 1608 sive
463 1539 691 1626 Epistularum
707 1542 958 1630 inscriptiones,
974 1544 1008 1610 et
1022 1540 1154 1628 quidem
1168 1541 1365 1610 charactere
1379 1558 1490 1632 gran-

164 1643 248 1711 diori
276 1647 446 1712 exaratae.
488 1643 623 1713 Graeca
648 1645 754 1712 verba
782 1646 853 1711 suis
886 1649 965 1712 sunt
992 1647 1076 1714 locis
1103 1649 1260 1735 apposita
1288 1646 1487 1714 charactere

163 1751 241 1816 item
263 1747 437 1835 quadrato.
477 1747 535 1815 Ad
556 1749 682 1818 calcem
703 1747 1027 1840 p.118.b.legitur
1047 1769 1146 1817 manu
1166 1749 1294 1840 Angeli
1311 1749 1489 1816 Politiani:

163 1857 300 1938 repetire
317 1857 454 1940 etpreum
471 1849 535 1919 hoe
549 1845 578 1904 ’1
598 1853 647 1920 ud
660 1850 768 1938 finem
789 1857 934 1919 octavae
953 1860 1122 1942 puptoeee:
1145 1873 1210 1942 qua
1232 1852 1361 1940 quidem
1378 1853 1490 1921 adno-

164 1959 292 2023 tatione
314 1955 480 2023 indicatur
500 1957 717 2043 transpositio
739 1958 798 2023 iila
818 1955 1045 2043 Epistularum
1061 1959 1154 2026 Libri
1169 1958 1282 2044 vill,
1304 1976 1399 2043 quam
1415 1958 1491 2023 ani-

164 2057 401 2127 madvertimus
416 2062 450 2126 in
464 2057 548 2128 Cdd.
567 2061 796 2145 superioribus
809 2079 851 2128 ac
867 2064 1047 2149 praecipue
1061 2063 1095 2128 in
1110 2059 1170 2130 Col.
1186 2063 1214 2128 l.
1235 2063 1271 2128 et
1288 2058 1352 2128 IV.
1396 2059 1491 2143 Quae

163 2168 273 2232 autem
303 2165 500 2254 paginarum
529 2164 676 2230 inversio
707 2165 741 2228 in
768 2163 934 2250 Epistolis
960 2165 1098 2234 huiusce
1126 2167 1202 2233 libri
1224 2167 1266 2234 ob
1288 2165 1491 2249 bibliopolae

162 2268 322 2336 treunam
344 2269 527 2358 contigisse
548 2266 715 2335 indicatur
735 2268 779 2334 ab
800 2267 844 2333 Α.
864 2267 1031 2335 PoIItlano
1054 2270 1087 2335 in
1109 2271 1180 2335 auis
1201 2268 1350 2337 Mtacetl,
1371 2286 1400 2336 a.
1414 2264 1491 2357 25,

164 2390 205 2440 ea
226 2374 261 2437 in
282 2389 443 2456 praesens
465 2372 556 2438 nulia
578 2375 648 2457 est,
670 2369 733 2437 sed
755 2372 863 2438 omnia
883 2376 977 2440 reete
999 2372 1262 2462 progrediuntur
1284 2375 1367 2440 cet.»

249 2476 362 2543 Verba
383 2474 539 2541 Politiani
561 2475 582 2539 1.
596 2476 618 2539 1.
632 2473 717 2541 lnacc
734 2480 827 2541 sunt:
852 2473 1009 2544 «Nactae
1029 2495 1108 2544 rum
1129 2472 1202 2543 Oto.
1222 2475 1316 2564 Epp.
1327 2474 1491 2562 scrattia-

163 2584 256 2648 rirarn
282 2579 441 2646 columma
464 2582 790 2668 aoettpaotsetrnum,-
806 2614 827 2630 ·
850 2583 925 2644 tem
951 2597 999 2644 ea·
1023 2599 1063 2646 eo
1086 2584 1161 2665 tpso
1183 2578 1335 2646 atteram
1356 2580 1491 2647 desert-

163 2688 280 2776 ptam,
311 2687 418 2750 etcutt
445 2682 587 2772 pridem
610 2686 757 2768 parturn,
790 2679 833 2747 l'.
858 2678 1077 2748 Petrarchae
1106 2700 1224 2749 morou.
1267 2679 1492 2767 Descriptum

165 2791 285 2856 antem
300 2806 348 2854 ιω
364 2792 440 2874 ipro
463 2786 570 2866 tieret
591 2785 711 2851 multia
731 2789 963 2872 arpummatta,
984 2804 1072 2876 pace
1094 2805 1187 2852 tenore
1204 2789 1396 2853 omtaertm:
1428 2786 1492 2853 aed

164 2889 222 2959 lete
240 2895 432 2980 posterior,
466 2908 566 2981 quem
587 2889 679 2980 diet,
711 2889 838 2979 codex,
866 2893 920 2955 tta
944 2894 998 2955 eat
1015 2889 1059 2956 ab
1085 2888 1288 2977 toadtltpeate
1305 2889 1491 2979 btbltopota

165 2996 441 3087 conpluttnatae,
462 3001 516 3063 ortt
533 3013 606 3062 rota
625 2997 841 3080 tranopoetto
861 2997 1072 3080 papillarum
1092 2993 1373 3060 eorumeorurn
1387 3014 1492 3086 param

164 3102 291 3166 enotata
307 3103 356 3167 stt
369 3099 524 3164 ommerta
539 3090 828 3180 deprehendatur.
872 3091 944 3160 Est
960 3096 1079 3159 autem
1092 3091 1178 3158 itter
1191 3097 1229 3158 tn
1242 3092 1382 3180 pooblteo
1401 3112 1490 3181 peta-

165 3206 213 3272 tta
234 3196 416 3270 Medieeae
438 3195 655 3266 bibliotheca.
699 3193 753 3262 De
772 3195 838 3263 leae
857 3199 976 3287 ttaqaoe
994 3215 1082 3288 utto,
1104 3201 1274 3287 waratone
1289 3200 1489 3286 corattctcm,

164 3312 282 3376 carecti
299 3306 405 3391 plone
424 3305 589 3394 pnootpawt
613 3303 760 3368 exstant
780 3298 896 3366 aditur
924 3298 1017 3386 Epp.
1035 3301 1225 3367 eamrrdem
1250 3295 1336 3366 Odd.
1359 3317 1422 3366 eea
1446 3301 1490 3367 de

162 3411 263 3501 furate
279 3415 458 3499 capiteque
472 3409 682 3492 enarrarunt,
703 3408 805 3493 capre
820 3403 977 3470 cmoritur
995 3409 1241 3491 praeposterae
1254 3408 1291 3471 et
1307 3422 1490 3492 perversam

165 3518 324 3586 lectionta
344 3514 445 3604 ordo,
468 3517 526 3602 part
544 3507 631 3576 mitat
646 3526 738 3575 tautae
752 3506 826 3573 loeo
845 3508 1082 3575 restituendae
1099 3513 1262 3599 pausatque
1280 3513 1490 3575 instauran-

165 3621 232 3690 dus
253 3627 336 3689 cet.»
360 3648 403 3662 -
433 3616 575 3699 Victorii
602 3615 712 3680 autem
741 3611 836 3679 locos
864 3610 906 3677 de
932 3607 1170 3679 correano
1198 3615 1282 3678 satis
1311 3611 1491 3703 diligenter

165 3726 304 3816 collegit
326 3719 512 3789 Bandtniois
535 3719 556 3784 Ι.
573 3718 612 3806 l,
642 3717 761 3801 quibus
787 3733 886 3780 unum
910 3713 1083 3781 dumtaxat
1106 3713 1232 3782 addere
1252 3716 1334 3783 libet
1355 3734 1375 3783 e
1393 3715 1491 3782 curis

164 3831 291 3915 tertiis,
312 3827 435 3896 nemini
455 3841 563 3911 paene
583 3809 745 3908 virise),
766 3837 809 3886 ne
823 3820 888 3904 ipsi
909 3817 1039 3906 quidem
1062 3817 1246 3903 Bandinio,
1270 3821 1325 3905 qui
1346 3819 1489 3887 Victorii

164 3936 267 4002 vitam
289 3938 355 4001 tam
377 3931 558 4020 diligenter
579 3926 764 3994 enarravit:
798 3944 879 4012 pap.
895 3921 948 3990 6..·
984 3918 1095 3990 «Cum
1114 3927 1167 3989 ita
1188 3928 1227 3990 tn
1246 3928 1374 4012 optimo
1401 3922 1489 3990 tttro

141 4039 318 4128 epam,
341 4032 586 4128 paoemrettqut
603 4034 726 4119 enom,
754 4027 835 4095 tacte
853 4031 947 4117 recti,
979 4033 1169 4118 aequantur
1188 4030 1270 4095 cet.»
1315 4027 1490 4122 Hierony-

164 4162 249 4212 mum
271 4145 381 4208 autem
402 4135 689 4226 LagomarsIuium
710 4130 827 4199 eadem
848 4131 953 4197 luisse
974 4131 1143 4198 sententia
1162 4132 1222 4197 vix
1241 4134 1296 4199 est
1311 4129 1400 4218 quod
1414 4151 1489 4198 mo-

165 4266 302 4317 neamus
323 4237 381 4327 [v.
397 4238 552 4310 Seebode
572 4234 705 4304 Arelate
727 4235 773 4301 ll.
795 4231 830 4299 3.
851 4254 884 4321 p.
902 4224 1026 4315 4611).

249 4347 347 4434 Quod
368 4346 413 4416 ad
434 4344 494 4414 cd.
514 4341 607 4411 Med.
628 4342 736 4427 ipsum
757 4341 895 4424 attinet,
916 4356 998 4405 sane
1020 4337 1241 4406 confitendum
1263 4341 1334 4427 est,
1356 4359 1429 4409 aum
1445 4358 1490 4410 ex

167 4457 289 4544 optimo
310 4447 481 4539 ἀρχετύπῳ
504 4448 645 4514 fideliter
666 4443 868 4531 descriptum
890 4461 982 4526 esse,
1003 4444 1052 4509 ita
1072 4445 1110 4509 ut
1131 4442 1230 4510 'lain
1251 4445 1356 4529 ipsius
1371 4446 1489 4533 verba,

167 4561 336 4646 exceptis,
356 4560 404 4625 uti
419 4557 455 4622 111
472 4557 570 4622 etlam
592 4554 625 4618 in
650 4548 947 4637 praestantissimis
967 4545 1070 4630 Μαι,
1090 4547 1176 4615 locis
1196 4548 1322 4635 aliquot
1344 4551 1488 4616 inextri.
1588 4594 1593 4604 .

236 4724 260 4789 “)
279 4725 366 4778 Semel
385 4723 492 4788 unitam
510 4720 688 4772 Florentinum
707 4722 867 4780 postremam
885 4717 903 4766 1.
918 4729 943 4767 e.
956 4711 1187 4766 altorrmVictorli
1201 4716 1373 4768 memoraturi
1388 4716 1445 4769 lit.
1459 4717 1487 4770 5.

167 4808 217 4872 ap.
231 4806 276 4858 15.
295 4803 455 4862 hmiioure
472 4813 566 4876 ¹pennu
584 4805 673 4854 tamen
690 4799 716 4851 ol
734 4795 838 4853 uitetur
854 4795 994 4850 tribuisset
1021 4795 1143 4860 alloquin
1173 4797 1244 4848 euim
1262 4796 1343 4852 multo
1359 4797 1437 4863 plura
1454 4811 1487 4856 ex

169 4886 263 4943 ostem
281 4881 457 4940 emendasset.
