3256 5400
342 1149 825 1267 mamillam
867 1147 1270 1281 (amulum

616 1408 996 1489 amsrouunun

141 1631 224 1720 Ab
243 1628 528 1738 sumundi,
555 1630 637 1718 AD
657 1630 706 1734 Q.
718 1628 1004 1716 mannum
1021 1630 1102 1717 ab
1118 1630 1201 1718 Ab
1217 1629 1470 1718 nundum.

678 1891 932 1910 W

140 2116 230 2205 Hae
263 2137 488 2206 'lollianamm
517 2141 552 2205 ei
582 2141 615 2204 io
647 2139 799 2205 Brutiuis
827 2137 1224 2206 Pseudo-Tolllauorum
1255 2139 1473 2224 epistolarum

142 2251 331 2326 συναγωγαὶ
355 2244 540 2332 antiquitus
565 2244 628 2309 lam
651 2245 804 2331 iunctae,
826 2242 860 2309 ld
883 2243 1011 2330 quode
1035 2239 1214 2311 codicibus
1236 2246 1386 2330 constat,
1411 2264 1473 2331 per

142 2350 330 2417 diuturnum
360 2354 491 2434 tempus
521 2366 594 2415 cum
626 2346 854 2432 delituissent,
894 2343 1124 2414 uPetrar'cbo
1145 2349 1283 2432 primum
1308 2349 1343 2412 in
1365 2349 1472 2416 locem

142 2452 326 2541 productae
341 2456 439 2519 sunt:
465 2451 596 2538 priores
618 2453 704 2517 euim
725 2449 854 2516 mediae
871 2452 996 2516 aetatis
1015 2453 1217 2537 scriptores,
1244 2450 1334 2537 quod
1349 2456 1473 2538 sciam,

141 2556 264 2624 nullam
292 2559 424 2621 omniuo
456 2573 568 2620 eurum
600 2555 799 2621 mentionem
827 2554 998 2621 iecerunt:
1030 2554 1087 2619 ille
1112 2556 1339 2639 compluribus
1377 2557 1472 2624 locis.

142 2661 307 2747 Imprimis
329 2663 440 2727 autem
463 2658 695 2724 memorabiles
726 2657 759 2723 bi
784 2661 882 2723 suut:
905 2657 1022 2723 Famil.
1047 2656 1157 2742 Epist.
1181 2658 1253 2724 bii.
1284 2656 1326 2745 9,
1351 2659 1415 2745 blp.
1436 2658 1473 2727 3.

143 2783 221 2855 pag.
241 2761 333 2830 328.
378 2760 440 2827 ild
461 2760 569 2851 Lugd.
597 2757 732 2827 ninia
758 2759 861 2827 Haeo
886 2764 923 2827 et
944 2758 999 2827 bie
1024 2759 1156 2827 mmdia
1178 2780 1257 2828 cnm
1279 2781 1386 2850 saepe
1406 2784 1472 2851 pro

142 2868 339 2961 quotidiani
361 2870 468 2932 moris
489 2870 719 2932 excusatione
735 2865 922 2948 dixissem,
941 2861 1037 2949 sorte
1051 2864 1183 2931 accidit
1189 2915 1200 2954 ,
1225 2870 1267 2932 ut
1279 2870 1318 2932 iu
1337 2871 1472 2954 eptalo-

142 2971 197 3039 iae
231 2964 410 3038 &cerariis
448 2969 658 3058 inciderem,
692 2968 818 3035 librum
849 2985 1015 3055 maqnum
1049 2968 1249 3059 multaeque
1280 2974 1472 3039 uarietatis

143 3081 248 3166 atque
259 3073 496 3140 huiuscemodi
505 3070 744 3158 familiaribus
754 3071 933 3158 piacidum
944 3068 1180 3161 refeciumque
1193 3063 1314 3159 (legcz
1331 3073 1474 3159 plenum

143 3168 400 3268 resertumque)
426 3177 614 3267 colloquiis.
656 3174 712 3241 lbi
737 3179 1000 3242 summationem
1024 3174 1172 3240 similem
1192 3175 1276 3265 leqi,
1311 3180 1349 3241 ei
1371 3176 1470 3242 dele-

143 3287 261 3349 ctatur
276 3299 355 3348 sum
366 3284 482 3346 nescio
494 3299 563 3369 qua
576 3278 632 3345 ael
646 3283 794 3366 inqenii,
818 3269 933 3367 (qaod
945 3281 1069 3364 optare
1082 3282 1134 3343 rie
1149 3271 1336 3360 [fortassez
1356 3272 1473 3370 lircil,

141 3402 285 3472 sperare
306 3388 445 3450 utirmm
471 3374 634 3463 tiaereil)
658 3384 714 3448 oei
738 3386 897 3468 ipsarum
920 3399 1038 3446 rerum
1061 3381 1138 3446 sota
1160 3382 1395 3450 similitudine
1418 3404 1472 3451 me

144 3491 298 3568 diabse,
332 3487 422 3578 qaod
449 3491 552 3553 tanto
583 3491 667 3551 anie
697 3504 844 3572 maqnus
873 3483 933 3550 ille
956 3487 1012 3549 oir
1039 3484 1201 3574 dixerat,
1233 3504 1313 3553 oum
1338 3485 1472 3579 adbuc,

143 3593 247 3659 deum
270 3596 396 3679 testor,
419 3589 463 3655 ab
491 3589 552 3655 iilo
577 3588 710 3654 dietum
738 3607 812 3654 ease
837 3591 1023 3677 rieseirem,
1049 3592 1086 3652 et
1112 3606 1230 3654 secam
1254 3593 1292 3655 in
1324 3592 1473 3682 quodam

144 3697 235 3785 loeo,
256 3699 298 3761 ui
328 3698 382 3759 aii
405 3693 516 3783 idem,
544 3696 584 3759 tn
610 3691 734 3758 eadem
757 3692 922 3759 incidisse
945 3695 1113 3778 oestiqia3
1148 3692 1238 3782 qaod
1268 3697 1310 3759 ut
1340 3694 1473 3762 clarius

141 3798 228 3888 fiat,
250 3803 330 3885 ipsa
356 3791 533 3864 Ciceronis
547 3796 653 3862 verba
667 3795 870 3883 sublicium,
891 3799 950 3883 qui
962 3794 1011 3860 ad
1024 3791 1183 3861 Atticum
1202 3797 1357 3864 scribens
1377 3791 1473 3879 (bib.

145 3903 180 3968 8.
201 3902 266 3986 Ep.
290 3899 353 3967 14.
374 3891 410 3979 S.
429 3885 487 3980 2.)
517 3917 595 3966 crim
624 3902 827 3986 saepissime
847 3902 1038 3988 variamet,
1073 3899 1205 3965 adiecit
1235 3902 1271 3966 et
1297 3906 1398 3990 quasi
1423 3903 1472 3969 ad

143 4010 329 4091 seipsum:
357 4002 516 4068 'l'otiesuo
540 4005 662 4092 igliur,
686 4006 815 4092 inquit,
841 4003 1041 4068 seutentiam
1057 3994 1193 4068 mutas?
1214 4008 1252 4070 et
1266 4006 1472 4094 respondet,

148 4114 190 4176 ui
215 4109 308 4181 dici,
337 4105 412 4195 Ego
435 4110 560 4186 tecum,
588 4110 721 4195 inquit,
745 4110 908 4192 tamquam
930 4123 1055 4172 mecum
1085 4106 1213 4192 loquor.
1250 4103 1340 4189 Quis
1361 4113 1472 4175 autem

145 4215 219 4295 est,
245 4214 341 4276 touta
371 4208 500 4296 quidem
528 4207 570 4275 de
597 4227 652 4292 re,
678 4211 756 4295 quin
787 4212 881 4275 varie
908 4227 1019 4276 secum
1049 4210 1122 4295 ipse
1154 4202 1332 4296 disputet?
1356 4208 1472 4302 Atqree

144 4313 225 4382 bute
244 4316 379 4380 rationi
397 4313 457 4379 iiie
483 4313 593 4378 aliam
617 4312 862 4379 aemimeeiane:
888 4309 994 4379 Simul
1010 4318 1044 4379 et
1064 4315 1188 4379 elicere
1213 4316 1312 4399 cupio
1330 4322 1472 4382 seuten-

146 4421 224 4485 tiam
248 4421 356 4500 tuam,
384 4421 456 4503 ait3
479 4418 508 4481 sl
533 4418 662 4495 manet,
687 4420 724 4481 ut
745 4415 867 4481 brmlor
888 4418 965 4503 sim;
991 4417 1020 4482 si
1040 4418 1168 4482 mutata
1190 4421 1260 4507 esi,
1283 4423 1320 4484 ut
1338 4420 1396 4485 tibi
1412 4438 1472 4484 as-

144 4523 279 4588 sentiar.
323 4519 424 4605 Quod
444 4519 606 4586 ultimum
630 4537 685 4586 me
714 4537 784 4586 ison
811 4524 927 4608 ianqii
954 4523 1018 4587 cet.
1060 4521 1141 4606 Ipse
1170 4540 1255 4588 vero
1285 4522 1471 4589 Petrarcba

144 4627 291 4691 testator
314 4622 488 4692 Ciceronis
510 4623 672 4709 epistolas
694 4643 716 4689 a
741 4642 780 4690 se
805 4622 995 4711 descriptas
1017 4642 1093 4690 esso
1116 4625 1187 4691 Lib.
1216 4623 1286 4710 12,
1311 4623 1372 4691 10.
1393 4644 1472 4716 pag.

144 4724 236 4794 440.
259 4726 412 4816 lugdun.
430 4718 486 4809 (v.
500 4728 703 4813 supruHist.
729 4730 802 4796 crit.
827 4726 914 4814 Epp.
938 4726 982 4795 ad
1003 4720 1136 4810 bamb:
1160 4727 1275 4795 laudat
1296 4732 1472 4814 praeterea

143 4829 231 4917 blpp.
251 4829 296 4898 sd
322 4830 474 4902 Atticum
496 4831 570 4898 Lib.
592 4832 627 4896 8.
649 4831 713 4918 blp.
738 4827 774 4898 i.
799 4849 877 4922 pag.
901 4827 993 4900 294.
1018 4831 1129 4924 bugd
1151 4870 1192 4890 -
1216 4832 1270 4900 Ile
1293 4835 1366 4902 uita
1385 4835 1472 4903 soli.
