3256 5400
176 237 235 301 186
605 235 879 306 EPISTULARUM
899 243 951 306 ΑΙ)
972 242 1064 306 def.

173 395 252 463 sime
273 403 305 460 et
331 413 425 482 quam
451 392 644 459 creberrima
670 407 782 485 potero
817 398 952 465 scribam
983 399 1022 465 ad
1050 408 1091 464 te.
1148 403 1178 464 a.
1207 405 1251 465 Ne
1273 421 1403 466 movear
1424 400 1492 465 eius

173 492 386 569 sermonibus,
408 513 502 580 quem
517 492 639 558 tametsi
652 513 746 558 nemo
767 502 829 568 est,
851 494 905 579 qui
926 493 1034 559 videre
1054 493 1146 568 velit,
1168 503 1270 559 tamen
1293 515 1489 582 nequaqnam

173 587 305 675 proinde
334 608 370 652 ac
400 585 513 671 dignus
542 595 590 652 est
624 585 759 652 oderunt
779 586 940 662 homines,
967 587 1142 673 periculum
1163 608 1226 652 non
1248 596 1312 666 est;
1342 587 1422 653 adeo
1443 599 1492 652 est

174 680 257 745 enim
283 680 402 746 invisus
431 679 524 755 mini,
557 689 592 746 ut
611 680 688 745 nibil
717 701 781 746 non
802 680 948 746 acerbum
970 691 1091 767 putem,
1126 680 1211 767 quod
1232 702 1398 747 commune
1419 702 1490 746 cum

149 773 228 840 ailla
248 774 297 840 sit.
353 779 469 839 Natura
497 783 600 840 autem
627 795 698 839 mea
727 782 759 839 et
779 774 880 839 studia
902 775 1027 841 trabunt
1047 797 1097 840 me
1119 774 1159 840 ad
1180 775 1265 860 pacis
1287 785 1319 840 et
1338 774 1490 841 libertatis

173 867 386 953 cupiditatem,
432 873 540 954 ltaque
561 866 639 932 illud
660 868 783 933 initium
805 868 903 934 civilis
924 868 999 934 belli
1021 889 1115 954 saepe
1136 867 1260 933 deflevi.
1314 872 1391 936 Cum
1414 892 1490 935 vero

172 981 237 1026 uon
264 961 373 1026 liceret
404 961 480 1026 mibi
513 962 626 1027 nullius
658 962 754 1046 partis
781 982 866 1037 esse,
900 961 972 1047 quia
1008 962 1176 1049 utrobique
1197 983 1327 1047 magnos
1347 964 1491 1029 inimicos

173 1052 341 1128 babebam,
378 1076 415 1120 ea
437 1065 537 1120 eastra
559 1055 640 1140 fugi,
672 1055 705 1119 in
727 1053 840 1141 quibus
862 1055 952 1140 plane
974 1063 1075 1121 tutum
1097 1077 1147 1121 me
1168 1054 1209 1120 ab
1231 1055 1352 1121 insidiis
1373 1057 1491 1121 inimici

173 1147 309 1214 sciebam
330 1169 393 1213 non
415 1148 570 1224 futurum;
592 1149 771 1234 compulsus
787 1169 842 1222 eo,
865 1169 929 1234 quo
944 1148 1073 1213 minime
1087 1146 1249 1222 volebam,
1272 1170 1311 1214 ne
1332 1150 1367 1213 in
1388 1160 1492 1215 extre-

137 1241 234 1307 ¹⁰mis
255 1262 374 1317 essem,
396 1242 488 1327 plane
509 1241 649 1326 pericula
670 1262 733 1306 non
755 1239 933 1307 dubitanter
948 1240 1020 1305 adii.
1063 1246 1094 1306 3.
1117 1246 1281 1308 Caesarem
1297 1264 1383 1318 vero,
1406 1245 1492 1331 quod

173 1354 224 1400 me
252 1334 284 1399 in
319 1344 401 1400 tanta
434 1336 559 1400 fortuna
585 1334 681 1399 modo
708 1335 866 1420 cognitum
896 1334 1177 1400 vetustissimorum
1198 1335 1399 1402 familiarium
1420 1338 1491 1402 loco

174 1425 297 1504 babuit,
330 1426 427 1492 dilexi
448 1449 570 1494 summa
592 1449 664 1492 cum
685 1429 799 1513 pietate
821 1437 852 1492 et
873 1425 943 1492 fide.
999 1430 1088 1504 Quae
1114 1451 1184 1494 mea
1206 1430 1357 1494 sententia
1379 1451 1492 1514 gerere

174 1522 250 1588 mibi
271 1521 373 1596 licuit,
394 1522 436 1586 ita
459 1522 539 1596 feci,
562 1532 596 1586 ut
619 1522 755 1607 optimus
777 1521 910 1607 quisque
925 1522 1061 1585 maxime
1077 1522 1230 1606 probarit.
1274 1523 1368 1600 Quod
1389 1523 1492 1589 iussus

174 1636 262 1689 sum,
295 1634 335 1678 eo
367 1624 509 1700 tempore
535 1623 629 1700 atque
656 1615 699 1679 ita
721 1615 796 1691 feci,
829 1625 863 1680 ut
884 1625 1049 1700 appareret
1071 1617 1169 1681 invito
1189 1617 1376 1702 imperatum
1413 1637 1492 1681 esse.

138 1714 270 1780 ¹⁸(iuius
289 1706 362 1772 fecti
383 1708 583 1774 iniustissima
605 1707 722 1773 invidia
753 1709 881 1774 erudire
901 1729 952 1772 me
973 1708 1091 1794 potuit,
1125 1730 1220 1796 quam
1241 1709 1376 1775 iucunda
1398 1709 1494 1774 liber-

173 1819 221 1875 tas
249 1816 280 1872 et
308 1827 401 1894 quam
432 1804 547 1869 misera
568 1800 626 1867 sub
648 1800 858 1869 dominatione
881 1803 941 1867 vita
962 1811 1053 1867 esset
1096 1809 1157 1880 lta,
1194 1803 1222 1870 si
1247 1802 1279 1868 id
1301 1802 1421 1887 agitur,
1458 1812 1494 1868 ut

173 1922 285 1968 rursus
306 1906 338 1966 in
358 1906 511 1986 potestate
532 1897 636 1960 omnia
656 1895 750 1960 unius
771 1895 848 1969 sint,
884 1894 1061 1981 quicunque
1083 1896 1110 1961 is
1132 1906 1195 1971 est,
1218 1896 1248 1963 ei
1269 1917 1320 1960 me
1341 1893 1493 1982 profiteor

174 1996 342 2062 inimicum.
394 1996 459 2056 Nec
489 1989 663 2076 periculum
696 1997 743 2053 est
762 1988 875 2061 ullum,
912 1987 998 2075 quod
1019 2010 1079 2075 pro
1100 1989 1244 2056 libertate
1266 2000 1318 2054 aut
1339 1989 1492 2074 refugiam

174 2098 229 2155 aut
249 2089 410 2173 deprecer.
452 2087 484 2148 t.
506 2082 569 2148 Sed
589 2081 733 2147 consules
754 2102 856 2168 neque
877 2091 1001 2149 senatus
1023 2083 1165 2149 consulto
1186 2104 1289 2169 neque
1304 2082 1414 2147 litteris
1428 2082 1493 2146 suis

136 2188 398 2268 npraeceperant
418 2176 511 2251 mihi,
534 2174 610 2263 quid
633 2174 779 2240 facerem.
822 2178 902 2239 Unas
924 2176 1007 2241 enim
1027 2186 1099 2263 post
1119 2177 1192 2242 Idus
1213 2176 1341 2242 Martias
1367 2174 1493 2240 demum

174 2281 311 2341 aPansa
332 2274 449 2339 litteras
471 2269 591 2355 accepi,
627 2268 660 2334 in
682 2266 797 2355 quibam
817 2266 961 2334 hortatur
981 2290 1051 2345 me,
1088 2278 1123 2335 ut
1144 2270 1265 2336 senatui
1287 2267 1421 2334 scribam
1442 2290 1493 2335 me

174 2378 206 2434 et
226 2366 401 2433 exercitum
420 2365 454 2429 in
474 2371 625 2448 potestate
647 2362 715 2426 eius
736 2360 887 2426 futurum.
941 2361 1050 2439 Quod,
1083 2382 1154 2429 cum
1177 2361 1313 2448 Lepidus
1334 2362 1495 2428 contiona-

173 2470 264 2527 retur
284 2470 378 2547 atqne
399 2455 545 2523 omnibus
566 2453 718 2520 scriberet
738 2474 772 2519 se
793 2458 970 2520 consentire
992 2476 1063 2522 cum
1084 2457 1234 2529 Antonio,
1264 2456 1399 2521 maxime
1420 2476 1495 2520 con·

174 2555 306 2619 uarium
327 2551 396 2616 fuit.
438 2553 514 2613 Nam
536 2545 650 2635 quibus
671 2545 896 2613 commeatibus
918 2549 1016 2615 invito
1041 2549 1096 2615 illo
1116 2570 1175 2636 per
1195 2550 1278 2616 illius
1298 2549 1494 2636 provinciam

136 2645 316 2731 ”legiones
337 2643 508 2709 duoeremt
541 2648 609 2716 aut,
632 2639 660 2705 si
681 2651 784 2707 cetera
805 2642 1004 2718 transissem,
1026 2664 1101 2709 num
1123 2645 1218 2709 etiam
1238 2643 1331 2729 Alpes
1352 2652 1493 2729 poteram

173 2738 384 2812 transvolare,
418 2756 497 2823 quae
525 2733 683 2820 praesidio
714 2734 799 2801 illius
826 2742 993 2801 tenentur?
1025 2735 1113 2802 Adde
1134 2737 1212 2809 buc,
1250 2735 1337 2824 quod
1358 2735 1494 2822 perferri

173 2832 294 2898 litterae
330 2831 414 2897 nulla
446 2828 628 2895 condicione
658 2836 842 2914 potuemnt;
877 2829 1032 2895 sexcentis
1060 2830 1145 2896 enim
1169 2830 1248 2896 locis
1276 2831 1492 2906 excutiuntur,

174 2924 287 2991 deinde
308 2925 402 2990 etiam
423 2922 599 2988 retinentur
618 2919 659 2985 ab
680 2921 800 3006 Lepido
821 2920 985 2988 tabellarii.
1028 2928 1058 2988 5.
1080 2921 1160 2988 Illud
1182 2944 1232 2989 me
1247 2923 1413 2990 Cordubae
1434 2943 1494 3009 pro

173 3018 320 3084 contione
342 3016 459 3081 dixisse
479 3035 572 3080 nemo
594 3013 718 3080 vocabit
738 3015 770 3080 in
791 3015 936 3091 dubium,
958 3017 1151 3101 provinciam
1173 3038 1223 3082 me
1243 3017 1341 3093 nulli,
1363 3016 1424 3082 nisi
1438 3015 1493 3103 qui

137 3111 214 3177 anab
236 3120 345 3176 senatu
366 3110 479 3174 missus
500 3107 650 3183 venisset,
687 3107 885 3176 traditurum.
941 3114 1018 3174 Nam
1039 3111 1079 3175 de
1107 3111 1232 3195 legione
1254 3111 1411 3176 tricesima
1431 3119 1495 3174 tra-

173 3205 274 3271 denda
306 3212 436 3291 quantam
469 3203 683 3267 contentiones
717 3200 881 3267 habuerim
913 3202 989 3289 quid
1017 3224 1077 3288 ego
1110 3203 1266 3269 scribam?
1302 3225 1364 3290 qua
1380 3202 1493 3269 tradita

175 3308 291 3386 quanto
312 3318 372 3382 pro
393 3317 428 3361 re
449 3294 574 3381 publica
595 3293 749 3360 infirmior
769 3295 893 3362 futurus
908 3296 1036 3372 fuerim,
1059 3296 1130 3384 quis
1151 3297 1298 3382 ignorat?
1331 3302 1396 3363 Hac
1409 3296 1493 3361 enim

174 3391 298 3477 legione
319 3391 385 3456 noli
402 3389 505 3455 acrius
528 3398 580 3453 aut
601 3387 772 3473 pugnacius
787 3389 957 3475 quidquam
971 3399 1083 3474 putare
1098 3410 1177 3454 esse.
1221 3394 1327 3468 Quare
1349 3411 1420 3456 eum
1443 3410 1494 3452 me

175 3484 320 3549 existima
341 3503 425 3558 esse,
448 3482 503 3568 qui
523 3480 661 3566 primum
682 3480 767 3567 pacis
788 3481 1007 3566 cupidissimus
1028 3482 1087 3548 sim
1110 3515 1150 3526 -
1172 3504 1281 3550 omnes
1303 3486 1386 3550 enim
1409 3484 1494 3550 cives

137 3578 266 3662 oplane
288 3575 399 3642 studeo
430 3595 498 3640 esse
534 3574 637 3640 salvos
658 3609 716 3650 -,
738 3573 851 3640 deinde
873 3576 927 3661 qui
950 3587 981 3641 et
1001 3598 1052 3642 me
1074 3584 1105 3641 et
1125 3598 1192 3641 rem
1215 3576 1371 3662 publicam
1394 3575 1496 3642 vindi-

175 3690 247 3735 care
268 3670 300 3735 in
320 3669 497 3735 libertatem
518 3676 644 3754 paratus
665 3667 734 3732 sim·
788 3672 818 3732 6.
841 3668 935 3745 Quod
955 3669 1140 3734 familiarem
1162 3685 1266 3735 meum
1287 3680 1415 3736 tuorum
1438 3692 1496 3734 nu·

175 3784 265 3829 mero
286 3761 398 3838 habes,
427 3761 576 3848 opinione
609 3768 662 3825 tua
682 3758 760 3825 mibi
782 3767 900 3846 gratius
921 3771 978 3828 est.
1033 3762 1161 3829 Invideo
1182 3764 1227 3829 illi
1248 3772 1372 3840 tamen,
1409 3761 1496 3850 quod

175 3857 314 3925 ambadat
334 3868 366 3924 et
386 3858 508 3923 iocatur
526 3867 639 3921 tecum.
683 3856 841 3931 Quaeres,
863 3855 971 3942 quanti
986 3855 1167 3922 aestimem?
1201 3856 1234 3922 si
1248 3878 1385 3943 unquam
1399 3856 1497 3922 licue-

175 3951 218 4018 rit
238 3952 346 4019 vivcre
367 3951 400 4017 in
421 3951 505 4025 otio,
528 3947 715 4036 experieris;
737 3947 858 4013 nullum
879 3948 962 4013 enim
983 3949 1150 4034 vestigium
1172 3949 1228 4015 abs
1248 3959 1279 4015 te
1301 3950 1495 4015 discessurus

138 4063 256 4111 susum.
312 4044 393 4112 Illud
413 4045 615 4112 vehementer
636 4040 791 4115 admiror,
826 4062 890 4107 non
912 4042 1074 4129 scripsisse
1095 4053 1125 4108 te
1146 4043 1246 4118 mibi,
1285 4042 1440 4107 manendo
1462 4042 1495 4108 in

178 4137 336 4224 provincia
364 4158 404 4202 an
432 4135 574 4202 ducendo
610 4138 784 4199 exercitum
810 4133 844 4199 in
874 4135 994 4201 ltaliam
1023 4137 1072 4202 rei
1092 4136 1235 4225 publicae
1257 4137 1355 4222 magis
1376 4136 1497 4203 satisfa-

177 4251 249 4299 cere
279 4230 408 4317 possim.
460 4233 528 4316 Ego
557 4227 699 4315 quidem,
734 4226 793 4292 etsi
827 4227 904 4293 mibi
936 4229 1031 4295 tutius
1052 4251 1089 4297 ae
1108 4231 1212 4296 minus
1233 4224 1427 4296 laboriosum
1448 4240 1497 4296 est

247 4450 274 4498 1.
293 4462 411 4498 moveare
429 4448 466 4499 u.
497 4472 527 4484 -
563 4448 589 4497 3.
608 4447 717 4509 perinde
735 4445 892 4498 Cratander.
924 4475 957 4485 -
993 4450 1019 4500 7.
1045 4450 1181 4514 utrubique
1199 4449 1235 4500 u.
1268 4473 1299 4486 -
1336 4449 1496 4501 19.th

177 4519 231 4568 ants
249 4518 292 4569 u:
322 4519 416 4567 ltttem
433 4517 463 4567 Ε.
497 4541 528 4553 -
563 4517 609 4567 28.
629 4516 663 4565 ab
682 4515 726 4566 u:
746 4530 764 4566 a
782 4517 812 4566 Ε.
846 4542 875 4553 -
913 4519 955 4569 29.
981 4519 1066 4580 nemo]
1084 4533 1117 4569 ne
1135 4519 1172 4570 u.
1199 4544 1232 4554 -
1269 4519 1312 4569 30.
1332 4519 1496 4569 tradtturanr

178 4587 215 4640 u.
238 4614 266 4624 -
305 4591 454 4638 tricensima
471 4587 517 4648 Μ,
536 4588 671 4652 anquene
690 4585 720 4634 Ε.
739 4611 772 4620 -
808 4586 851 4637 31.
872 4592 1047 4640 contentiones
1064 4591 1199 4639 tabuerint
1211 4588 1344 4640 Orelliue:
1364 4591 1496 4639 contiones

178 4657 312 4708 menno
329 4658 375 4718 u,
400 4657 533 4707 tabuerint
551 4657 727 4706 contentiones
744 4657 775 4706 Ε.
802 4682 831 4693 -
869 4657 912 4707 33.
930 4667 1026 4721 putare
1044 4672 1096 4708 esse
1113 4658 1155 4708 u:
1174 4666 1268 4721 putare
1286 4659 1317 4709 Ε.
1337 4681 1369 4695 -
1404 4658 1449 4708 so.
1466 4660 1496 4707 tn

179 4734 284 4778 summ
311 4727 468 4778 Lambinus.
496 4753 525 4764 -
563 4726 606 4777 ³8.
634 4726 705 4788 Quae
729 4726 833 4786 rau,
864 4729 935 4789 Quas
962 4743 1002 4779 res
1028 4729 1059 4780 N.
1096 4730 1169 4779 fort.
1193 4729 1321 4791 Quaeres,
1352 4730 1447 4792 quenti
1466 4728 1496 4777 ta

177 4798 318 4848 minen.
344 4797 396 4848 Oa.
430 4823 458 4834 -
496 4796 540 4848 ³9.
559 4797 715 4847 annnam
731 4794 778 4847 u:
803 4808 947 4848 coemeras
964 4799 995 4869 Ε.
1021 4824 1052 4836 -
1088 4798 1133 4850 tl.
1150 4799 1290 4862 nonme
1307 4798 1364 4849 Vbs
1388 4799 1496 4862 μσυιο-

178 4867 247 4918 etmn
266 4866 316 4928 u,
333 4869 502 4931 pronianum
519 4866 550 4918 Ε.
1361 4907 1369 4920 .
