3256 5400
556 257 629 319 Lus.
651 256 691 318 X.
733 256 792 319 ΕΡ.
816 255 866 319 13.
890 255 939 318 ld.
963 256 1011 318 15.
1401 259 1461 322 173

143 411 229 477 beas.
286 414 336 476 Me
359 419 429 475 tuae
455 410 613 495 dignitatis
640 432 703 476 uon
724 409 820 474 modo
842 409 995 474 fautorem
1018 410 1073 475 sed
1095 411 1188 475 etiam
1208 412 1461 497 amplificatorem

143 519 324 587 cognosces.
374 501 408 567 ld
434 523 505 567 cum
532 504 581 567 rei
605 503 763 589 publicae,
800 525 881 592 quae
907 505 982 569 mibi
1001 506 1063 571 vita
1080 515 1127 569 est
1152 527 1220 569 mea
1245 506 1365 577 carior,
1395 516 1462 570 tum

144 607 268 660 nostrae
290 597 509 661 necessitudini
539 597 655 662 debere
678 619 728 662 me
752 597 867 663 iudico.
910 605 1011 683 Atque
1040 599 1072 663 in
1095 599 1142 663 his
1162 599 1260 673 curis,
1290 619 1366 685 quas
1387 618 1462 663 oon-

143 689 198 755 tuli
221 690 261 755 ad
287 690 467 774 dignitatem
489 701 593 762 tuam,
614 691 683 776 cepi
702 712 846 775 maguam
865 692 1069 776 voluptatem,
1099 693 1183 777 quod
1205 693 1285 756 bene
1306 689 1461 774 cognitam

143 781 218 847 mibi
247 788 281 849 T.
307 783 436 849 Munatii
464 783 672 869 prudentiam
703 794 735 849 et
758 784 850 849 iidem
873 785 971 869 magis
992 785 1084 849 etiam
1110 786 1256 871 perspexi
1278 783 1395 849 ineius
1415 782 1484 849 iu·s

141 875 284 942 credibili
304 897 378 962 erga
400 888 430 942 tc
451 876 666 942 benevolentia
700 890 731 943 et
752 877 921 961 diligentia.
965 899 1016 943 ιιι.
1039 878 1111 943 ldus
1132 877 1262 964 Apriles.

604 1049 691 1109 xm.
733 1045 782 1128 (ι.
807 1051 839 1111 ιι.
862 1048 894 1110 c.
916 1048 1013 1128 ιιι).

638 1160 780 1224 crcuxo
801 1159 964 1223 manco,

242 1281 270 1342 1.
293 1281 329 1343 ut
349 1277 484 1363 primum
502 1287 639 1363 potestas
660 1278 729 1343 data
750 1288 798 1344 est
814 1279 973 1364 augendae
992 1276 1147 1362 dignitatis
1167 1286 1252 1351 tuac,
1274 1276 1349 1341 nibil
1372 1298 1463 1362 prae-

140 1372 260 1440 termisi
286 1372 318 1436 in
344 1379 374 1434 te
403 1370 560 1446 ornando,
602 1370 686 1457 quod
709 1374 845 1458 positum
867 1382 948 1438 esset
972 1371 1075 1438 autin
1094 1372 1235 1457 praemio
1260 1371 1382 1434 virtutis
1408 1379 1497 1435 autre

141 1468 173 1531 in
194 1466 314 1530 bonore
340 1462 520 1530 verborum.
573 1464 609 1529 ld
634 1485 675 1529 ex
698 1466 767 1552 ipso
791 1478 915 1532 senatus
940 1466 1082 1531 consulto
1104 1465 1224 1551 poteris
1251 1482 1459 1545 cognoscere;

141 1561 181 1626 ita
204 1559 287 1623 enim
307 1568 355 1624 est
378 1563 602 1646 perscriptum,
635 1569 704 1624 uta
728 1561 838 1625 mede
859 1565 976 1646 scripto
998 1558 1078 1623 dicta
1101 1557 1252 1622 sententia
1276 1564 1344 1629 est,
1367 1576 1460 1641 quam

141 1662 267 1718 senatus
291 1652 438 1740 frequens
460 1664 584 1719 secutus
606 1665 654 1719 est
674 1675 797 1719 summo
814 1653 918 1718 studio
941 1672 1118 1738 magnoque
1135 1670 1298 1714 consensu.
1341 1653 1371 1712 1.
1393 1653 1461 1733 Ego

141 1767 328 1833 quamquam
351 1768 391 1811 ex
418 1747 479 1811 tuis
499 1747 626 1821 litteris,
648 1768 725 1833 quas
744 1747 820 1812 mibi
845 1746 976 1819 misisti,
998 1765 1221 1832 perspexeram
1244 1753 1274 1808 tc
1294 1743 1392 1827 magis
1412 1743 1461 1808 iu·

142 1840 225 1906 dicio
248 1838 403 1904 bonorum
426 1862 520 1927 quam
547 1840 722 1925 insignibus
750 1840 870 1924 gloriae
887 1839 1053 1914 delectari,
1076 1848 1178 1903 tamen
1199 1835 1458 1902 considerandum
1472 1858 1498 1897 as

142 1932 232 1998 nobis
256 1933 445 2009 existimavi,
486 1934 606 1999 etiamsi
630 1943 662 1998 tu
687 1933 763 1998 nibil
788 1934 974 2020 postulares,
997 1942 1146 2020 quantum
1167 1928 1222 1995 tibi
1244 1950 1262 1992 a
1282 1928 1459 2014 republica

142 2025 320 2090 deberetur.
346 2086 350 2094 ,
373 2032 419 2092 Τιι
441 2037 589 2092 contexes
611 2038 750 2092 extrema
773 2048 843 2091 cum
866 2028 984 2113 primis.
1035 2025 1097 2103 Qui
1120 2025 1203 2089 enim
1225 2027 1265 2088 M.
1292 2022 1460 2086 Antonium

145 2119 351 2204 oppresserit,
385 2120 411 2184 is
444 2119 558 2186 bellum
588 2120 766 2187 coniecerit.
816 2126 923 2206 ltaque
961 2126 1117 2186 Homerus
1150 2140 1211 2182 non
1247 2117 1372 2182 Aiacem
1403 2136 1460 2182 nec

142 2211 291 2276 Achillem
324 2213 379 2278 scd
403 2213 520 2278 Ulixem
545 2215 710 2300 appellarit
732 2223 959 2300 πτολίπορθον.
1004 2214 1087 2280 Vale.

605 2385 684 2446 XIV.
727 2382 776 2463 (A.
802 2385 833 2447 ιι.
857 2384 888 2446 C.
910 2381 996 2462 711.)
1468 2392 1497 2434 ιο

621 2495 763 2560 CICERO
786 2495 937 2560 PLANCO
961 2496 992 2558 S.

228 2620 256 2680 1.
279 2618 305 2680 O
328 2624 445 2700 gratam
466 2614 580 2678 lamam
602 2612 699 2678 biduo
725 2625 795 2677 ante
816 2614 978 2679 victoriam
1006 2613 1044 2678 de
1066 2610 1205 2677 subsidio
1229 2621 1299 2683 tuo,
1337 2609 1376 2674 de
1394 2620 1458 2675 stu-

143 2709 215 2782 dio,
252 2708 292 2773 do
314 2708 492 2780 celeritate,
529 2707 567 2771 de
599 2706 712 2787 copiisl
755 2712 855 2794 Atque
877 2707 970 2771 etiam
996 2704 1137 2771 hostibus
1159 2704 1236 2770 lusis
1261 2725 1331 2789 spes
1357 2703 1459 2768 omnis

143 2803 242 2866 estin
270 2812 310 2866 te.
365 2801 493 2885 Fugisse
516 2800 599 2864 enim
624 2822 663 2864 ex
686 2800 809 2885 proelio
832 2799 998 2865 Mutinensi
1018 2798 1163 2864 dicuntur
1186 2798 1339 2862 notissimi
1365 2799 1460 2863 latro-

144 2917 217 2959 num
237 2895 342 2960 duces.
396 2899 450 2959 Est
474 2903 659 2959 autemnon
680 2893 782 2958 minus
804 2902 926 2979 gratum
946 2902 1086 2957 extrema
1108 2892 1214 2957 delere
1243 2913 1335 2977 quarn
1358 2890 1497 2976 primata

143 2987 311 3073 depellere.
354 2991 383 3052 1.
405 2986 556 3073 Equidem
576 2977 797 3072 exspectabam
818 2987 878 3050 iam
901 2997 969 3051 tuas
991 2986 1108 3051 litteras
1127 2985 1222 3072 idque
1244 3006 1315 3048 cum
1337 2981 1459 3059 multis;

144 3081 370 3167 sperabamque
392 3082 485 3146 etiam
506 3080 656 3167 Lepidum
681 3079 728 3144 rei
750 3079 892 3166 publicae
918 3078 1112 3165 temporibus
1133 3078 1325 3143 admonitum
1357 3087 1460 3141 tecum

143 3185 267 3241 etcum
297 3197 332 3239 re
355 3174 480 3260 publica
499 3195 567 3239 esse
598 3173 763 3239 iacturum.
816 3179 852 3240 ln
880 3174 964 3238 illam
989 3173 1085 3257 igitur
1109 3193 1215 3237 curam
1234 3170 1394 3244 incumbe,
1417 3167 1461 3233 mi

143 3268 271 3339 Plance,
309 3279 343 3333 ut
365 3290 403 3332 ne
425 3289 505 3354 quae
527 3267 657 3332 scintilla
685 3266 838 3332 teterrimi
872 3266 946 3332 belli
971 3266 1175 3353 relinquatur.
1228 3262 1320 3342 Quod
1351 3262 1378 3327 si
1400 3260 1461 3325 erit

145 3361 274 3433 lactum,
312 3371 343 3425 et
374 3382 440 3425 rem
479 3360 633 3447 publicam
663 3360 769 3426 divino
798 3359 951 3426 beneficio
979 3359 1121 3425 affeceris
1149 3369 1180 3423 et
1209 3364 1275 3445 ipse
1302 3366 1460 3422 aeternam
1470 3385 1496 3424 sn

143 3455 276 3538 gloriam
297 3476 500 3542 consequere.
543 3459 579 3520 Ι).
603 3475 655 3520 ιιι.
676 3459 754 3519 Non.
776 3455 847 3519 Mai.

615 3617 678 3678 ιιι.
722 3612 770 3698 (ι.
796 3617 828 3679 ιι.
851 3617 883 3679 c,
906 3613 991 3696 nr.)

603 3729 775 3791 rolucus
805 3728 996 3793 cremona

232 3851 257 3912 l.
281 3846 336 3911 llis
369 3847 481 3911 litteris
512 3846 651 3932 scriptis,
688 3868 768 3932 quae
801 3859 909 3933 postea
946 3845 1130 3912 accidissent
1166 3845 1247 3912 scire
1277 3855 1307 3911 te
1328 3846 1368 3911 ad
1392 3865 1460 3911 rem

144 3940 300 4027 publicam
337 3940 443 4025 putavi
475 3940 643 4025 pertinere.
697 3939 852 4006 Sedulitas
874 3962 962 4014 mea,
999 3950 1033 4006 ut
1052 3961 1165 4026 spero,
1199 3951 1229 4005 ct
1257 3939 1332 4003 mibi
1357 3948 1389 4002 et
1414 3937 1499 4003 reias

146 4034 286 4120 publicae
319 4034 388 4100 tulit
413 4033 559 4098 fructum.
612 4039 751 4119 Namque
773 4033 904 4099 assiduis
925 4033 1124 4099 internuntiis
1153 4055 1224 4099 cum
1249 4034 1368 4119 Lepido
1389 4032 1462 4116 egi,

146 4138 196 4200 ut,
218 4128 333 4192 omissa
362 4127 448 4191 omui
471 4127 669 4192 contentione
690 4126 951 4214 reconciliataque
976 4128 1132 4193 voluntate
1155 4138 1282 4201 nostra,
1304 4125 1462 4192 communi

145 4221 275 4286 consilio
304 4221 350 4285 rei
387 4218 529 4305 publicae
556 4231 769 4298 succurreret;
805 4242 857 4296 se,
891 4220 1009 4285 liberos
1037 4219 1213 4306 urbemque
1241 4221 1340 4305 pluris
1370 4239 1464 4306 quam

146 4335 241 4379 ιιιιιιιιι
262 4314 420 4398 perditum
439 4312 656 4400 abiectumque
677 4315 828 4379 latronem
851 4325 989 4401 putarem
1022 4314 1239 4401 obsequioque
1264 4333 1350 4385 meo,
1373 4310 1400 4376 si
1421 4311 1464 4378 ita

213 4535 239 4583 1.
257 4534 372 4594 primum
389 4533 453 4582 mibi
469 4539 585 4594 potestas
602 4532 687 4583 Codd.
706 4533 820 4596 aliquot.
840 4534 888 4583 Vb.
903 4559 931 4567 -
953 4534 995 4583 10.
1015 4539 1051 4582 est
1070 4533 1107 4583 M·
1135 4557 1164 4568 -
1185 4533 1228 4581 15.
1248 4532 1464 4580 considerandam

144 4602 219 4650 nodis
236 4603 285 4652 M:
305 4603 521 4652 considerandum
537 4603 567 4652 li.
590 4628 617 4639 —
658 4603 701 4653 ti).
730 4603 829 4653 Uliasm
848 4604 893 4653 M:
923 4604 1035 4667 Ulyssem
1055 4603 1084 4651 E.
1115 4626 1144 4636 -·
1180 4602 1355 4664 ptotr'ports‘on
1372 4600 1410 4650 Μ.
1432 4623 1462 4634 -

145 4672 189 4721 13.
210 4673 288 4734 Atqui
308 4672 356 4721 Vb.
379 4695 408 4706 -
446 4671 490 4721 14.
510 4678 547 4721 est
572 4673 601 4720 in
619 4673 706 4723 th:
725 4675 755 4722 in
773 4680 797 4723 te
814 4681 852 4723 est
872 4674 902 4722 ll.
922 4697 952 4707 -
990 4673 1034 4721 16.
1054 4672 1200 4734 spectabam
1219 4672 1256 4719 Μ.
1277 4695 1306 4706 -
1344 4671 1388 4718 17.
1408 4682 1462 4731 rep.

146 4741 302 4802 temporibus
328 4742 364 4792 M.
385 4765 415 4776 -
453 4747 534 4791 tecum
562 4748 586 4791 st
613 4757 670 4791 cum
693 4756 722 4792 rs
737 4758 766 4806 p.
791 4757 842 4793 esse
864 4745 996 4805 facturum
1021 4742 1153 4792 Orellius:
1185 4749 1265 4789 tectam
1283 4748 1305 4788 et
1327 4742 1392 4800 reip.
1412 4750 1464 4788 σιω

145 4813 275 4874 fracturum
294 4811 340 4868 M,
374 4817 457 4860 tecum
474 4813 512 4860 ras·
536 4811 655 4873 publicas
685 4815 750 4864 sotis
778 4828 831 4864 essa
854 4815 987 4876 tertiarum
1014 4813 1043 4861 li.
1076 4835 1106 4847 -
1153 4812 1197 4860 19.
1225 4824 1256 4858 ne
1275 4823 1340 4873 quos
1359 4823 1399 4872 pr.
1418 4807 1462 4858 M:

145 4895 224 4946 neque
243 4893 313 4930 corr.
333 4880 378 4943 M,
397 4895 429 4931 ns
446 4895 499 4944 qua
517 4881 548 4930 li.
